Quarters,Year,Quarter,FillingDate,Date,NetIncome,Revenue,OperatingIncome,EPSDiluted,GrossProfit,GrossProfitRatio,TotalAssets,CommonStockEquity,CurrentAssets,CurrentLiability,TotalLiability,Inventory,RetainedEarnings,MarketCap,EnterpriseValue,bookValuePerShare,currentRatio,debtToAssets,debtToEquity,roic,shareholdersEquityPerShare,roe,priceToSalesRatio,peRatio,pbRatio,payoutRatio,inventoryTurnover,dividendYield,assetTurnover,quickRatio,returnOnAssets,priceToFreeCashFlowsRatio,grossProfitMargin,epsdilutedGrowth,fiveYNetIncomeGrowthPerShare,fiveYRevenueGrowthPerShare,fiveYShareholdersEquityGrowthPerShare,grossProfitGrowth,netIncomeGrowth,operatingIncomeGrowth,threeYNetIncomeGrowthPerShare,threeYRevenueGrowthPerShare,threeYShareholdersEquityGrowthPerShare,Industry,Sector,Symbol
2023Q4,2023,Q4,2023-05-23,2023-03-31,-5102000.0,62407000.0,-7112000.0,-0.25,17382000.0,0.2785264474,164117000.0,123795000.0,131451000.0,36497000.0,40322000.0,19023000.0,105488000.0,330142959.99999994,226056959.99999994,6.0895764671159425,3.6016932898594405,0.0,0.0,-0.04861651391565965,6.0895764671159425,-0.041213296175128235,5.2901591167657465,-16.177134457075656,2.6668521345773253,-1.202469619756958,2.3668716816485307,0.01858285877124262,0.38025920532303176,2.899580787461983,-0.031087577764643517,42.364039522648525,0.2785264473536623,-276.77777777777777,-1.5021648521901145,-0.0709097599033787,0.07209926914558175,0.14070087938049614,-267.5263157894737,-8.248374512353706,-1.716180897631084,-0.17416604176272185,-0.06396357111879854,Pharmaceutical Retailers,Healthcare,PETS
2023Q3,2023,Q3,2023-02-07,2022-12-31,-19000.0,58870000.0,-769000.0,-0.0009,15238000.0,0.2588415152,165121000.0,133585000.0,134019000.0,31071000.0,31536000.0,22402000.0,116908000.0,359327700.0,256899700.0,6.580217723264864,4.313314666409192,0.0,0.0,0.0005524043065683224,6.580217723264864,-0.0001422315379720777,6.103748938338712,-4727.996052631579,2.6898806003668074,-320.8421052631579,1.9476832425676278,0.016965015499779173,0.35652642607542345,3.359145183611728,-0.00011506713258761756,29.998973117381865,0.25884151520298965,-1.006923076923077,-1.0021031229336526,-0.01739659908429705,0.2186275319142284,-0.1741369031488808,-1.0073671965878248,-1.259709557581898,-1.0027344027935132,-0.03278402264068135,0.02966933663554182,Pharmaceutical Retailers,Healthcare,PETS
2023Q2,2023,Q2,2022-11-08,2022-09-30,2579000.0,65394000.0,2961000.0,0.13,18451000.0,0.2821512677,169265000.0,138153000.0,138216000.0,30565000.0,31112000.0,34022000.0,123246000.0,395494720.0,298948720.0,6.818666403435171,4.522035007361361,0.0,0.0,0.015311658259652028,6.818666403435171,0.018667708989308956,6.04787472856837,38.33799146956184,2.8627298719535585,2.420317952694843,1.3797836693903944,0.015782764432354497,0.38634094467255486,3.2107312285293634,0.01523646353351254,-150.6072810357959,0.28215126770040067,-0.07142857142857148,-0.7043149062271603,-0.015484297236794878,0.330033095707584,-0.07481321767036053,-0.07063063063063063,-0.1515759312320917,-0.6187444990658849,-0.07869793616773992,0.08384388540402031,Pharmaceutical Retailers,Healthcare,PETS
2023Q1,2023,Q1,2022-08-02,2022-06-30,2775000.0,70187000.0,3490000.0,0.14,19943000.0,0.2841409378,164739000.0,140200000.0,134186000.0,23897000.0,24539000.0,22575000.0,126974000.0,402139200.0,296725200.0,6.93784639746635,5.615181821986023,0.0,0.0,0.018154560502079815,6.93784639746635,0.019793152639087017,5.729539658341288,36.22875675675675,2.8683252496433664,2.185225225225225,2.2256478405315616,0.015079355606217947,0.42604969072290105,4.485751349541784,0.01684482727223062,74.49781400518711,0.28414093778050065,-0.5333333333333333,-0.699582540159316,-0.11517852271523099,0.4216731825770176,0.028148682785997834,-0.5425321463897131,-0.5054555760238062,-0.47993492606704974,-0.12135848918014655,0.1354247458629409,Pharmaceutical Retailers,Healthcare,PETS
2022Q4,2022,Q4,2022-05-24,2022-03-31,6066000.0,66002000.0,7057000.0,0.3,19397000.0,0.2938850338,176319000.0,142186000.0,150995000.0,33197000.0,34133000.0,32455000.0,130496000.0,521366400.0,410286400.0,7.036124307205068,4.5484531734795315,0.0,0.0,0.04049889090813046,7.036124307205068,0.042662428087153446,7.899251537832187,21.48724035608309,3.6667913859311043,0.9993405868776789,1.4359882914805115,0.01162713976197929,0.3743328852817904,3.4037111787209686,0.034403552651727835,63.3418053699429,0.29388503378685493,0.42857142857142855,-0.18944298765054554,0.0498134102629267,0.526807172460796,0.09433004231311706,0.4249471458773784,0.3022697914744418,-0.07071303585481811,0.03657268519531924,0.07051695262057502,Pharmaceutical Retailers,Healthcare,PETS
2022Q3,2022,Q3,2022-02-04,2021-12-31,4257000.0,60717000.0,5419000.0,0.21,17725000.0,0.2919281256,168429000.0,140902000.0,142904000.0,26265000.0,27527000.0,27640000.0,130721000.0,510454080.00000006,401543080.00000006,6.972585114806018,5.440852845992766,0.0,0.0,0.02967043731072505,6.972585114806018,0.030212488112305005,8.407103117742972,29.977336152219877,3.622759648550056,1.4242424242424243,1.555426917510854,0.01187765998461605,0.36049017686977897,4.194860079954312,0.025274744847977485,60.681654778887314,0.29192812556615116,-0.32258064516129037,-0.11538883236156132,0.1510650909128651,0.5798597788238102,-0.07557108584541566,-0.3295007087730351,-0.32991220477309263,-0.44588015091234035,0.0245599252161881,0.07497825427578067,Pharmaceutical Retailers,Healthcare,PETS
2022Q2,2022,Q2,2021-11-02,2021-09-30,6349000.0,67386000.0,8087000.0,0.31,19174000.0,0.2845398154,159386000.0,141487000.0,133445000.0,16272000.0,17899000.0,19733000.0,132746000.0,542182860.0,435620860.0,7.011943701060561,8.200897246804326,0.0,0.0,0.04355912001653762,7.011943701060561,0.044873380593270056,8.045927343958686,21.349143959678692,3.832033048972697,0.9806268703732871,2.4432169462321998,0.011483210664387287,0.4227849371964915,6.6627335299901675,0.03983411341021169,541.1006586826347,0.2845398153919212,0.40909090909090906,0.29957550084306805,0.11156283585473897,0.6129287986819539,-0.11965105601469238,0.43383017163504967,0.5712065280746066,-0.4011648864171375,-0.04283461733126577,0.10508548112539384,Pharmaceutical Retailers,Healthcare,PETS
2022Q1,2022,Q1,2021-07-30,2021-06-30,4428000.0,79312000.0,5147000.0,0.22,21780000.0,0.2746116603,173323000.0,140347000.0,147183000.0,31862000.0,32976000.0,29174000.0,132489000.0,640471650.0,528685650.0,6.9793127455368245,4.61938986880924,0.0,0.0,0.028056282397579395,6.9793127455368245,0.03155037157901487,8.07534357978616,36.160323509485096,4.563486572566568,1.3624661246612466,1.9720298896277508,0.009419620681102745,0.45759651056120654,3.576297784194338,0.02554767688073712,-712.4267519466074,0.2746116602783942,-0.35294117647058826,-0.32607607013116097,0.09807242034217556,0.6308255527884337,0.06130006821947179,-0.3499706400469759,-0.3863121497555741,-0.6428358151934617,-0.07894167199564515,0.14976319621988457,Pharmaceutical Retailers,Healthcare,PETS
2021Q4,2021,Q4,2021-05-25,2021-03-31,6812000.0,71679000.0,8387000.0,0.34,20522000.0,0.2863042174,187497000.0,141281000.0,161187000.0,44935000.0,46216000.0,34420000.0,134141000.0,707017500.0,588299500.0,7.028905472636816,3.587114721264048,0.0,0.0,0.04569864540929276,7.028905472636816,0.04821596676127717,9.863662997530657,25.947500733998822,5.004335331714809,0.8291250733998825,1.4862579895409647,0.007988486847921021,0.38229411670586727,2.6995660398353176,0.03633124796663413,39.575566750629726,0.2863042174137474,-0.1052631578947368,0.26054320497916483,0.29737937263422926,0.7025843269977416,0.045813586097946286,-0.10497963473919328,-0.11116998728274692,-0.32188952126336795,0.07928586250885139,0.23747266510248002,Pharmaceutical Retailers,Healthcare,PETS
2021Q3,2021,Q3,2021-01-26,2020-12-31,7611000.0,65896000.0,9436000.0,0.38,19623000.0,0.2977874226,167371000.0,139127000.0,141009000.0,26921000.0,28244000.0,28165000.0,133000000.0,644213640.0,537712640.0,6.923808101920971,5.237881207978901,0.0,0.0,0.05315624317210888,6.923808101920971,0.054705413039884423,9.776217676338472,21.160610957824204,4.6303998504963095,0.7391932728944948,1.6429256169004083,0.008733127724523188,0.3937121723596083,4.024070428290182,0.0454738276045432,111.39782811689435,0.2977874226053175,-0.09523809523809519,0.5603920774812369,0.29706180140507066,0.7246381973811185,-0.14749326613954297,-0.09522111269614836,-0.0988444274663356,-0.1488544880544231,0.11120532366617536,0.28225896672994744,Pharmaceutical Retailers,Healthcare,PETS
2021Q2,2021,Q2,2020-11-03,2020-09-30,8412000.0,75436000.0,10471000.0,0.42,23018000.0,0.3051328278,158949000.0,136409000.0,132620000.0,21162000.0,22540000.0,21451000.0,131063000.0,634392060.0,528048060.0,6.799033045905398,6.266893488328136,0.0,0.0,0.059376573646040647,6.799033045905398,0.061667485283229115,8.40967257012567,18.85378209700428,4.6506613200008795,0.6917498811222064,2.4436156822525756,0.009172561207654459,0.4745924793487219,5.129760892165201,0.05292263556235019,25.033227843106307,0.30513282782756246,0.07692307692307684,0.8743701896998688,0.3340304493028537,0.726784855407249,-0.14063841702445398,0.08290422245108137,0.12676207898418165,-0.026037229303037864,0.1469075183330354,0.32620345897960124,Pharmaceutical Retailers,Healthcare,PETS
2021Q1,2021,Q1,2020-08-03,2020-06-30,7768000.0,96204000.0,9293000.0,0.39,26785000.0,0.2784187768,162755000.0,132871000.0,135879000.0,29169000.0,29884000.0,43071000.0,128298000.0,712229760.0,625408760.0,6.648869095276221,4.658335904556207,0.0,0.0,0.05554585953642225,6.648869095276221,0.05846271947979619,7.403327928152676,22.921915550978373,5.360310075185707,0.7201338825952626,1.611734113440598,0.00785420704689453,0.5910970477097478,3.0693887346155164,0.04772818039384351,-62.7681113950824,0.2784187767660388,0.1142857142857144,0.35539065262979896,0.349041860173791,0.7137387100815961,0.2351286544314304,0.10923889761530772,0.09162457418066487,-0.14962142201902956,0.22640247352356685,0.36245721592673347,Pharmaceutical Retailers,Healthcare,PETS
2020Q4,2020,Q4,2020-05-26,2020-03-31,7003000.0,74286000.0,8513000.0,0.35,21686000.0,0.2919258003,155323000.0,130010000.0,129018000.0,24343000.0,25313000.0,17884000.0,126177000.0,575139520.0,471377520.0,6.50570456365092,5.300004107957113,0.0,0.0,0.0502799877404842,6.50570456365092,0.05386508730097685,7.742232991411571,20.531897758103668,4.42380986077994,0.7700985292017707,2.9411764705882355,0.009376855202021242,0.4782678676049265,4.420367251365896,0.045086690316308596,34.27121439637707,0.2919258002853835,0.029411764705882214,0.41870850750485267,0.49035957173147404,0.7286450888025326,0.22540543594959597,0.023830409356725146,-0.29621362433862436,-0.05374933026522502,0.19482116344173198,0.4117084855254338,Pharmaceutical Retailers,Healthcare,PETS
2020Q3,2020,Q3,2020-01-28,2019-12-31,6840000.0,59915000.0,12096000.0,0.34,17697000.0,0.2953684386,149544000.0,127710000.0,122767000.0,20725000.0,21834000.0,24165000.0,124618000.0,470023680.0,377649680.0,6.390612489991994,5.923618817852835,0.0,0.0,0.07486107928435982,6.390612489991994,0.053558844256518676,7.84484152549445,17.17922807017544,3.680398402630961,0.7888888888888889,1.747072211876681,0.011480272653496947,0.4006513133258439,4.556139927623643,0.045739046701974,163.60030630003482,0.2953684386213803,0.030303030303030328,0.42974417057097836,0.21899399440013,0.7411327868500356,-0.11523847615238476,0.02625656414103526,0.44498865129614146,0.43729455884840557,0.14859270517083278,0.4479954663512653,Pharmaceutical Retailers,Healthcare,PETS
2020Q2,2020,Q2,2019-10-30,2019-09-30,6665000.0,69936000.0,8371000.0,0.33,20002000.0,0.2860043468,145537000.0,125591000.0,118265000.0,18551000.0,19946000.0,19061000.0,123215000.0,359733260.0,264836260.0,6.291188699093323,6.375128025443372,0.0,0.0,0.048636013456514235,6.291188699093323,0.053069089345574125,5.143749428048501,13.49337059264816,2.864323558216751,0.8304576144036009,2.61969466449819,0.015386400467946725,0.4805375952506923,5.194490863026252,0.045795914441001256,21.118542914171655,0.2860043468313887,0.2692307692307693,1.4460816199573898,0.21789762916334784,0.7526748924944945,-0.08503728100269888,0.24742653939734233,0.05534543620776601,0.37895042550498376,0.16605071753984038,0.4471364664800861,Pharmaceutical Retailers,Healthcare,PETS
2020Q1,2020,Q1,2019-07-30,2019-06-30,5343000.0,79988000.0,7932000.0,0.26,21861000.0,0.2733034955,144837000.0,123643000.0,117217000.0,20255000.0,21194000.0,30168000.0,121997000.0,312226050.0,228828050.0,6.11035334815913,5.787064922241422,0.0,0.0,0.04907179397520875,6.11035334815913,0.04321312164861739,3.9034111366705004,14.609117069062325,2.525222212337132,1.0254538648699232,1.92677671705118,0.017548183439530428,0.5522621981952125,4.223302888175759,0.036889745023716315,-2001.4490384615385,0.27330349552432864,-0.1875,0.05985340855445187,0.08772819414612747,0.6907465196718058,0.05486392588303416,-0.19277836531198067,0.01679271888219459,-0.19188027932934526,0.1005358277836644,0.42777960238516327,Pharmaceutical Retailers,Healthcare,PETS
2019Q4,2019,Q4,2019-05-28,2019-03-31,6619000.0,64565000.0,7801000.0,0.32,20724000.0,0.3209788585,154427000.0,134680000.0,126431000.0,18626000.0,19747000.0,21370000.0,122172000.0,473751920.0,373222920.0,6.572641647552584,6.787877160957801,0.0,0.0,0.044549025617466244,6.572641647552584,0.04914612414612415,7.3375965306280495,17.893636500982023,3.517611523611524,0.8516392204260462,2.051520823584464,0.011898632516360037,0.41809398615527077,5.533716310533663,0.04286167574323143,36.442455384615386,0.3209788585146751,-0.15789473684210525,0.4224721336871369,0.2913410616783527,0.8656353970886047,0.06929467003766576,-0.14999357904199306,-0.17125252310634229,0.20145741355733732,0.14631799574631138,0.592065322212629,Pharmaceutical Retailers,Healthcare,PETS
2019Q3,2019,Q3,2019-01-29,2018-12-31,7787000.0,60068000.0,9413000.0,0.38,19381000.0,0.3226509955,156917000.0,132858000.0,128473000.0,23052000.0,24059000.0,32247000.0,121135000.0,476434580.00000006,383268580.00000006,6.486256895962505,5.57318237029325,0.0,0.0,0.054216743036803565,6.486256895962505,0.05861144981860332,7.931587201172006,15.2958321561577,3.5860435954176646,0.7104147938872479,1.2617297733122461,0.011611247865341765,0.3828010986699975,4.096607669616519,0.04962496096662567,41.192683728168774,0.32265099553838983,-0.2692307692307693,0.6681052064133234,0.1666258304621972,0.8792065004006356,-0.23258760641457138,-0.27576264880952384,-0.28705597212754674,0.5661560132613338,0.1598921829926337,0.6156493993096093,Pharmaceutical Retailers,Healthcare,PETS
2019Q2,2019,Q2,2018-10-30,2018-09-30,10752000.0,71396000.0,13203000.0,0.52,25255000.0,0.3537313015,148071000.0,129841000.0,119128000.0,17045000.0,18230000.0,28616000.0,118930000.0,668526210.0,581394210.0,6.345159556272296,6.989029040774421,0.0,0.0,0.07873591274810424,6.345159556272296,0.08280897405288005,9.363636758361814,15.544229213169645,5.148806694341541,0.5257626488095238,1.6124196253844003,0.008455913792818983,0.48217409215849155,5.216661777647404,0.07261381364345483,-376.42241554054056,0.3537313014734719,-0.16129032258064513,1.5198145344904024,0.1481448890144736,0.8803622128254452,-0.15687387327235094,-0.14544587505960896,-0.1620866916291172,1.348940030302061,0.23790563656292915,0.611512306667208,Pharmaceutical Retailers,Healthcare,PETS
2019Q1,2019,Q1,2018-07-31,2018-06-30,12582000.0,87390000.0,15757000.0,0.62,29954000.0,0.3427623298,152667000.0,123881000.0,123316000.0,27955000.0,28786000.0,25046000.0,113751000.0,898972400.0,804411400.0,6.070217561740494,4.411232337685566,0.0,0.0,0.09726876812444844,6.070217561740494,0.10156521177581712,10.286902391577984,17.862271498966777,7.256741550358812,0.4055793991416309,2.2932204743272377,0.005676481280181683,0.5724223309556092,3.469576104453586,0.0824146672168838,41.37391384388807,0.34276232978601673,0.24,1.5734484033600975,0.1455373644229146,0.8235735089894703,0.20205465708896825,0.23558872630855346,0.12517852042273636,1.149744891549544,0.19998553505473018,0.5645919125648888,Pharmaceutical Retailers,Healthcare,PETS
2018Q4,2018,Q4,2018-05-29,2018-03-31,10183000.0,67322000.0,14004000.0,0.5,24919000.0,0.3701464603,134836000.0,115731000.0,105235000.0,18109000.0,19105000.0,23337000.0,106320000.0,850656250.0,772720250.0,5.6800490797546015,5.8111988513998565,0.0,0.0,0.08506671078358909,5.6800490797546015,0.08798852511427362,12.635635453492172,20.88422493371305,7.3502886002886,0.5063340862221349,1.8169859022153663,0.006061202747878476,0.49928802396985966,4.430283284554641,0.07552137411373817,406.041169451074,0.37014646029529724,0.13636363636363635,1.1519173578838757,0.2807448659235577,0.7582118367128663,0.135572366022603,0.12345542806707856,-0.02857935627081021,1.0233433860421084,0.3247255123375542,0.5092583516219426,Pharmaceutical Retailers,Healthcare,PETS
2018Q3,2018,Q3,2018-01-30,2017-12-31,9064000.0,60110000.0,14416000.0,0.44,21944000.0,0.3650640492,135591000.0,109981000.0,105593000.0,24934000.0,25610000.0,21907000.0,101287000.0,926744000.0,845747000.0,5.399695600942655,4.2349001363599905,0.0,0.0,0.09963800859128602,5.399695600942655,0.0824142351860776,15.417467975378473,25.561120917917034,8.426400923795928,0.44947043248014124,1.742182863924773,0.00439603601426068,0.44331850934059047,3.317237507018529,0.06684809463754969,55.733942747173444,0.3650640492430544,0.023255813953488393,0.9258888794874335,0.17836136877894965,0.7231701379647512,-0.06537757144682482,0.034703196347031964,0.17700849118223383,0.8589005861053837,0.19990472920214325,0.4711558656599035,Pharmaceutical Retailers,Healthcare,PETS
2018Q2,2018,Q2,2017-10-31,2017-09-30,8760000.0,66711000.0,12248000.0,0.43,23479000.0,0.3519509526,124882000.0,104323000.0,94566000.0,19255000.0,20559000.0,23005000.0,96341000.0,674569350.0,606126350.0,5.1266892722001085,4.911243832770709,0.0,0.0,0.08136584563254555,5.1266892722001085,0.08396997785723187,10.111815892431533,19.25140839041096,6.466161345053343,0.4773972602739726,1.8792436426863726,0.006199510843473692,0.5341922775099694,3.659049597507141,0.07014621802982016,164.52910975609757,0.35195095261651,-0.04444444444444448,1.1302432201124584,0.1255014410777188,0.2774327668625388,-0.14513016566539233,-0.055627425614489,0.06801534705266829,2.153970534811752,0.1396990379486957,0.4282546588216261,Pharmaceutical Retailers,Healthcare,PETS
2018Q1,2018,Q1,2017-07-31,2017-06-30,9276000.0,79657000.0,11468000.0,0.45,27465000.0,0.3447907905,125665000.0,99031000.0,95129000.0,25649000.0,26634000.0,23032000.0,91701000.0,823895800.0,755370800.0,4.880057162568374,3.7088775390853446,0.0,0.0,0.0728752027773275,4.880057162568374,0.09366763942603831,10.34304329814078,22.20503988788271,8.319574678635982,0.43747304872789994,2.266064605765891,0.004925380126952947,0.6338837385111208,2.751920152832469,0.07381530259022002,59.47417887822132,0.3447907905143302,0.21621621621621626,1.3270404864284784,0.14529751567925228,0.18799528167116109,0.23967501692620177,0.23630547780887645,-0.01957766948790288,0.8347560144149618,0.08013104157316522,0.35032119965659786,Pharmaceutical Retailers,Healthcare,PETS
2017Q4,2017,Q4,2017-05-23,2017-03-31,7503000.0,63032000.0,11697000.0,0.37,22155000.0,0.351488133,112809000.0,93366000.0,81785000.0,18355000.0,19443000.0,20228000.0,86530000.0,408036400.0,349306400.0,4.608390918065153,4.4557341323889945,0.0,0.0,0.0794174113240832,4.608390918065153,0.08036115930852773,6.473480137073232,13.595775023324004,4.3702889702889705,0.5167266426762628,2.020812734823018,0.00950160328833408,0.5587497451444476,3.298174884227731,0.06651065074595112,27.536536644621407,0.35148813301180354,0.5416666666666667,0.865493909670033,0.11925697638022764,0.14209256945039864,0.33119029021210117,0.5556707443499896,0.5280209013716525,0.6308350807596691,0.2750540798213453,0.30808549764240234,Pharmaceutical Retailers,Healthcare,PETS
2017Q3,2017,Q3,2017-01-31,2016-12-31,4823000.0,52866000.0,7655000.0,0.24,16643000.0,0.3148148148,97620000.0,89385000.0,67689000.0,7934000.0,8235000.0,14925000.0,82925000.0,467236710.0,419332710.0,4.4134202340394015,8.531509957146458,0.0,0.0,0.05281235410961535,4.4134202340394015,0.05395759914974548,8.838132448076268,24.219195003110098,5.227238462829334,0.7978436657681941,2.427001675041876,0.00823565425756037,0.5415488629379226,6.232417443912277,0.049405859455029705,-3244.699375,0.3148148148148148,0.0,0.22685440668615398,0.03754017233917776,0.11047454850687566,-0.07866474756421613,-0.015513370075525617,-0.00983055232182124,0.04489999567571086,0.03841049741652178,0.2786616573834947,Pharmaceutical Retailers,Healthcare,PETS
2017Q2,2017,Q2,2016-11-01,2016-09-30,4899000.0,60791000.0,7731000.0,0.24,18064000.0,0.2971492491,96527000.0,87964000.0,74592000.0,8563000.0,8563000.0,14820000.0,82002000.0,410345520.0,358449520.0,4.34733616684788,8.71096578301997,0.0,0.0,0.055299823283146574,4.34733616684788,0.05569323814287663,6.750103140267473,20.940269442743418,4.6649256514028465,0.8062869973463972,2.88306342780027,0.00962603417724653,0.6297823406922416,6.220366693915683,0.0507526391579558,35.91960084033614,0.29714924906647366,-0.25000000000000006,0.2717007198978065,0.06512313616390256,0.1368990163187799,-0.19543915909495813,-0.2570518653321201,-0.023617075018944177,0.16111254943665143,-0.011333856616717018,0.28831538152724184,Pharmaceutical Retailers,Healthcare,PETS
2017Q1,2017,Q1,2016-08-01,2016-06-30,6594000.0,72487000.0,7918000.0,0.32,22452000.0,0.3097382979,99806000.0,86367000.0,77273000.0,13439000.0,13439000.0,27026000.0,81004000.0,378595560.00000006,334288560.00000006,4.279619444031515,5.7499069871270185,0.0,0.0,0.05767849034638912,4.279619444031515,0.07634860537010664,5.222944252072787,14.353789808917199,4.38356733474591,0.5814376706096451,1.8513653518833715,0.010126901646707109,0.7262789812235737,3.4512984597068233,0.0660681722541731,36.049853361264525,0.3097382979016927,0.18518518518518512,0.4623386284659289,0.05678646979242163,0.07550645713881007,0.2711317443242937,0.21705426356589147,-0.07769365171811299,0.3638684729694686,-0.03912828516984497,0.28565419069665815,Pharmaceutical Retailers,Healthcare,PETS
2016Q4,2016,Q4,2016-05-24,2016-03-31,5418000.0,55392000.0,8585000.0,0.27,17663000.0,0.3188727614,90279000.0,83195000.0,67627000.0,7084000.0,7084000.0,25586000.0,78295000.0,360922320.0,323283320.0,4.128374354902739,9.546442687747035,0.0,0.0,0.06488979226407202,4.128374354902739,0.06512410601598653,6.515784228769498,16.65385382059801,4.3382693671494685,0.6829088224437062,1.4745954819041664,0.010251513400445835,0.6135646163559632,5.55660643704122,0.06001395673412421,-16.759801253772928,0.3188727614095898,0.1250000000000001,0.40381321924430746,0.16880907226469521,-0.07869647920277831,0.054255700131311924,0.10797546012269939,-0.055659443405565945,0.15762609642596312,0.06544766814463586,0.27790386231758324,Pharmaceutical Retailers,Healthcare,PETS
2016Q3,2016,Q3,2016-02-02,2015-12-31,4890000.0,50933000.0,9091000.0,0.24,16754000.0,0.3289419433,88583000.0,80875000.0,86420000.0,7708000.0,7708000.0,18861000.0,76535000.0,345285300.0,298156300.0,4.014643832216431,11.211728074727557,0.0,0.0,0.0716375995557195,4.014643832216431,0.06046367851622875,6.779206015746176,17.652622699386505,4.269370015455951,0.7415132924335378,1.8121520598059488,0.01050146067614231,0.5749748823137623,8.316294758692267,0.05520246548434801,40.18683659217877,0.3289419433373255,0.09090909090909087,0.20811796913772754,0.26118983044279664,-0.11691647359295705,-0.11415428541215038,0.08618391825855176,0.28222849083215795,0.05051268840560737,0.009513521076090858,0.2811674726686494,Pharmaceutical Retailers,Healthcare,PETS
2016Q2,2016,Q2,2015-10-27,2015-09-30,4502000.0,56725000.0,7090000.0,0.22,18913000.0,0.3334156016,88400000.0,79244000.0,86099000.0,9156000.0,9156000.0,24404000.0,75301000.0,324028600.0,281848600.0,3.9373944151843387,9.403560506771516,0.0,0.0,0.05640612993177631,3.9373944151843387,0.056811872192216444,5.712271485235787,17.993591737005776,4.088998536166776,0.8318525099955575,1.549418128175709,0.011557621765486132,0.641685520361991,6.488422892092617,0.05092760180995475,102.3787045813586,0.33341560158660205,-0.24137931034482754,0.01647377199751668,0.04078779969967476,-0.11951241317240323,-0.1764782722285117,-0.2179954837589022,-0.06979795329309893,0.10691986050598136,-0.03237136353125955,-0.018907451775494907,Pharmaceutical Retailers,Healthcare,PETS
2016Q1,2016,Q1,2015-07-28,2015-06-30,5757000.0,71634000.0,7622000.0,0.29,22966000.0,0.3206019488,93443000.0,77882000.0,91045000.0,15561000.0,15561000.0,27220000.0,74454000.0,346677980.0,303992980.0,3.879744943708279,5.850845061371377,0.0,0.0,0.061662972080209,3.879744943708279,0.07391951927274595,4.839573107742134,15.054628278617336,4.451323540741122,0.6275838110126802,1.7879500367376928,0.010421775273987693,0.7666063803602196,3.942291626502153,0.06160975139924874,32.39678347817961,0.3206019487952648,0.15999999999999992,-0.0980758019342275,0.09028219963630564,-0.1358926597599722,0.3558061278705945,0.16279539486972328,-0.025195037728609797,0.4599963308834235,0.04118022399133211,-0.055519529040270243,Pharmaceutical Retailers,Healthcare,PETS
2015Q4,2015,Q4,2015-05-22,2015-03-31,4951000.0,49994000.0,7819000.0,0.25,16939000.0,0.3388206585,82852000.0,75435000.0,80400000.0,7417000.0,7417000.0,25068000.0,72343000.0,331126880.0,295513880.0,3.7634703651965675,10.83996224888769,0.0,0.0,0.06526539474751557,3.7634703651965675,0.06563266388281301,6.623332399887986,16.7202019793981,4.389565586266322,0.6976368410422137,1.3186133716291686,0.010431046854305516,0.603413315309226,7.163947687744371,0.05975715734080046,165.9783859649123,0.3388206584790175,0.041666666666666706,-0.07568000021987208,0.12677444959776688,-0.11711717582613776,-0.009415204678362573,0.032103397957056495,-0.0024240877774942588,0.24424774509599156,-0.1026917610525138,-0.06730318328931961,Pharmaceutical Retailers,Healthcare,PETS
2015Q3,2015,Q3,2015-01-26,2014-12-31,4797000.0,49284000.0,7838000.0,0.24,17100000.0,0.3469685902,79842000.0,73547000.0,77755000.0,6295000.0,6295000.0,21613000.0,70833000.0,287946060.0,250878060.0,3.670376285058389,12.35186656076251,0.0,0.0,0.06628923303454527,3.670376285058389,0.06522359851523515,5.842587046505965,15.006569731081926,3.915129916923872,0.7102355638941005,1.4891037801323277,0.011832077160562643,0.6172691064853085,8.578077839555203,0.06008116029157586,48.7053552097429,0.34696859021183346,0.7142857142857141,-0.030021775022805515,0.1520905085664724,-0.0995314756659544,-0.07362262311067772,0.7558565153733529,0.8270396270396271,0.23333334698961664,-0.022381505778531558,-0.07648507691049614,Pharmaceutical Retailers,Healthcare,PETS
2015Q2,2015,Q2,2014-10-28,2014-09-30,2732000.0,57576000.0,4290000.0,0.14,18459000.0,0.3206023343,79429000.0,71847000.0,77164000.0,7582000.0,7582000.0,20535000.0,69478000.0,272217600.0,237638600.0,3.589478417266187,10.1772619361646,0.0,0.0,0.0376565822563776,3.589478417266187,0.038025248096649825,4.72796998749479,24.910102489019035,3.788851309031692,1.2997803806734993,1.9048940832724617,0.013044711289791696,0.7248737866522303,6.874043787918755,0.034395497866018705,30.357711609233856,0.3206023343059608,-0.43999999999999995,-0.5073178145113597,0.041686773463033365,-0.08208700130009414,-0.2234982332155477,-0.45063342047054095,-0.4403861205322202,-0.28309332178023483,0.019779961346508876,-0.061293094192360086,Pharmaceutical Retailers,Healthcare,PETS
2015Q1,2015,Q1,2014-07-29,2014-06-30,4973000.0,72541000.0,7666000.0,0.25,23772000.0,0.3277043327,86023000.0,72139000.0,81796000.0,13884000.0,13884000.0,32887000.0,70189000.0,269074280.0,239933280.0,3.613997294724713,5.891385767790262,0.0,0.0,0.06697074235103109,3.613997294724713,0.0689363589736481,3.709271722198481,13.52675849587774,3.7299419176866886,0.6826865071385482,1.482926384285584,0.012617333771180211,0.8432744731060298,3.3352059925093633,0.05781012054915546,18.881080625920987,0.3277043327221847,0.08695652173913039,-0.30507422584876426,0.060725860413487175,-0.028725581566630836,0.3612781309053427,0.09876270437472381,0.07351911496989218,0.11500767410239504,0.06922977503269107,-0.09177031336761136,Pharmaceutical Retailers,Healthcare,PETS
2014Q4,2014,Q4,2014-05-27,2014-03-31,4526000.0,48632000.0,7141000.0,0.23,17463000.0,0.3590845534,78375000.0,70217000.0,74209000.0,8093000.0,8158000.0,35727000.0,68647000.0,267274710.0,248969710.0,3.523004365059455,9.169529222785123,0.0,0.0,0.06405368200532942,3.523004365059455,0.0644573251491804,5.495860955749301,14.763295956694654,3.8064102710169903,0.7538665488289881,0.8724214179752008,0.012765891692483737,0.6205039872408293,4.399481032991474,0.057748006379585326,-64.03323191183517,0.3590845533804902,0.0,-0.09461610712868662,0.14329549476588122,0.05847844694428958,0.033986618509088753,-0.0033032371724289805,-0.047485660931039085,0.18569760318540346,0.03754686727548293,-0.2137931189649289,Pharmaceutical Retailers,Healthcare,PETS
2014Q3,2014,Q3,2014-01-31,2013-12-31,4541000.0,50086000.0,7497000.0,0.23,16889000.0,0.337200016,75109000.0,68773000.0,70782000.0,6237000.0,6336000.0,24541000.0,67554000.0,331352750.0,305415750.0,3.4515934755332496,11.348725348725349,0.0,0.0,0.06981919032621312,3.4515934755332496,0.06602881944949326,6.615676037215988,18.242278683109447,4.818064502057493,0.7456507377229685,1.3527158632492564,0.010218717062103757,0.6668441864490274,6.910854577521244,0.06045879987751135,-49.51475642558279,0.33720001597252725,0.09523809523809533,0.08862994495256431,0.35126597158141176,0.0011642091581132038,-0.12274049449407853,0.09421686746987952,0.14773423147581138,0.1342817076642451,0.2539103690348182,-0.24076818131718092,Pharmaceutical Retailers,Healthcare,PETS
2014Q2,2014,Q2,2013-10-29,2013-09-30,4150000.0,60479000.0,6532000.0,0.21,19252000.0,0.3183253691,77835000.0,67158000.0,75290000.0,10527000.0,10677000.0,17341000.0,66445000.0,324004560.0,288091560.0,3.3744347301778714,7.1520851144675595,0.0,0.0,0.061334471554580446,3.3744347301778714,0.06179457398969594,5.357306833777013,19.51834698795181,4.824511748414188,0.8556626506024096,2.3774292140014994,0.01095972229526646,0.7770154814672062,5.014059086159399,0.0533179161045802,72.2257155595185,0.3183253691363945,-0.125,-0.1587096179977536,0.19808030108466246,-0.0006934948975846174,-0.19826760504726607,-0.12723449001051526,-0.07308074357882786,-0.052455686672208374,0.12215548406967185,-0.24540252278931393,Pharmaceutical Retailers,Healthcare,PETS
2014Q1,2014,Q1,2013-07-30,2013-06-30,4755000.0,74194000.0,7047000.0,0.24,24013000.0,0.3236515082,81426000.0,66069000.0,78678000.0,15153000.0,15357000.0,21576000.0,65726000.0,255046800.0,220048800.0,3.3287484885126966,5.192239160562265,0.0,0.0,0.06724663096305154,3.3287484885126966,0.07197021295917903,3.4375663800307303,13.409400630914826,3.8603096762475593,0.6260778128286014,2.325778642936596,0.011672367581165495,0.9111831601699703,3.496997294265162,0.05839658094466141,12.854533541656167,0.3236515082082109,0.04347826086956513,-0.14887241692409967,0.28619174226452787,0.06895137512740047,0.3168631752125034,0.033246414602346806,-0.03014037985136251,-0.2465724454295553,0.14210405467683018,-0.25861208804426056,Pharmaceutical Retailers,Healthcare,PETS
2013Q4,2013,Q4,2013-05-28,2013-03-31,4602000.0,51120000.0,7266000.0,0.23,18235000.0,0.3567097027,73179000.0,64014000.0,70187000.0,8997000.0,9165000.0,31601000.0,63987000.0,271861800.0,253706800.0,3.2305828917486754,7.801155940869179,0.0,0.0,0.07149692677324701,3.2305828917486754,0.0718905239478864,5.318110328638498,14.76867666232073,4.246911613084638,0.6684050412863972,1.040631625581469,0.011314572330500275,0.6985610625999262,3.899522062909859,0.06288689378100275,-31.436378353376504,0.3567097026604069,0.0,0.11416613158115885,0.5012900018958162,0.13366335273602586,0.05943527771322333,0.005462093074065982,0.17117988394584138,-0.13090679282373824,0.16546776781798042,-0.24212870823393334,Pharmaceutical Retailers,Healthcare,PETS
2013Q3,2013,Q3,2013-01-29,2012-12-31,4577000.0,49609000.0,6204000.0,0.23,17212000.0,0.3469531738,70731000.0,62070000.0,67576000.0,8414000.0,8661000.0,18719000.0,62055000.0,219868800.0,189850800.0,3.1335823909531504,8.031376277632518,0.0,0.0,0.06226742643532049,3.1335823909531504,0.07373932656677944,4.432034509867162,12.009438496831986,3.542271628806186,4.97684072536596,1.7307014263582456,0.10360269397022225,0.7013756344459996,5.492869027810792,0.06470995744440203,37.462736411654454,0.34695317381926666,0.15,0.2660366262350178,0.6202618833397502,0.10908824865039192,-0.11140939597315436,0.1346058502726822,-0.019285488460322478,-0.06376057823260729,0.17315357268567974,-0.23122533159679956,Pharmaceutical Retailers,Healthcare,PETS
2013Q2,2013,Q2,2012-10-31,2012-09-30,4034000.0,58145000.0,6326000.0,0.2,19370000.0,0.3331326855,89363000.0,80113000.0,86192000.0,9023000.0,9250000.0,19590000.0,80015000.0,201216960.0,154175960.0,4.013275222923554,9.552477003214008,0.0,0.0,0.049849548389269485,4.013275222923554,0.05035387515134872,3.4606064149969904,12.470064452156668,2.511664274212675,0.7682201289043133,1.9793261868300154,0.01540128625340528,0.6506607880218882,7.132217665964757,0.04514172532256079,108.82474851270958,0.3331326855275604,0.0,0.081234420175286,0.36855988585473176,0.4807640189156523,-0.13154591104734575,0.020748987854251014,-0.12248578166181162,-0.2705503853330905,0.05482709326688472,0.026287684796130223,Pharmaceutical Retailers,Healthcare,PETS
2013Q1,2013,Q1,2012-07-31,2012-06-30,3952000.0,68955000.0,7209000.0,0.2,22304000.0,0.3234573272,94543000.0,82645000.0,91207000.0,11628000.0,11898000.0,18314000.0,82009000.0,244647040.0,187296040.0,4.107808539191809,7.843739250085999,0.0,0.0,0.055041842811467845,4.107808539191809,0.04781898481456833,3.5479231382785876,15.476153846153846,2.9602158630286164,0.763663967611336,2.5472862291143388,0.012336139443992457,0.7293506658345937,6.030701754385965,0.04180108522048168,17.99669265852582,0.32345732724240445,0.0,-0.2327969459774546,0.40220611377885246,0.6773129885587037,0.1759371540043233,-0.010515773660490736,0.14884462151394423,-0.4520854917944115,0.00037144300667341676,0.10398791824305044,Pharmaceutical Retailers,Healthcare,PETS
2012Q4,2012,Q4,2012-05-29,2012-03-31,3994000.0,55924000.0,6275000.0,0.2,18967000.0,0.3391567127,91064000.0,81181000.0,87607000.0,9391000.0,9883000.0,26217000.0,81108000.0,249073220.00000003,202272220.00000003,4.035041503056812,9.328825471195826,0.0,0.0,0.048740427599855835,4.035041503056812,0.04919870413027679,4.453780487804878,15.590461942914372,3.068122097535138,0.7636454682023035,1.4096578555898844,0.012245395149265745,0.6141175437055257,6.252795229475029,0.04385926381446016,37.80710686095932,0.33915671268149633,0.05263157894736847,0.3228595335701352,0.8437399407677678,0.8090799974528506,0.10568963507053748,0.024628014366341714,-0.17052214144084601,-0.2085035462214617,0.30243868549037944,0.21231881114607923,Pharmaceutical Retailers,Healthcare,PETS
2012Q3,2012,Q3,2012-01-31,2011-12-31,3898000.0,50523000.0,7565000.0,0.19,17154000.0,0.3395285316,88403000.0,79813000.0,83181000.0,8231000.0,8590000.0,25946000.0,79774000.0,208451160.00000003,166486160.00000003,3.974355143909969,10.10581946300571,0.0,0.0,0.059871699408662514,3.974355143909969,0.048839161540099985,4.125866634997922,13.369109799897386,2.6117444526580886,0.6439199589533093,1.2860941956370924,0.012041189888317243,0.5715077542617332,6.5489004981168755,0.04409352623779736,-74.3406419400856,0.3395285315598836,0.0,0.7064730933621922,0.9430254471532481,0.9284554567327938,-0.13946021872178188,-0.008142493638676845,0.24424342105263158,-0.07282443737892189,0.3523994608597859,0.15279570226658148,Pharmaceutical Retailers,Healthcare,PETS
2012Q2,2012,Q2,2011-11-01,2011-09-30,3930000.0,58225000.0,6080000.0,0.19,19934000.0,0.3423615286,87973000.0,78932000.0,81514000.0,8695000.0,9041000.0,19114000.0,79825000.0,185778000.0,138640000.0,3.8238542776862707,9.374813110983323,0.0,0.0,0.04870034262422648,3.8238542776862707,0.04978969239345259,3.190691283812795,11.81793893129771,2.3536461764556833,0.6750636132315522,2.0032960133933244,0.01428048531042427,0.6618507951303241,6.766762507188039,0.04467279733554613,24.97016129032258,0.34236152855302704,-0.13636363636363635,0.3882873300067078,0.556236106928527,0.9794513166724007,-0.1732061385317296,-0.1875129212321687,-0.003605375286791216,-0.2318689413483538,0.11207933666984311,0.1323977969057256,Pharmaceutical Retailers,Healthcare,PETS
2012Q1,2012,Q1,2011-08-02,2011-06-30,4837000.0,73578000.0,6102000.0,0.22,24110000.0,0.3276794694,99416000.0,86141000.0,90621000.0,12935000.0,13275000.0,26074000.0,86159000.0,256528800.0,207115800.0,3.9791666666666665,7.005875531503672,0.0,0.0,0.04478957550445678,3.9791666666666665,0.05615212268257856,3.486487808855908,13.25867273103163,2.9780104712041884,0.5687409551374819,1.8972156170898213,0.010723942107085053,0.7401021968294842,4.788248936992655,0.04865414017864328,30.315386433467264,0.32767946940661613,0.15789473684210525,0.129328203467803,0.6103846470600194,1.2220722722023747,0.3796852646638054,0.16666666666666666,-0.05277864017385905,-0.2061851787026298,0.16945598786181984,0.2778182836201455,Pharmaceutical Retailers,Healthcare,PETS
2011Q4,2011,Q4,2011-05-31,2011-03-31,4146000.0,50910000.0,6442000.0,0.19,17475000.0,0.3432527991,106287000.0,97005000.0,89604000.0,8961000.0,9282000.0,25140000.0,97115000.0,343337280.0,293677280.0,4.481014412416852,9.999330431871442,0.0,0.0,0.04209318122249997,4.481014412416852,0.042740064945105925,6.744004714201532,20.702923299565846,3.539377145507963,0.6739025566811384,1.3299522673031026,0.008137770532812515,0.4789861412966779,6.89219953130231,0.03900759265008891,-222.51281918340894,0.3432527990571597,-0.050000000000000044,0.46486594722045455,0.9199486703376788,1.8583224776190488,0.03249630723781388,-0.08314904909332153,-0.0832503201935392,-0.08122549923940454,0.3685262800274628,0.5724598292815262,Pharmaceutical Retailers,Healthcare,PETS
2011Q3,2011,Q3,2011-01-31,2010-12-31,4522000.0,45118000.0,7027000.0,0.2,16925000.0,0.3751274436,108260000.0,102316000.0,91280000.0,5229000.0,5944000.0,14885000.0,102431000.0,400831860.0,339577860.0,4.546165466986581,17.45649263721553,0.0,0.0,0.04448763514248229,4.546165466986581,0.04419641111849564,8.88407863823751,22.160098407784165,3.9175872786269985,0.6218487394957983,1.894054417198522,0.007015410401757985,0.41675595787917974,13.794798240581374,0.04176981341215592,87.19422666956712,0.37512744359235783,-0.09090909090909087,0.7806008972333099,0.833595914222168,2.1648398858094633,-0.24205105239587998,-0.09142053445850915,-0.09059143263879901,0.10087555505475042,0.2969310720983318,0.6090525369340518,Pharmaceutical Retailers,Healthcare,PETS
2011Q2,2011,Q2,2010-11-01,2010-09-30,4977000.0,61245000.0,7727000.0,0.22,22330000.0,0.3646011919,108589000.0,101135000.0,91449000.0,6694000.0,7454000.0,14735000.0,101180000.0,395780000.0,335274000.0,4.471834099752388,13.661338512100388,0.0,0.0,0.04839105045491372,4.471834099752388,0.04921145004202304,6.462241815658421,19.880450070323487,3.9133831017946306,0.5712276471770142,2.640990838140482,0.0071832836424276115,0.5640074040648685,10.764117119808784,0.04583337170431628,9653.170731707318,0.36460119193403545,-0.3125,0.9129347515602398,0.6509170532881661,2.421967705381152,-0.17982810548740175,-0.31114186851211073,-0.3466644119387841,0.1774429272313946,0.27236093337907236,0.6499568720456868,Pharmaceutical Retailers,Healthcare,PETS
2011Q1,2011,Q1,2010-08-02,2010-06-30,7225000.0,74369000.0,11827000.0,0.32,27226000.0,0.3660933991,115160000.0,102019000.0,97709000.0,12337000.0,13141000.0,15785000.0,99231000.0,404450692.2,337563692.2,4.489887729261253,7.919996757720678,0.0,0.0,0.07040936547593661,4.489887729261253,0.07082014134621982,5.43843123075475,13.994833640138408,3.964464386045737,0.31529411764705884,2.9865695280329425,0.005632330575598407,0.6457884682181313,6.450757882791603,0.0627387981938173,15.358498222829802,0.3660933991313585,0.18518518518518512,1.1073222703585142,0.7606787699018087,2.7797737947690697,0.3568901071517568,0.18988801054018445,0.2157689144736842,0.24191550278573337,0.3390563251544308,0.8333247359532294,Pharmaceutical Retailers,Healthcare,PETS
2010Q4,2010,Q4,2010-06-01,2010-03-31,6072000.0,50297000.0,9728000.0,0.27,20065000.0,0.3989303537,104170000.0,96857000.0,86499000.0,7088000.0,7313000.0,29064000.0,94305000.0,503745609.33000004,450602609.33000004,4.262706513424531,12.203583521444695,0.0,0.0,0.062491218581955235,4.262706513424531,0.06269035795038046,10.015420588305467,20.74051421813241,5.200921041638704,0.37483530961791833,1.04018717313515,0.004518153524012174,0.4828357492560238,7.793453724604966,0.05828933474128828,-355.50148858856744,0.3989303536990278,0.08000000000000007,1.5881278693053438,1.20790281625624,3.1314302151204916,0.06570002124495432,0.08622540250447228,0.16016696481812762,0.780730690794215,0.46826460248371177,0.9111518636440961,Pharmaceutical Retailers,Healthcare,PETS
2010Q3,2010,Q3,2010-02-01,2009-12-31,5590000.0,48353000.0,8385000.0,0.25,18828000.0,0.3893863876,98353000.0,92321000.0,80546000.0,5488000.0,6032000.0,19025000.0,90519000.0,399990011.06,343388011.06,4.076073939145034,14.676749271137027,0.0,0.0,0.060212100375706276,4.076073939145034,0.06054960409874243,8.272289435195335,17.88864092397138,4.332600503244116,0.40518783542039355,1.5519053876478317,0.005662641409463202,0.49162709830915174,10.529154518950437,0.05683609040903684,157.91157167785235,0.389386387607801,-0.10714285714285723,1.9340659737347048,1.3899681755781916,3.38371932787628,-0.20496579680770205,-0.1077414205905826,-0.14699898270600203,1.1697911536453307,0.6487746385859197,0.9778119330969983,Pharmaceutical Retailers,Healthcare,PETS
2010Q2,2010,Q2,2009-11-02,2009-09-30,6265000.0,62447000.0,9830000.0,0.28,23682000.0,0.3792335901,96607000.0,88433000.0,78693000.0,8174000.0,8174000.0,15946000.0,87213000.0,426280912.20000005,370092912.20000005,3.9104778147277317,9.627232689013947,0.0,0.0,0.07042191941647695,3.9104778147277317,0.07084459421256771,6.8262832834243445,17.010411500399044,4.820382800538261,0.0,2.4310171829926,0.0,0.646402434606188,7.210056275997064,0.06485037316136512,-124.42525166374783,0.37923359008439156,-0.22222222222222213,2.474204214724818,1.1817879971257879,3.577504887635304,-0.19135423069043228,-0.2241486068111455,-0.21977934756726725,1.0201105042647087,0.523508253535422,1.0242927415802796,Pharmaceutical Retailers,Healthcare,PETS
2010Q1,2010,Q1,2009-08-03,2009-06-30,8075000.0,77169000.0,12599000.0,0.36,29286000.0,0.3795047234,101129000.0,83809000.0,80959000.0,17320000.0,17320000.0,16134000.0,83231000.0,338535148.86,279032148.86,3.720881788026458,4.674307159353349,0.0,0.0,0.09587064274524268,3.720881788026458,0.09635003400589436,4.386931913851417,10.480964360990711,4.039365090384088,0.2804953560371517,2.967831907772406,0.006690590349708953,0.7630748845533922,3.6267898383371824,0.0798485103185041,11.69459544217217,0.3795047233992925,0.43999999999999995,3.3414359967855547,1.1376029753591443,4.0972360826599274,0.5125737925905267,0.42937126958437777,0.43065951370975836,0.812005915286186,0.6232952152414503,1.0778391411894586,Pharmaceutical Retailers,Healthcare,PETS
2009Q4,2009,Q4,2009-06-01,2009-03-31,5649337.0,48070577.0,8806428.0,0.25,19361700.0,0.4027765259,81962939.0,74968004.0,61625128.0,6994935.0,6994935.0,26778096.0,75156169.0,371194893.76,341068852.76,3.3283666523678206,8.809964352778117,0.0,0.0,0.07372342796002249,3.3283666523678206,0.0753566414813445,7.721873065097596,16.426480388760666,4.951377573824694,0.0,1.072102997912921,0.0,0.5864916215364118,4.718718043841722,0.06892550546534208,-162.93927433082922,0.40277652585697066,0.19047619047619052,3.124434982064241,1.188810048673433,4.2364383883859364,0.11805703368786566,0.15652104664950311,0.2209869215446578,0.9183995388949128,0.7423638397582487,1.1230784685402164,Pharmaceutical Retailers,Healthcare,PETS
2009Q3,2009,Q3,2009-02-02,2008-12-31,4884768.0,43405846.0,7212549.0,0.21,17317274.0,0.3989617896,91430442.0,80442465.0,70072751.0,10987977.0,10987977.0,19654770.0,75966417.0,411361230.75,384170687.75,3.447579771589839,6.37722039279842,0.0,0.0,0.05853728109921319,3.447579771589839,0.06072374833366929,9.47709280335188,21.053263468705165,5.113732289904343,0.0,1.3273404878306894,0.0,0.47474172770596473,4.164224679392758,0.05342605693626637,-86.52989785606917,0.3989617896170023,-0.16000000000000003,2.3579719286290906,1.1270434014644821,4.7616964132413475,-0.2424073173274415,-0.16085095300765473,-0.143361527484398,0.8552705037617644,0.7014895496645254,1.400052978685302,Pharmaceutical Retailers,Healthcare,PETS
2009Q2,2009,Q2,2008-11-04,2008-09-30,5821097.0,59569141.0,8419595.0,0.25,22858291.0,0.3837270542,89274148.0,79305207.0,71139430.0,9968941.0,9968941.0,14583895.0,71081649.0,368721988.9,339754853.9,3.376776507456076,7.136107034839508,0.0,0.0,0.0691202076227539,3.376776507456076,0.0734011954599652,6.1898154432006995,15.835588588370886,4.6494045327944225,0.0,2.517218479699696,0.0,0.6672608177677596,5.531196643655529,0.06520473317762719,31.002553618943406,0.383727054247769,-0.10714285714285723,1.6408838877405902,0.9678839348455064,5.221372655814698,-0.1136865710219291,-0.12084077092265173,-0.13754980454115187,1.154536037003187,0.5462950383327813,1.584000188523156,Pharmaceutical Retailers,Healthcare,PETS
2009Q1,2009,Q1,2008-08-04,2008-06-30,6621209.0,68366683.0,9762413.0,0.28,25790302.0,0.3772349464,87874035.0,73252293.0,69404575.0,14621742.0,14621742.0,24753310.0,65260552.0,288160388.25,249567604.25,3.1140317192781266,4.746669377697952,0.0,0.0,0.08623985281179944,3.1140317192781266,0.09038910222237002,4.2149242233969435,10.88020285456931,3.93380707208715,0.0,1.7200277861829387,0.0,0.7780077812518794,2.9862105349690893,0.07534886727347845,44.941588685202966,0.3772349464431381,0.33333333333333354,2.7351765255732716,0.8182038304306775,6.2096658390491175,0.5451277462391947,0.3503194390712314,0.36818325087722176,0.8654249919973119,0.5634359139546528,1.62152111552771,Pharmaceutical Retailers,Healthcare,PETS
2008Q4,2008,Q4,2008-06-03,2008-03-31,4903439.0,40423170.0,7135311.0,0.21,16691372.0,0.4129159588,73454647.0,67033975.0,45224500.0,6420672.0,6420672.0,17909549.0,58639343.0,260873363.73,240605534.73,2.8496845063853082,7.043577370094594,0.0,0.0,0.06789163050396634,2.8496845063853082,0.07314856384393138,6.453560265807951,13.300530695395619,3.8916588749212617,0.0,1.325091882548243,0.0,0.5503146723991472,4.146465042911396,0.06675464657804427,27.85076908960002,0.4129159588424164,0.16666666666666666,1.3097703284268984,1.1977526617897483,8.68653188380945,0.10006920178052886,0.11189546805406463,-0.15749911768557207,1.0188410747369763,0.7140189860531461,1.761924292972891,Pharmaceutical Retailers,Healthcare,PETS
2008Q3,2008,Q3,2008-02-04,2007-12-31,4409982.0,37348867.0,8469203.0,0.18,15173020.0,0.4062511454,72720321.0,68268100.0,69017187.0,4452221.0,4452221.0,20112153.0,53735904.0,292366879.2,290226607.2,2.8253679495444026,15.501743287226757,0.0,0.0,0.07963684317029586,2.8253679495444026,0.06459798939768355,7.827998616397118,16.57415377205621,4.282628038571455,0.0,1.1026093029423554,0.0,0.5135960139669901,10.733747942880644,0.06064304914165602,-96.65567184128425,0.40625114544974017,0.0,6.413719371605184,1.4700698633424367,12.870192629012687,-0.22800349644301032,-0.025574681277655782,0.39156533463641235,1.169754155411639,0.7304608178557682,2.0386151658911973,Pharmaceutical Retailers,Healthcare,PETS
2008Q2,2008,Q2,2007-11-05,2007-09-30,4525726.0,51537197.0,6086098.0,0.18,19654260.0,0.3813606704,74531870.0,65628030.0,70902220.0,8903840.0,8903840.0,14950086.0,49325922.0,349900146.34999996,342509877.34999996,2.7102733262403507,7.9631058060342506,0.0,0.0,0.06208175129640595,2.7102733262403507,0.06896025981581345,6.789273897647169,19.328398711610028,5.331565587905046,0.0,2.132625658474473,0.0,0.6914786520182574,6.039608865388416,0.06072202401469331,106.40188340985812,0.3813606704299421,-0.28,14.665936637467134,1.5686651968731227,13.718962184045965,-0.1339974683838793,-0.2680471428174031,-0.2813848009074762,1.3438552069904754,0.6816283415288267,2.1725763411744583,Pharmaceutical Retailers,Healthcare,PETS
2008Q1,2008,Q1,2007-08-08,2007-06-30,6183084.0,59027235.0,8469203.0,0.25,22695384.0,0.3844900409,70039119.0,59142681.0,66418650.0,10896438.0,10896438.0,15674851.0,44800196.0,310077281.64,308076944.64,2.4490411552357934,6.095446053104694,0.0,0.0,0.09737255753988294,2.4490411552357934,0.10454520991363242,5.25312225178767,12.537322865094504,5.2428682027451545,0.0,2.317843467858163,0.0,0.8427752353652536,4.545728154466625,0.08828043653718717,33.53161239071419,0.3844900409107762,0.6666666666666667,3.7076274352608927,1.7343306683956194,14.367267366742853,0.5407251679290737,0.7061306459450354,0.5062878763895347,2.1005295881093997,0.525023284396149,2.3549415583579068,Pharmaceutical Retailers,Healthcare,PETS
2007Q4,2007,Q4,2007-06-04,2007-03-31,3624039.0,36408023.0,5622566.0,0.15,14730326.0,0.4045901092,61218487.0,53863573.0,57968369.0,7354914.0,7354914.0,16086207.0,38617112.0,286169453.84999996,285852983.84999996,2.2304384044586594,7.88158352361428,0.0,0.0,0.062268089149594336,2.2304384044586594,0.06728181585725848,7.860065729193809,19.74105782595055,5.312856869892386,0.0,1.3475953032308983,0.0,0.5947226856488629,5.54880600915252,0.05919844115062824,228.35554000837868,0.4045901091635764,0.3636363636363636,1.129131068952121,1.3484791637802804,22.380748494020494,0.1518076215761556,0.31580650010129857,0.45461511814388894,1.4677417210985542,0.5462001009726116,2.509094551145288,Pharmaceutical Retailers,Healthcare,PETS
2007Q3,2007,Q3,2007-02-05,2006-12-31,2754234.0,31352277.0,3865329.0,0.11,12788877.0,0.4079090332,54409719.0,49902519.0,51101132.0,4507200.0,4507200.0,10031304.0,34993073.0,,,,,,,,,,,,,,,,,,,,,,,,,,,,,,,Pharmaceutical Retailers,Healthcare,PETS
2007Q2,2007,Q2,2006-11-06,2006-09-30,3314971.0,43812754.0,4800446.0,0.14,16922641.0,0.3862491958,53502446.0,46695478.0,50731857.0,6806968.0,6806968.0,9863560.0,32238839.0,,,,,,,,,,,,,,,,,,,,,,,,,,,,,,,Pharmaceutical Retailers,Healthcare,PETS
2007Q1,2007,Q1,2006-07-31,2006-06-30,4750258.0,50673353.0,7211684.0,0.2,20124325.0,0.3971382158,51708924.0,42994511.0,48936294.0,8714413.0,8714413.0,13738142.0,28923868.0,,,,,,,,,,,,,,,,,,,,,,,,,,,,,,,Pharmaceutical Retailers,Healthcare,PETS
