Quarters,Year,Quarter,FillingDate,Date,NetIncome,Revenue,OperatingIncome,EPSDiluted,GrossProfit,GrossProfitRatio,TotalAssets,CommonStockEquity,CurrentAssets,CurrentLiability,TotalLiability,Inventory,RetainedEarnings,MarketCap,EnterpriseValue,bookValuePerShare,currentRatio,debtToAssets,debtToEquity,roic,shareholdersEquityPerShare,roe,priceToSalesRatio,peRatio,pbRatio,payoutRatio,inventoryTurnover,dividendYield,assetTurnover,quickRatio,returnOnAssets,priceToFreeCashFlowsRatio,grossProfitMargin,epsdilutedGrowth,fiveYNetIncomeGrowthPerShare,fiveYRevenueGrowthPerShare,fiveYShareholdersEquityGrowthPerShare,grossProfitGrowth,netIncomeGrowth,operatingIncomeGrowth,threeYNetIncomeGrowthPerShare,threeYRevenueGrowthPerShare,threeYShareholdersEquityGrowthPerShare,Industry,Sector,Symbol
2023Q3,2023,Q3,2023-05-05,2023-03-31,98577000.0,457773000.0,133525000.0,1.63,188476000.0,0.4117237146,1375197000.0,-184535000.0,1152392000.0,362380000.0,1559732000.0,743397000.0,-187926000.0,16421215290.0,17419344290.0,-3.0531427342366935,3.180065125006899,0.8367157578150621,-6.235397079144878,0.10935222821303908,-3.0531427342366935,-0.534191345815157,35.87196119037165,41.64565590857908,-88.98699590863522,0.3678850036012457,0.362251932681999,0.002208423637322643,0.3328781258248818,0.8251007229979579,0.0716820935473245,-99.89363690559472,0.41172371459216683,-0.12365591397849472,0.21889990175109597,1.3223982253939557,-1.8199336341988597,-0.04598579679187694,-0.12145626308988013,-0.0801085750897329,0.01626561002696018,0.4507271167784054,0.4456955753492623,Communication Equipment,Technology,UI
2023Q2,2023,Q2,2023-02-03,2022-12-31,112205000.0,493571000.0,145153000.0,1.86,197561000.0,0.4002686544,1268659000.0,-247950000.0,1044659000.0,514601000.0,1516609000.0,644133000.0,-250238000.0,16529144369.999998,17325798370.0,-4.103162388919228,2.0300368635117305,0.7536769139697902,-3.8562573099415203,0.1579814128074668,-4.103162388919228,-0.4525307521677758,33.48888887313071,36.82800314157122,-66.66321584996975,0.32313176774653535,0.45954795050090586,0.0021935194701188277,0.3890493820640535,0.6055409919529888,0.08844378197766303,-371.80071462311895,0.40026865435773173,0.20779220779220783,3.8020074888277735,1.52884073620521,-1.669342209837896,0.15284650576537043,0.2041488699534245,0.1896519223361445,0.40590753801601326,0.721417293930325,0.08733239795536193,Communication Equipment,Technology,UI
2023Q1,2023,Q1,2022-11-04,2022-09-30,93182000.0,498083000.0,122013000.0,1.54,171368000.0,0.3440551073,937239000.0,-325472000.0,711562000.0,361494000.0,1262711000.0,354662000.0,-326186000.0,17738950120.0,18457197120.0,-5.386201532427557,1.9683922831360963,0.9120043019976761,-2.6262351292891553,0.1719826113676571,-5.386201532427557,-0.2862980532887622,35.61444602606393,47.59221233714666,-54.502230975322,0.38908802129166575,0.9212010308406313,0.002043863912730817,0.5314364852508272,0.7869120925935147,0.09942181236589599,532.3495024308265,0.34405510728131655,0.006535947712418306,0.6492879417444043,1.6865251983732974,-1.7690926582000037,0.01022200738059587,0.007329412782149961,0.08388558230434397,0.07453605774402959,0.7437671107281154,-0.538516219151226,Communication Equipment,Technology,UI
2022Q4,2022,Q4,2022-08-26,2022-06-30,92504000.0,443145000.0,112570000.0,1.53,169634000.0,0.3827956989,844712000.0,-382876000.0,621573000.0,310950000.0,1227588000.0,262441000.0,-383112000.0,15013230060.0,15730262060.0,-6.329993717554475,1.9989483839845634,1.0101146899771756,-2.2285439672374348,0.1854446122249409,-6.329993717554475,-0.2416030255226235,33.87882083742342,40.57454288463202,-39.211729280498126,0.3918857562916198,1.0421809092329324,0.002414603643261562,0.5246107549081818,0.8241775205016884,0.10950951330157498,222.17465386095245,0.3827956989247312,0.8658536585365855,1.0231984031839436,1.5724589324563902,-1.8443862638767572,0.4621351859194263,0.837073519482067,0.7980704724786761,0.5136843750775173,0.7934858947883207,-5.474040605246733,Communication Equipment,Technology,UI
2022Q3,2022,Q3,2022-05-06,2022-03-31,50354000.0,358068000.0,62606000.0,0.82,116018000.0,0.3240110817,759689000.0,-334997000.0,543272000.0,241344000.0,1094686000.0,241130000.0,-334626000.0,17880426760.0,18521606760.0,-5.454999918581362,2.2510275788915406,1.0339652147128628,-2.3447732367752545,0.10345383953985003,-5.454999918581362,-0.15031179383695972,49.935841125149416,88.77361659451087,-53.3748862228617,0.7319974579973786,1.0038153693028657,0.002061416122486329,0.4713349804985988,0.9697527181119067,0.06628238660820415,179.55120059447302,0.3240110816939799,-0.5060240963855421,0.03908965438331883,1.1802940584417125,-1.8202218875143275,-0.33589394268967016,-0.5141873052320813,-0.5007137673357737,-0.3449679381147534,0.4435956988296579,-3.045697470796009,Communication Equipment,Technology,UI
2022Q2,2022,Q2,2022-02-04,2021-12-31,103649000.0,431565000.0,125391000.0,1.66,174698000.0,0.4048011308,890848000.0,-4187000.0,672360000.0,253627000.0,895035000.0,276006000.0,-4343000.0,19114464100.0,19475630100.0,-0.06718226016077532,2.6509795881353324,0.6435946424081325,-136.9345593503702,0.16715545500326645,-0.06718226016077532,-24.754955815619777,44.29104329591139,46.10383144072784,-4565.193240983997,0.36127700219008385,0.9306573045513503,0.001959040013054826,0.4844429128201444,1.3398573495724035,0.11634869248177018,208.52294307594966,0.4048011307682504,-0.21327014218009477,1.2547314080593455,1.6646168141042208,-1.0096071031892302,-0.1659720332469219,-0.21567158531971245,-0.22453586315229626,0.5226214938613503,0.6050984773784132,-1.0381778298330187,Communication Equipment,Technology,UI
2022Q1,2022,Q1,2021-11-05,2021-09-30,132150000.0,458914000.0,161698000.0,2.11,209463000.0,0.45643192406420374,998656000.0,57972000.0,780334000.0,322933000.0,940684000.0,261590000.0,57910000.0,18672549730.0,18955075730.0,0.9272701098865945,2.416395970681225,0.5491941168931044,9.460705168012144,0.20197764719861477,0.9272701098865945,2.2795487476712895,40.68855979551724,35.32453600075672,322.0960072103774,0.2837608777903897,0.9535953209220536,0.0020082420741797643,0.45953161048449115,1.3653946793917004,0.1323278486285568,190.60040350322046,0.45643192406420374,-0.14227642276422767,1.4089084785835289,1.9329018929822084,-0.8521157270346426,-0.09224348640074886,-0.14372910349117488,-0.11557310696392238,0.8195435368274159,0.9141765533312691,-0.7472336762743964,Communication Equipment,Technology,UI
2021Q4,2021,Q4,2021-08-27,2021-06-30,154332000.0,477888000.0,182828000.0,2.46,230748000.0,0.48284953796705504,890985000.0,2699000.0,694156000.0,276412000.0,888286000.0,233767000.0,2635000.0,19577747090.0,19860631090.0,0.04303870134426177,2.511309205099634,0.5974309331806933,197.221934049648,0.27148690064981723,0.04303870134426177,57.18117821415339,40.96722891137672,31.71368719708162,7253.703997776955,0.1626623124173859,1.057206534711914,0.0012822721574957275,0.5363591979662957,1.5304219787852915,0.17321503729019008,120.90551912602052,0.48284953796705504,0.060344827586206955,2.518144304596165,2.385704025685857,-0.9919377199740823,0.03596153328125421,0.05652575731644703,0.021385474860335197,1.6021270383122201,1.0932609902315424,-0.9898989606803004,Communication Equipment,Technology,UI
2021Q3,2021,Q3,2021-05-07,2021-03-31,146075000.0,467237000.0,179000000.0,2.32,222738000.0,0.47671310277225476,893008000.0,-60209000.0,697988000.0,257641000.0,953217000.0,224930000.0,-60971000.0,18736223000.0,19085503000.0,-0.9585893965928992,2.709149553060266,0.6854037141884507,-10.165772558919763,0.2537062643669832,-0.9585893965928992,-2.4261323058014583,40.100041306660216,32.06610131781619,-311.1864173130263,0.1719938387814479,1.087000400124483,0.0013409319477036541,0.5232170372493864,1.7509596686862727,0.16357636213785318,139.10420069491877,0.47671310277225476,-0.08661417322834654,2.678282839074962,2.703119851262059,-1.185182320244897,-0.03440353052359607,-0.08513290076909587,-0.061898947125689815,0.738085704857285,1.2810068611658187,-1.2574329980839918,Communication Equipment,Technology,UI
2021Q2,2021,Q2,2021-02-05,2020-12-31,159668000.0,479436000.0,190811000.0,2.54,230674000.0,0.4811361683311224,781152000.0,-181800000.0,610230000.0,235563000.0,962952000.0,233079000.0,-181922000.0,17496833730.0,17953184730.0,-2.8938446110500933,2.590517186485144,0.8262988509278604,-3.550412541254125,0.3231461684827208,-2.8938446110500933,-0.8782618261826183,36.494618113783694,27.395648674123805,-96.24220973597359,0.15729513741012602,1.067286199099876,0.0014354025641186683,0.6137550694359101,1.499887503555312,0.20440068002130188,95.63515271598325,0.4811361683311224,0.032520325203252064,3.3543346637010574,2.994379936937304,-1.5734261316392708,0.011213593084220309,0.020184142764952815,0.00451690681379078,4.835320863058402,1.3628122916891432,-1.472068166767817,Communication Equipment,Technology,UI
2021Q1,2021,Q1,2020-11-06,2020-09-30,156509000.0,473533000.0,189953000.0,2.46,228116000.0,0.48173200178234676,751864000.0,-261862000.0,601951000.0,267050000.0,1013726000.0,256038000.0,-261933000.0,10601575920.0,11116168920.0,-4.116550336414513,2.254076015727392,0.8552344572954683,-2.455568200044298,0.39245250938674575,-4.116550336414513,-0.5976774026013701,22.388251547410636,16.934450926144823,-40.485354576074414,0.1627382450849472,0.9585178762527438,0.0024024730089373357,0.6298120404754052,1.218730574798727,0.2081613164082866,92.89442208105147,0.48173200178234676,0.6965517241379311,2.9845357185567853,3.280267763934047,-1.8662473271141542,0.5001709851374457,0.6898335096849425,0.608353654406286,1.6314538385038708,1.4262270054826798,-1.5877998849070618,Communication Equipment,Technology,UI
2020Q4,2020,Q4,2020-08-21,2020-06-30,92618000.0,315522000.0,118104000.0,1.45,152060000.0,0.4819315293386832,737451000.0,-295458000.0,586647000.0,264297000.0,1032909000.0,285943000.0,-295978000.0,11117551840.0,11634494840.0,-4.6390742514405945,2.219650620324862,0.8943780671529362,-2.2323308219780813,0.24740274038866697,-4.6390742514405945,-0.31347264247371875,35.235425231838036,30.009155455742945,-37.628197036465416,0.20628819451942387,0.5716593866609779,0.0017185438192658788,0.42785486764544356,1.080988433466895,0.1255920732360523,90.29777081082837,0.4819315293386832,-0.09375000000000008,27.223446624631258,1.9903605504856123,-1.9635754386730162,-0.04745199987471419,-0.10705539808333815,-0.07265403550648963,0.9238171620280918,0.7394929705173441,-1.6188269293471185,Communication Equipment,Technology,UI
2020Q3,2020,Q3,2020-05-08,2020-03-31,103722000.0,337417000.0,127357000.0,1.6,159635000.0,0.47310894234730316,620619000.0,-355986000.0,482796000.0,177749000.0,976605000.0,205244000.0,-356028000.0,9150315400.0,9763362400.0,-5.508061271855175,2.716167179562192,1.113127377666491,-1.940604405791239,0.3044282654160253,-5.508061271855175,-0.2913653907737945,27.11871482468281,22.054904938200192,-25.704143983190352,0.18749156398835348,0.8661982810703358,0.002125281932904739,0.5436781664757283,1.4548323759908635,0.1671266912550212,133.79414542849204,0.47310894234730316,0.21212121212121213,2.429357390686222,2.112282371635764,-2.1120950763158306,0.10027845553671616,0.20872615398958175,0.13662894473796944,1.0337704883956547,0.952218994432241,-1.8282002713797538,Communication Equipment,Technology,UI
2020Q2,2020,Q2,2020-02-07,2019-12-31,85811000.0,308284000.0,112048000.0,1.32,145086000.0,0.47062448910744636,667092000.0,-292105000.0,529364000.0,204686000.0,959197000.0,248585000.0,-292703000.0,12278597540.0,12825416540.0,-4.495790559155341,2.5862247540134646,0.9696158850653284,-2.2143510039198233,0.25306007494625843,-4.495790559155341,-0.29376765204292976,39.82885112428799,35.77221317779772,-42.03487629448315,0.22677745277411987,0.6565078343423778,0.0015848715569188696,0.462131160319716,1.2847532317794084,0.12863443123287344,100.77971650415313,0.47062448910744636,-0.07692307692307684,1.5177138294669166,1.7326676738725646,-2.010594371805218,-0.04164712565476151,-0.1256801092250321,-0.07159724581362013,0.7905567568449481,0.8258074039372781,-1.6429007258107908,Communication Equipment,Technology,UI
2020Q1,2020,Q1,2019-11-08,2019-09-30,98146000.0,323277000.0,120689000.0,1.43,151391000.0,0.46830117824651923,750568000.0,-239427000.0,600782000.0,227257000.0,989995000.0,244112000.0,-239733000.0,8087801400.0,8620368400.0,-3.500906565287323,2.6436237387627224,0.8690858123447842,-2.724454635442118,0.23402211740371212,-3.500906565287323,-0.40992035150588696,25.018177600014848,20.601454465795857,-33.779821824606245,0.21059442055712918,0.704127613554434,0.002555577094165542,0.43070980910457146,1.4362681897587313,0.13076230268276826,69.53241056767283,0.46830117824651923,0.41584158415841577,2.3551279195920345,1.7791028914883118,-1.8585475264396996,0.13881763542128978,0.38438535862895834,0.19630272091985926,0.6354796934089687,0.8886890190342231,-1.5583367959423184,Communication Equipment,Technology,UI
2019Q4,2019,Q4,2019-08-21,2019-06-30,70895000.0,286641000.0,100885000.0,1.01,132937000.0,0.46377524499286565,875865000.0,99277000.0,753811000.0,179186000.0,776588000.0,264281000.0,98815000.0,9194945268.817001,9452173268.817001,1.4148270603827902,4.206863259406427,0.5655837372197771,4.989826445198787,0.12366068856059095,1.4148270603827902,0.7141130372593854,32.07826259612896,32.4245196022886,92.61908869946716,0.24808519641723675,0.581593077065699,0.001912790069522929,0.3272661882824408,2.5898005424530934,0.08094283936451394,92.85853777296737,0.46377524499286565,-0.192,0.801646157352473,1.3074552261572567,-0.6281217481893306,0.0008055409169615298,-0.19711211778029444,-0.012258045566249253,0.44434755462965453,0.8149288897653828,-0.7349657031281952,Communication Equipment,Technology,UI
2019Q3,2019,Q3,2019-05-10,2019-03-31,88300000.0,284911000.0,102137000.0,1.25,132830000.0,0.46621576562505485,930549000.0,188100000.0,861147000.0,171069000.0,742449000.0,279924000.0,187083000.0,10907600552.7,11063812552.7,2.666572157641055,5.033916139101766,0.5012911732751312,2.4799362041467305,0.1396080863734268,2.666572157641055,0.46943115364168,38.2842380697832,30.882221270385052,57.98830703189793,0.19967157417893544,0.5432938940569583,0.0016163958255361423,0.3061751718609122,3.1066762534415937,0.09489022071916686,941.9344173316063,0.46621576562505485,0.146788990825688,1.4343904612907568,1.393512241089585,-0.17434504602571302,-0.0527772033287932,0.1350197953622294,0.11433933032938019,0.9798088790023519,1.0106343439161036,-0.4848659697180822,Communication Equipment,Technology,UI
2019Q2,2019,Q2,2019-02-08,2018-12-31,77796000.0,307276000.0,91657000.0,1.09,140231000.0,0.4563682161965139,936312000.0,125336000.0,865917000.0,232097000.0,810976000.0,255778000.0,125413000.0,7080477534.9,7259722534.9,1.7597191997191997,3.7308409845883403,0.5047238527328497,3.7704969043211847,0.13483733831358846,1.7597191997191997,0.6206995595838386,23.042728800492064,22.753347006594172,56.49196986420502,0.22665689752686513,0.6530858791608348,0.0024903687516959314,0.3281769324754996,2.4608245690379453,0.0830876887191449,144.3022303156908,0.4563682161965139,-0.06034482758620676,1.2910685044643695,1.7317701164047932,-0.343663597129793,0.06553652569031806,-0.09226048096332684,-0.07991527635567869,0.8713171626736296,1.2580501579763956,-0.6513050598455692,Communication Equipment,Technology,UI
2019Q1,2019,Q1,2018-11-09,2018-09-30,85703000.0,282905000.0,99618000.0,1.16,131606000.0,0.4651950301337905,1003497000.0,270639000.0,931746000.0,152160000.0,732858000.0,139926000.0,270712000.0,7161242179.999999,7159108179.999999,3.6684875430368424,6.12346214511041,0.47700989639231606,1.7686955686357102,0.11735167232667368,3.6684875430368424,0.31666906838999553,25.313240062918645,20.889706836400123,26.46049601129179,0.21593176434897263,1.081278675871532,0.002584188543669668,0.28191912880656345,4.878890641430074,0.08540434101945496,79.65255021911773,0.4651950301337905,0.23404255319148934,1.5055530896121103,1.5846809173179826,0.6800767280597361,0.09179449316000365,0.22282624204548698,0.13054531010611134,0.8813523972898201,1.2049412914708604,-0.2280387049815374,Communication Equipment,Technology,UI
2018Q4,2018,Q4,2018-08-24,2018-06-30,70086000.0,269778000.0,88115000.0,0.94,120541000.0,0.44681552980598865,1022577000.0,315748000.0,1001352000.0,112916000.0,706829000.0,102220000.0,315281000.0,6278175674.105,6096271674.105,4.2608191080224005,8.86811435049063,0.47407383502660433,1.535328806516589,0.09111868373916233,4.2608191080224005,0.221968151817272,23.27163695373603,22.394542683649373,19.88350100113065,0.0,1.459958912150264,0.0,0.26382169753475776,7.449803393673173,0.06853860393887208,139.07923338218026,0.44681552980598865,-0.28787878787878796,1.857793689483519,2.133997362999952,1.5185291490947677,0.05298053740522031,-0.317824779295107,0.038234947566866975,17.355357285743562,1.1974416796313112,-0.11499139298231414,Communication Equipment,Technology,UI
2018Q3,2018,Q3,2018-05-10,2018-03-31,102739000.0,250404000.0,84870000.0,1.32,114476000.0,0.4571652210028594,1040820000.0,285909000.0,1019493000.0,152476000.0,754911000.0,92772000.0,285834000.0,5282601830.346001,5082673830.346001,3.7236461670704073,6.686252262651172,0.47162621778981956,1.7169029306527601,0.1399821920361698,3.7236461670704073,0.35934160869367526,21.096315675252793,12.854421958423773,18.47651466146921,0.0,1.4651834605268832,0.0,0.24058338617628408,5.569696214486214,0.09870967122076824,44.646736226724144,0.4571652210028594,3.0,4.6329733188983795,2.4121859751502193,1.8161202962378409,0.1813828689370485,2.9965215025554324,0.28435230024213076,1.8592487173387897,0.9441422156777196,-0.2481840045060785,Communication Equipment,Technology,UI
2018Q2,2018,Q2,2018-02-08,2017-12-31,-51459000.0,250811000.0,66080000.0,-0.66,96900000.0,0.38634669133331473,1168328000.0,476030000.0,1147640000.0,104878000.0,692298000.0,98893000.0,475181000.0,5514986847.038,5158903847.038,6.130141396450924,10.942619043078624,0.40030967331091954,0.9824863979160977,-0.05666457965632003,6.130141396450924,-0.10810032981114635,21.988616316820234,-26.793111248945763,11.585376650711089,0.0,1.5563386690665668,0.0,0.2146751597154224,9.372118080054921,-0.044044994213953616,84.22013113385154,0.38634669133331473,-1.7173913043478262,-4.279069707488682,2.7987565542027535,4.76929058778415,-0.13215590742996347,-1.6868068068068067,-0.24100938400928062,-2.263263165972312,0.8601651440602472,0.37797486606836095,Communication Equipment,Technology,UI
2018Q1,2018,Q1,2017-11-09,2017-09-30,74925000.0,245868000.0,87063000.0,0.92,111656000.0,0.4541298582979485,983743000.0,561211000.0,962658000.0,106927000.0,422532000.0,122263000.0,561133000.0,4489162700.0,4155230700.0,7.003319398515006,9.002945935077202,0.30280062983929745,0.5307771943172889,0.08859949862102315,7.003319398515006,0.13350593626995907,18.258426066019165,14.978854521187856,7.999063988410776,0.0,1.0977319385259645,0.0,0.24993113038669654,7.111384402442788,0.0761631848968684,47.76314742307529,0.4541298582979485,0.2432432432432433,5.453870503723011,3.535819429479147,4.607414146624684,0.08215819110477908,0.23479679620290714,0.21511514305652477,1.1859166229835099,0.8038573479381711,0.7174644436615395,Communication Equipment,Technology,UI
2017Q4,2017,Q4,2017-08-25,2017-06-30,60678000.0,228616000.0,71650000.0,0.74,103179000.0,0.45132011757707247,972711000.0,601764000.0,952334000.0,98488000.0,370947000.0,142048000.0,601159000.0,4171735920.2720003,3824101920.2720003,7.496561690253139,9.669543497684996,0.2637617956412542,0.426353188293085,0.07213289242268983,7.496561690253139,0.10083354936486728,18.247786332855096,17.188008505026534,6.932511616301408,0.0,0.8830606555530525,0.0,0.23502972619822332,7.561926326049874,0.06238029589466964,93.50942371667452,0.45132011757707247,-0.038961038961038995,1.4402845333764096,1.7606561080612801,4.2643265031370365,0.04130755101628888,-0.05826297491929476,-0.02396163958097781,0.3479269425634011,0.6087286559777919,0.9704233358442514,Communication Equipment,Technology,UI
2017Q3,2017,Q3,2017-05-04,2017-03-31,64432000.0,218359000.0,73409000.0,0.77,99086000.0,0.453775663013661,882031000.0,543038000.0,862711000.0,99103000.0,338993000.0,132512000.0,542958000.0,4103829356.696,3795135356.696,6.650639298486259,8.70519560457302,0.2553765117099059,0.4147960179582276,0.08506723105870528,6.650639298486259,0.11865099679948733,18.7939556267248,15.923102482834617,7.557167926914875,0.0,0.9000920671335426,0.0,0.24756386113413248,6.652523132498511,0.07304958669253121,-324.5673328611199,0.453775663013661,0.0694444444444445,1.596274096076479,1.6799821159643662,4.909199189436256,0.041486666876885396,0.06309398099260824,0.05170487106017192,0.5346161869347356,0.5847697070745526,1.0592479630286507,Communication Equipment,Technology,UI
2017Q2,2017,Q2,2017-02-09,2016-12-31,60608000.0,213536000.0,69800000.0,0.72,95139000.0,0.44554079874119584,905438000.0,574606000.0,886592000.0,119278000.0,330832000.0,104417000.0,572690000.0,4749368117.831,4334330117.831,6.99297788703769,7.432988480692164,0.2183330056834372,0.3440392199176479,0.07981587485527342,6.99297788703769,0.10547749240349039,22.241533595417167,19.59051658952201,8.265434259007042,0.0,1.1338862445770326,0.0,0.2358372412026003,6.107924344807928,0.0669377693447812,115.47211567787504,0.44554079874119584,-0.16279069767441862,1.613525828167006,1.5889760288316948,7.148461746690459,-0.032196044921875,-0.1557363347634702,-0.06811567114362767,0.5471599572069346,0.6455499459359351,1.6082263309178018,Communication Equipment,Technology,UI
2017Q1,2017,Q1,2016-11-07,2016-09-30,71788000.0,204757000.0,74902000.0,0.86,98304000.0,0.4801008024145695,803973000.0,512981000.0,785602000.0,77121000.0,290992000.0,79841000.0,512082000.0,4376942000.0,4003420000.0,6.270241529359996,10.18661583745024,0.2489163193291317,0.39011581325624145,0.10216896387746796,6.270241529359996,0.1399428048992068,21.376275292175603,15.242596255641612,8.532366695842535,0.0,1.3333124585112912,0.0,0.25468143830700785,8.679503637141634,0.08929155581095385,138.05210534615992,0.4801008024145695,0.24637681159420297,1.5604899876222578,0.9827266156384274,3.921364648002191,0.09522377084795615,0.24403008352684297,0.14099868994302775,0.8925430214195647,0.6869079806628402,1.8716158223807875,Communication Equipment,Technology,UI
2016Q4,2016,Q4,2016-08-22,2016-06-30,57706000.0,185676000.0,65646000.0,0.69,89757000.0,0.48340657920248176,748051000.0,440376000.0,728641000.0,90920000.0,307675000.0,57113000.0,440294000.0,3189218039.9999995,2841687039.9999995,5.338279147574369,8.014089309282886,0.2720402753288212,0.4621051101785747,0.09078171506921318,5.338279147574369,0.13103802205388124,17.176253473793057,13.816665684677503,7.242034170799498,0.0,1.6794600178593315,0.0,0.24821302290886585,6.9711944566652,0.07714179915540519,72.25888254486132,0.48340657920248176,0.11290322580645154,1.4191696497478268,1.0896214414723924,2.640128875220676,0.08805595626295565,0.09501129053682233,0.09158934450763244,1.1137115437840723,0.937639667757839,2.1554054040587856,Communication Equipment,Technology,UI
2016Q3,2016,Q3,2016-05-05,2016-03-31,52699000.0,167433000.0,60138000.0,0.62,82493000.0,0.49269259942783084,658354000.0,431453000.0,641428000.0,57315000.0,226901000.0,42776000.0,431370000.0,2773021230.0000005,2426472230.0000005,5.176462824988902,11.19127628020588,0.23695458674208708,0.3615689310307264,0.09047487384283387,5.176462824988902,0.12214308395120674,16.56197541703249,13.154999288411547,6.427168729850066,0.0,1.9856929119132223,0.0,0.2543206238588966,10.081025909447789,0.08004660106872595,110.6023145341417,0.49269259942783084,0.08771929824561413,2.0373951079841044,1.458839835039714,8.64978255417082,0.043673536519021776,0.06565962953975572,0.06559642781203487,1.6617285374068647,1.1018006258260402,2.91485693594804,Communication Equipment,Technology,UI
2016Q2,2016,Q2,2016-02-04,2015-12-31,49452000.0,161871000.0,56436000.0,0.57,79041000.0,0.48829623589154325,636755000.0,427567000.0,619940000.0,70556000.0,209188000.0,33105000.0,427482000.0,2684903644.724,2313731644.724,5.046586563429488,8.786495833097113,0.19709307347409916,0.2935212493012791,0.09045756686459379,5.046586563429488,0.11565906629838131,16.586687206009724,13.573281387628407,6.279492207593196,0.0,2.5020389669234255,0.0,0.2542123736759036,7.954532569873575,0.07766252326247929,35.25577630784584,0.48829623589154325,-0.06557377049180334,2.328878056467885,1.653108205272083,0.0,0.07532923378319548,-0.08011681764913782,-0.056806217097016797,1.8882218368270014,1.2470943728720827,3.7495192162595328,Communication Equipment,Technology,UI
2016Q1,2016,Q1,2015-11-05,2015-09-30,53759000.0,151415000.0,59835000.0,0.61,73504000.0,0.4854472806525113,583900000.0,413733000.0,564587000.0,63295000.0,170167000.0,30694000.0,413651000.0,2950531092.938,2609451092.938,4.752165123704946,8.919930484240462,0.16269909231032711,0.22961668515685238,0.10587758827306573,4.752165123704946,0.12993645660365502,19.486385714347985,13.721102945264981,7.131485989606825,0.0,2.5383136769401187,0.0,0.2593166638122966,7.988719488111225,0.09206884740537763,64.28592485212542,0.4854472806525113,11.199999999999998,4.252444646798821,2.290641936308665,0.0,0.11137318939187758,10.898849048251439,7.207818930041152,3.2622437116413048,1.571083913142991,2.8049611085009056,Communication Equipment,Technology,UI
2015Q4,2015,Q4,2015-08-21,2015-06-30,4518000.0,145267000.0,7290000.0,0.05,66138000.0,0.4552857841078841,600572000.0,422154000.0,581346000.0,70134000.0,178418000.0,37031000.0,422067000.0,2798905200.0,2450004200.0,4.814438045275703,8.289075198904953,0.1623452308798945,0.2309583706419932,0.009101243164256555,4.814438045275703,0.010702255574979747,19.26731604562633,154.87523240371848,6.6300572776759195,0.0,2.136831303502471,0.0,0.2418810733767142,7.3075113354435794,0.00752282823708065,171.7541237113402,0.4552857841078841,-0.891304347826087,-0.6427627686674495,1.6510189421829138,6.876102049543845,0.002440244327568698,-0.8901718647446338,-0.8388273529216688,-0.8336609511949504,0.6058738780541144,2.380853095947821,Communication Equipment,Technology,UI
2015Q3,2015,Q3,2015-05-07,2015-03-31,41137000.0,147456000.0,45231000.0,0.46,65977000.0,0.4474351671006944,619285000.0,435377000.0,601191000.0,74379000.0,183908000.0,41717000.0,423293000.0,2597563112.096,2246404112.096,4.952869038951584,8.082805630621547,0.16147654149543425,0.22968599627449315,0.07815585157648682,4.952869038951584,0.09448592828743824,17.615852268446183,15.7860509522814,5.966238712876426,0.0,1.9531366109739434,0.0,0.23810684902750753,7.005566087202033,0.06642660487497679,75.73070297655977,0.4474351671006944,-0.11538461538461538,1.2481396615619766,1.0532573503419078,8.319355407009198,-0.04410251952304371,-0.11083972765589538,-0.10827435285767797,0.5397128484558044,0.6810531201172915,3.400703210143746,Communication Equipment,Technology,UI
2015Q2,2015,Q2,2015-02-05,2014-12-31,46265000.0,153137000.0,50723000.0,0.52,69021000.0,0.45071406648948326,553373000.0,392354000.0,536594000.0,70290000.0,161019000.0,37509000.0,382156000.0,2614129351.804,2297780351.804,4.448659803165676,7.6340019917484705,0.130570157922414,0.18415512521855262,0.09954520651863272,4.448659803165676,0.11791647338882744,17.07052738269654,14.125847572700746,6.6626805176040005,0.0,2.2425551201045084,0.0,0.2767337763136257,6.578844785887039,0.08360545238022093,94.21644027261587,0.45071406648948326,0.2380952380952382,1.9917421148003545,1.4111465667411909,0.0,0.13054659219341205,0.225790212754683,0.16246505019021865,0.8586966779318449,0.7298011197088863,4.183733570404703,Communication Equipment,Technology,UI
2015Q1,2015,Q1,2014-11-06,2014-09-30,37743000.0,150087000.0,43634000.0,0.42,61051000.0,0.4067707396376768,531320000.0,359817000.0,518266000.0,82031000.0,171503000.0,38747000.0,335911000.0,3311647111.7599998,2992885111.7599998,4.0777085222121485,6.3179285879728395,0.13598961078069713,0.20080763276887972,0.08746996727610236,4.0777085222121485,0.10489498828571191,22.06484979885,21.93550533714861,9.203698301525497,0.0,2.2978811262807444,0.0,0.2824794850560867,5.573405176091965,0.07103628698336219,76.16308529610635,0.4067707396376768,-0.23636363636363644,2.6383951151677927,2.218236411778047,0.0,-0.11341688328662088,-0.23624994941114574,-0.17350456491267946,0.24812808342710746,0.34746863751335716,2.8998428474993263,Communication Equipment,Technology,UI
2014Q4,2014,Q4,2014-08-22,2014-06-30,49418000.0,156007000.0,52794000.0,0.55,68861000.0,0.44139686039728987,476151000.0,335264000.0,465724000.0,52315000.0,140887000.0,46349000.0,313168000.0,3982233091.8780003,3707390091.8780003,3.804543700778466,8.902303354678391,0.15174597974172058,0.21551374439247875,0.12255651300885127,3.804543700778466,0.14740025770735898,25.52598980736762,20.14566095288154,11.877902464559273,0.0,1.8802131653325853,0.0,0.3276418615103192,7.689190480741661,0.10378640389288273,72.41477109175881,0.44139686039728987,0.10000000000000009,2.8880927315238587,1.8328978167199752,5.643509133877169,0.049518380784002926,0.09334277307020067,0.053036800638276656,0.9394051121459827,0.6435917281555791,1.5942872224161249,Communication Equipment,Technology,UI
2014Q3,2014,Q3,2014-05-09,2014-03-31,45199000.0,148331000.0,50135000.0,0.5,65612000.0,0.44233504796704665,434573000.0,283889000.0,424737000.0,67863000.0,150684000.0,66004000.0,263750000.0,3995100537.901,3775838537.901,3.2296447139395457,6.258741877016931,0.16661872688823282,0.25505743441979084,0.12757779558645974,3.2296447139395457,0.15921363631560223,26.93368572922046,22.097283888476515,14.072755682330065,0.0,1.2532422277437731,0.0,0.34132585319382475,5.053224879536714,0.10400784218071532,-261.9394530488461,0.44233504796704665,0.06382978723404262,1.4702125231943253,1.0655118171734543,5.772772571571151,0.07611815453248266,0.0815227794793262,0.0639855687606112,1.4702125231943253,1.0655118171734543,5.772772571571151,Communication Equipment,Technology,UI
2014Q2,2014,Q2,2014-02-07,2013-12-31,41792000.0,138439000.0,47120000.0,0.47,60971000.0,0.44041780134210734,392544000.0,235030000.0,382642000.0,73111000.0,157514000.0,32323000.0,218551000.0,4028899472.339,3796994472.339,2.6811238749272768,5.233713121144561,0.1876171843156436,0.31335574182019316,0.13610953177596144,2.6811238749272768,0.17781559800876484,29.10234451519442,24.100901322854856,17.14206472509467,0.0,2.396683476162485,0.0,0.3526712928996495,4.703915963398121,0.10646449824733023,154.2339588216446,0.44041780134210734,0.04444444444444436,1.718987506212679,1.1930291154687247,0.0,0.050807438429588264,0.031188314251875248,0.026668990761722154,1.718987506212679,1.1930291154687247,0.0,Communication Equipment,Technology,UI
2014Q1,2014,Q1,2013-11-08,2013-09-30,40528000.0,129687000.0,45896000.0,0.45,58023000.0,0.44740799000670844,343447000.0,190864000.0,334908000.0,67810000.0,152583000.0,16375000.0,176759000.0,2936135490.0000005,2731295490.0000005,2.18352381279244,4.938917563781153,0.21805111123404775,0.39236838796210916,0.15332432154211634,2.18352381279244,0.2123396764188113,22.64016817414236,18.1117714296289,15.38339073895549,0.0,4.37642748091603,0.0,0.37760411358957857,4.6714938799587085,0.11800365121838303,57.10104025670946,0.44740799000670844,0.40625,2.9439193561118477,1.8071829803817772,0.0,0.3078847714362997,0.40522173294962033,0.38211822808444,2.9439193561118477,1.8071829803817772,0.0,Communication Equipment,Technology,UI
2013Q4,2013,Q4,2013-09-13,2013-06-30,28841000.0,101232000.0,33207000.0,0.32,44364000.0,0.43824087245139876,292340000.0,147436000.0,283474000.0,59421000.0,144904000.0,15880000.0,136231000.0,1518989640.0,1367292640.0,1.691788681323725,4.770602985476515,0.26041253335157694,0.5163528581893161,0.13010595320997076,1.691788681323725,0.19561708130985647,15.005034376481746,13.16692937138102,10.302705173770315,0.0,3.581108312342569,0.0,0.34628172675651636,4.475067736995339,0.0986556748990901,33.5673481835057,0.43824087245139876,0.3913043478260869,1.2945032879766263,0.8587952835635281,3.0648563434057294,0.25092344565064145,0.39550974984274445,0.41288346168574225,1.2945032879766263,0.8587952835635281,3.0648563434057294,Communication Equipment,Technology,UI
2013Q3,2013,Q3,2013-05-10,2013-03-31,20667000.0,83155000.0,23503000.0,0.23,35465000.0,0.4264926943659431,251823000.0,115042000.0,243638000.0,56696000.0,136781000.0,19381000.0,107390000.0,1178904200.0,1074584200.0,1.322261045469174,4.297269648652462,0.3072356377296752,0.67252829401436,0.10873852765122971,1.322261045469174,0.1796474331113854,14.177189585713426,14.260707891808199,10.247598268458477,0.0,2.4606573448222484,0.0,0.33021209341481916,3.9095174262734584,0.08206954884978734,34.45275001461219,0.4264926943659431,0.15,0.14113631998822287,0.16987301498844676,2.9540388523337735,0.16335902903067082,0.1608717631859799,0.16819921467269744,0.14113631998822287,0.16987301498844676,2.9540388523337735,Communication Equipment,Technology,UI
2013Q2,2013,Q2,2013-02-08,2012-12-31,17803000.0,74901000.0,20119000.0,0.2,30485000.0,0.4070039118302826,230179000.0,93604000.0,222479000.0,55247000.0,136575000.0,14623000.0,86723000.0,1069461160.0,999770160.0,1.0625468249824053,4.026987890745199,0.34151681951872237,0.8398145378402633,0.10439944563105576,1.0625468249824053,0.1901948634673732,14.278329528310703,15.017990788069428,11.425378829964531,0.0,3.037406824864939,0.0,0.3254032731048445,3.6961825981501257,0.07734415389761881,41.59385345364032,0.4070039118302826,0.4285714285714285,0.1525700740927116,0.18068392556253038,0.0,0.21842525979216626,0.350861218605357,0.27537242472266243,0.1525700740927116,0.18068392556253038,0.0,Communication Equipment,Technology,UI
2013Q1,2013,Q1,2012-11-09,2012-09-30,13179000.0,61535000.0,15775000.0,0.14,25020000.0,0.4065978711302511,211156000.0,113616000.0,204305000.0,44970000.0,97540000.0,7632000.0,84572000.0,1090730300.0,1008095300.0,1.2489392107288118,4.543139871025128,0.23608611642577051,0.4387674271229404,0.08106370897839577,1.2489392107288118,0.11599598648077736,17.725364426749003,20.69068783670992,9.600146986339952,0.0,4.784460167714885,0.0,0.29141961393472127,4.2998221036246385,0.06241357100911175,51.09764358662044,0.4065978711302511,-0.5333333333333333,0.23231917322161064,0.27986563156783906,0.0,-0.39036573182914647,-0.537335439705108,-0.5368467410452143,0.23231917322161064,0.27986563156783906,0.0,Communication Equipment,Technology,UI
2012Q4,2012,Q4,2012-09-28,2012-06-30,28485000.0,94868000.0,34060000.0,0.3,41041000.0,0.4326116287894759,213736000.0,130951000.0,207897000.0,52435000.0,82785000.0,7734000.0,71393000.0,1310401500.0,1217932500.0,1.424030535679332,3.964851721178602,0.13844649474117604,0.22597001932020375,0.1781257637996049,1.424030535679332,0.2175241120724546,13.81289265084117,11.500803054239073,10.006807889974112,0.0,6.959787949314714,0.0,0.4438559718531272,3.7704586631067034,0.13327188681363925,46.15389898562975,0.4326116287894759,0.0,1.1476450292272304,0.6508263683790867,2.7380530542976698,0.03484707128268489,0.020236389684813755,0.046197321538272516,1.1476450292272304,0.6508263683790867,2.7380530542976698,Communication Equipment,Technology,UI
2012Q3,2012,Q3,2012-05-02,2012-03-31,27920000.0,91665000.0,32556000.0,0.3,39659000.0,0.4326515027545955,177515000.0,103387000.0,174545000.0,47770000.0,74128000.0,9111000.0,42908000.0,2905563338.139,2842694338.139,1.1254721807948966,3.653862256646431,0.17649776075261245,0.3030458374844033,0.2084643506383513,1.1254721807948966,0.2700532949016801,31.697630918442155,26.01686370110136,28.10375906196137,0.0,5.708045220063659,0.0,0.5163788975579529,3.4064894285116183,0.1572824831704363,93.0494888278678,0.4326515027545955,0.8749999999999999,0.46010320289050105,0.2214113437406705,2.6632240479516716,0.0635290962724591,0.13077639625774573,0.04426481909160893,0.46010320289050105,0.2214113437406705,2.6632240479516716,Communication Equipment,Technology,UI
2012Q2,2012,Q2,2012-02-01,2011-12-31,24691000.0,87817000.0,31176000.0,0.16,37290000.0,0.4246330437159092,144160000.0,75081000.0,141521000.0,41069000.0,69079000.0,8980000.0,14988000.0,1594888010.0,1563116010.0,0.8581960748454056,3.445932455136478,0.22941176470588234,0.4404842769808607,0.23060477266675045,0.8581960748454056,0.32885816651349875,18.16149504082353,16.148475254141186,21.242231856261903,0.0,5.626614699331848,0.0,0.6091634295227525,3.0743626579658625,0.17127497225305216,476.6551135684399,0.4246330437159092,-0.5331168287349369,0.6095913606136311,0.3938865799479713,0.0,0.1295550237785115,0.14879263015865632,0.13367272727272728,0.6095913606136311,0.3938865799479713,0.0,Communication Equipment,Technology,UI
2012Q1,2012,Q1,2011-11-14,2011-09-30,21493000.0,79167000.0,27500000.0,0.34269815201619974,33013000.0,0.4170045599808001,119305000.0,-134612000.0,115194000.0,49538000.0,253917000.0,8374000.0,0.0,1097547500.0,1113850500.0,-2.1463399078399794,2.3253663854011064,0.5773354008633335,-0.5116854366624075,-0.3346904099876788,-2.1463399078399794,-0.1596663001812617,13.863699521265174,12.766336714279069,-8.153415000148575,0.0,5.511583472653451,0.0,0.6635681656259168,2.0319148936170213,0.1801517119986589,70.745616862189,0.4170045599808001,0.18171776557310265,1.9150815236666214,1.3883571922809563,0.0,0.17747975889003817,0.18516680452164322,0.2141280353200883,1.9150815236666214,1.3883571922809563,0.0,Communication Equipment,Technology,UI
2011Q4,2011,Q4,2011-06-30,2011-06-30,18135000.0,67554000.0,22650000.0,0.29,28037000.0,0.41503093821239306,131678000.0,91975000.0,128102000.0,37801000.0,39703000.0,5663000.0,15035000.0,1097547500.0,1021186500.0,1.4665082832405887,3.388852146768604,0.0,0.0,0.19692101642262724,1.4665082832405887,0.1971731448763251,16.24696539065044,15.130238489109457,11.933106822506115,0.0,6.9781034787215255,0.0,0.5130241953857136,3.073252030369567,0.13772232263551998,134.81728288907996,0.41503093821239306,4.8,1.004786265218009,0.7236018946743075,2.789897854699586,0.32851592115238815,0.3914678124760224,0.39110674364328707,1.004786265218009,0.7236018946743075,2.789897854699586,Communication Equipment,Technology,UI
2011Q3,2011,Q3,2011-03-31,2011-03-31,13033000.0,51151000.0,16282000.0,0.05,21104000.0,0.4125823542061739,116533000.0,-42367000.0,113829000.0,38585000.0,158900000.0,5034000.0,24418000.0,1095675000.0,1024186000.0,-0.6766810413671938,2.9500842296229104,0.0,0.0,-0.3074515516677967,-0.6766810413671938,-0.3076214978639035,21.420402338175208,21.017321414869944,-25.86151957891755,0.0,5.9688120778704805,0.0,0.438940042734676,2.6757807438123624,0.11183956475848043,67.20283366045142,0.4125823542061739,-0.1666666666666666,0.0,0.0,0.0,0.16971510918966856,0.187192566952086,0.1902046783625731,0.0,0.0,0.0,Communication Equipment,Technology,UI
2011Q2,2011,Q2,2010-12-31,2010-12-31,10978000.0,45087000.0,13680000.0,0.06,18042000.0,0.4001596912635571,,,,,,,,1095675000.0,,,0.0,0.0,0.0,0.0,,0.0,24.301350721937588,24.951607760976497,0.0,0.0,0.0,0.0,0.0,0.0,0.0,60.38107571916676,0.4001596912635571,0.0,0.0,0.0,0.0,0.32379484921857804,0.44809391900804646,0.4448669201520912,0.0,0.0,0.0,Communication Equipment,Technology,UI
2011Q1,2011,Q1,2010-09-30,2010-09-30,7581000.0,34082000.0,9468000.0,0.06,13629000.0,0.39988850419576316,,,,,,,,1128505000.0,,,0.0,0.0,0.0,0.0,,0.0,33.11146646323573,37.21491228070175,0.0,0.0,0.0,0.0,0.0,0.0,0.0,57.07591543597006,0.39988850419576316,-0.5714285714285715,0.0,0.0,0.0,-0.1443907338815996,-0.18492635200516075,-0.22552147239263803,0.0,0.0,0.0,Communication Equipment,Technology,UI
2010Q4,2010,Q4,2010-06-30,2010-06-30,9301000.0,40299000.0,12225000.0,0.14,15929000.0,0.3952703541030795,82090000.0,-52835000.0,81128000.0,26125000.0,134925000.0,4803000.0,7376000.0,1128505000.0,1100090000.0,-0.8193251248332971,3.105377990430622,0.0,0.0,-0.17220709103429832,-0.8193251248332971,-0.17603861076937635,28.003300330033003,30.33289431243952,-21.359042301504687,0.0,5.073912138246929,0.0,0.4909124132050189,2.4766698564593304,0.11330247289560239,127.83246488445855,0.3952703541030795,0.0,0.0,0.0,0.0,0.0,0.0,0.0,0.0,0.0,0.0,Communication Equipment,Technology,UI
