Quarters,Year,Quarter,FillingDate,Date,NetIncome,Revenue,OperatingIncome,EPSDiluted,GrossProfit,GrossProfitRatio,TotalAssets,CommonStockEquity,CurrentAssets,CurrentLiability,TotalLiability,Inventory,RetainedEarnings,MarketCap,EnterpriseValue,bookValuePerShare,currentRatio,debtToAssets,debtToEquity,roic,shareholdersEquityPerShare,roe,priceToSalesRatio,peRatio,pbRatio,payoutRatio,inventoryTurnover,dividendYield,assetTurnover,quickRatio,returnOnAssets,priceToFreeCashFlowsRatio,grossProfitMargin,epsdilutedGrowth,fiveYNetIncomeGrowthPerShare,fiveYRevenueGrowthPerShare,fiveYShareholdersEquityGrowthPerShare,grossProfitGrowth,netIncomeGrowth,operatingIncomeGrowth,threeYNetIncomeGrowthPerShare,threeYRevenueGrowthPerShare,threeYShareholdersEquityGrowthPerShare,Industry,Sector,Symbol
2023Q1,2023,Q1,2023-05-11,2023-03-31,-3870230.0,54990.0,-4338633.0,-0.74,54990.0,1.0,34021852.0,31960019.0,30614829.0,1930102.0,2061833.0,0.0,-187295362.0,28155281.9809,23386101.9809,6.138464351504086,15.861767409183557,0.0,0.0,-0.13575890605764576,6.138464351504086,-0.1210959855812351,512.0073100727406,-1.8187085768093885,0.8809532303751134,0.0,0.0,0.0,0.0016163141265795877,15.27799981555379,-0.11375718170780356,-7.160446041575694,1.0,-28.48207171314741,-4.811405533301666,-0.47529261455016686,6.829268434161384,-0.9929737792532402,-0.7355968596084241,-0.6942272299677488,-4.326173463071176,0.0,37.733585316522024,Biotechnology,Healthcare,LPCN
2022Q4,2022,Q4,2023-03-10,2022-12-31,-2229913.0,9496888.0,-2560833.0,-0.0251,7826398.0,0.8241013267,37542922.0,35634940.0,34135080.0,1678126.0,1907982.0,0.0,-183425043.0,598200951.5118,595052455.5118,0.40284931783370187,20.341190113257287,0.0,0.0,-0.0718784849861565,0.40284931783370187,-0.06257658915659743,62.98915513290249,-67.06550339764377,16.78692181077897,0.0,0.0,0.0,0.25296081109509805,19.777871864210436,-0.05939636238223546,-309.04460397810345,0.8241013266661669,0.007905138339920901,0.8994564829070151,0.0,-0.5486611988269883,4.7260896805990384,0.006808305188092459,0.11676256677741483,0.6833821239987404,0.0,1.649078459668479,Biotechnology,Healthcare,LPCN
2022Q3,2022,Q3,2022-11-09,2022-09-30,-2245199.0,0.0,-2899371.0,-0.0253,-2100432.0,0.0,39424228.0,37648823.0,36110540.0,1511306.0,1775405.0,-40774.0,-181195130.0,677074564.35,674677604.35,0.42537928776942985,23.89359931079477,0.0,0.0,-0.07176962583322322,0.42537928776942985,-0.059635303871252494,0.0,-75.39137559187404,17.983950370772547,0.0,-51.514004022170994,0.0,0.0,23.07673230967124,-0.05694972644740184,-209.28135847550365,0.0,-0.29743589743589743,0.8872518302221793,0.0,-0.6261663747083724,0.12409445824291121,-0.29330026157487543,0.17807355909841757,0.7934919637560546,-1.0,0.4119293305856312,Biotechnology,Healthcare,LPCN
2022Q2,2022,Q2,2022-08-08,2022-06-30,-1736023.0,500000.0,-3527531.0,-0.0195,-2398012.0,-4.796024,42193389.0,39889745.0,38079623.0,1713305.0,2303644.0,0.0,-178785965.0,1205091795.339,1200110602.339,0.45073633375140554,22.225828442688254,0.0,0.0,-0.0583332221954727,0.45073633375140554,-0.043520533911660754,2410.183590678,-173.54202613372635,30.210566533804617,0.0,0.0,0.0,0.011850197669592267,21.87355841487651,-0.041144431417917154,-394.25491508101567,-4.796024,0.5063291139240507,0.9375971177546886,0.0,-0.6527726084867312,0.0,0.5022557322263066,-0.1264165101991289,0.8593853181392186,0.0,0.1252806328928202,Biotechnology,Healthcare,LPCN
2022Q1,2022,Q1,2022-05-09,2022-03-31,-3487781.0,0.0,-3131640.0,-0.0395,0.0,0.0,47603591.0,42409853.0,43497549.0,3519953.0,5193738.0,0.0,-176154188.0,2056731236.12,2052480170.12,0.4802404218031583,12.357423238321648,0.03113557126394099,0.03494860026984767,-0.07135282747963391,0.4802404218031583,-0.08223987477626957,0.0,-147.42405243620513,48.496542445454836,0.0,0.0,0.0,0.0,11.96596204551595,-0.07326718272157241,-525.7225504428583,0.0,-1.2633333333333334,0.8479820580358814,0.0,-0.6387898153509195,1.0,-1.2630741742977745,-1.2449665975617703,0.7135934668373507,0.0,-0.10534262347802412,Biotechnology,Healthcare,LPCN
2021Q4,2021,Q4,2022-03-09,2021-12-31,13257785.601,-38853.162,12783947.0,0.15,-38853.162,1.0,52482439.0,45570018.0,46379675.0,5616625.0,6912421.0,-247253.0,-172666407.0,1487582674.655,1486942947.655,0.5161363972289251,8.257570160016025,0.044030442258981145,0.05070932822541347,0.2669990514154264,0.5161363972289251,0.290932200224279,-38287.300134156394,28.051115009409937,32.64389043372772,0.0,0.0,0.0,-0.0007403078580246622,0.5693463601362028,0.2526137476385196,0.0,1.0,6.0,1.9471508549405407,0.0,-0.6287955815494243,0.9831915603841097,5.302663975916635,4.617750425690209,2.088585228645976,0.0,0.279334306530991,Biotechnology,Healthcare,LPCN
2021Q3,2021,Q3,2021-11-10,2021-09-30,-3081297.0,54994.0,-3533673.0,-0.03,-2311527.0,-42.03234898352547,40389109.0,32811088.0,40365356.0,6432543.0,7578021.0,0.0,-185290428.0,1636025744.5,1634644618.5,0.3716258516615293,6.275178572455714,0.07764417382913795,0.09557680623086927,-0.09830212295206171,0.3716258516615293,-0.09391023546674222,29749.167991053568,-132.73840078544848,49.861977892961065,0.0,0.0,0.0,0.0013616046840746103,6.035204894860399,-0.07629029399980079,-234.3612180832906,-42.03234898352547,0.625,0.8031179512430817,0.0,-0.7575873451318428,-0.5781713089554287,0.5474697538170207,-0.1817201672486079,0.6981810796727524,0.0,-0.32806718089991,Biotechnology,Healthcare,LPCN
2021Q2,2021,Q2,2021-08-05,2021-06-30,-6809041.0,0.0,-2990279.0,-0.08,-1464687.0,0.0,47179273.0,35745553.0,47155520.0,8808291.0,11433720.0,0.0,-182209131.0,2101317470.0,2094307384.0,0.4048622702403935,5.35353793374901,0.08388486613602546,0.11071662536595811,-0.07531585631176142,0.4048622702403935,-0.19048638022189782,0.0,-77.15174097203996,58.78542346232551,0.0,0.0,0.0,0.0,5.321388678008026,-0.1443227198519994,-889.152234054167,0.0,-1.0,0.7556325821597332,0.0,-0.7597970363936812,0.0,-1.0216375373283668,0.03988257478825607,0.49625659432339375,0.0,-0.37969342404171763,Biotechnology,Healthcare,LPCN
2021Q1,2021,Q1,2021-05-06,2021-03-31,-3368082.0,0.0,-3114493.0,-0.04,0.0,0.0,50576621.0,42390849.0,45943869.0,5396584.0,8185772.0,0.0,-175400090.0,2101895332.64,2091069508.64,0.5177104097106703,8.513509471917791,0.09442643469598334,0.11266039988960826,-0.06603564170287622,0.5177104097106703,-0.07945304421716111,0.0,-156.0157481795277,49.583704554725955,0.0,0.0,0.0,0.0,8.42856258699948,-0.0665936540125921,-517.4820983737648,0.0,0.4251407894351842,0.8928919761841394,0.0,-0.7359047370188097,1.0,0.2534081266586216,0.3513735001584864,0.6784199210279459,-1.0,-0.33968928763244444,Biotechnology,Healthcare,LPCN
2020Q4,2020,Q4,2021-03-11,2020-12-31,-4511276.0,3.7999421e-11,-4801674.0,-0.06958225468928095,-2479870.0,-6.5260731209562376e+16,25352776.0,15341919.0,25329023.0,6583731.0,10010857.0,0.0,-172032008.0,1498955467.68,1485328493.68,0.23663489338278537,3.8472141404319222,0.22050476839301542,0.3643877926874728,-0.22939035873970975,0.23663489338278537,-0.29404900390883304,39446797562520760000,-83.0671559266159,97.70325783104448,0.0,0.0,0.0,1.4988268345841102e-18,2.9873281578484905,-0.17794011985117528,-406.87938875616885,-6.5260731209562376e+16,0.00596779015312941,0.7259189739438003,0.0,-0.8971300536634487,0.003211996168596236,-0.045909148026851164,-0.09751143756788484,0.7224775951193233,0.0,-0.7348822391721701,Biotechnology,Healthcare,LPCN
2020Q3,2020,Q3,2020-11-10,2020-09-30,-4313258.0,0.0,-4375056.0,-0.07,-2487861.0,0.0,24751684.0,14508301.0,24726774.0,5788514.0,10243383.0,0.0,-167520732.0,1554064124.58,1547483238.58,0.22377710769430856,4.271696328280453,0.25684313035024203,0.4381836301852298,-0.20967792875939686,0.22377710769430856,-0.29729587220447107,0,-90.07484160349321,107.11551439276039,0.0,0.0,0.0,0.0,3.2497457896793547,-0.1742611937030224,-373.25377749660805,0.0,0.4615384615384615,0.8095890766305707,0.0,-0.9117523178972631,-0.09646476132048529,0.322840527414919,-0.036124645028240254,0.7043116185061666,0.0,-0.8033392555022979,Biotechnology,Healthcare,LPCN
2020Q2,2020,Q2,2020-08-06,2020-06-30,-6369634.0,0.0,-4222519.0,-0.13,-2268984.0,0.0,23485295.0,13084968.0,23459586.0,4231794.0,10400327.0,0.0,-163207474.0,1066057399.2600001,1058553512.2600001,0.2629126862723859,5.543650281653597,0.2696977406500536,0.4840616346941009,-0.2174437901963443,0.2629126862723859,-0.48679018550140896,0,-41.84139148575884,81.47191489195846,0.0,0.0,0.0,0.0,4.327308465393164,-0.2712179685203017,-261.3367461992995,0.0,0.07142857142857148,0.5028210985018963,0.0,-0.9168054816243368,0.09665357355855708,-0.10379816765907347,0.08146503763855459,0.5928623901190085,0.0,-0.7974636624247462,Biotechnology,Healthcare,LPCN
2020Q1,2020,Q1,2020-05-07,2020-03-31,-5770651.0,0.0,-4597015.0,-0.14,-2511754.0,0.0,20991956.0,6552736.0,20965448.0,4059855.0,14439220.0,0.0,-156837840.0,337396668.96,328616681.96,0.1584791157684463,5.164087879985861,0.3027255773592513,0.9697936861793303,-0.3561619829813724,0.1584791157684463,-0.8806475646203357,0,-14.616924024689762,51.489434178334065,0.0,0.0,0.0,0.0,3.840550463009147,-0.27489820386437547,-99.93201622385939,0.0,-0.7583646605864084,0.3947097942011762,0.0,-0.9143511814316714,-0.36409991272598513,-0.7528917172300145,-0.3329502962230975,0.46281005584536317,0.0,-0.8808008071148852,Biotechnology,Healthcare,LPCN
2019Q4,2019,Q4,2020-03-13,2019-12-31,-3292075.0,0.0,-3448752.0,-0.07961943454511336,-1841327.0,0.0,19658280.0,6287796.0,19630973.0,4964877.0,13370484.0,0.0,-151067189.0,270549953.92230004,267969170.92230004,0.15207149352764612,3.9539696552402,0.3635994603800536,1.136763978984051,-0.25664984883788466,0.15207149352764612,-0.5235658090688693,0,-20.54554907788401,43.02778810290601,0.0,0.0,0.0,0.0,2.8369456081187914,-0.16746505798065753,-81.78552567419037,0.0,0.3365047121240553,0.7473494086186391,0.0,-0.926044871702557,-0.18915970853001143,-0.07577119142539704,-0.15897634429415988,0.49779391895733494,0.0,-0.8906304406724431,Biotechnology,Healthcare,LPCN
2019Q3,2019,Q3,2019-11-12,2019-09-30,-3060200.0,164990.0,-2975688.0,-0.12,-1548427.0,-9.384974846960422,17341910.0,7505340.0,17310742.0,5234733.0,9836570.0,0.0,-147775114.0,1190041845.16,1191312507.16,0.3012751973875305,3.3069006575884576,0.45757185915507576,1.0572698905046274,-0.19271954099961724,0.3012751973875305,-0.40773635837950045,7212.81195927026,-97.21928674269657,158.55935176287818,0.0,0.0,0.0,0.009513946272354083,2.2076079142909486,-0.1764626849061032,-425.41483464456593,-9.384974846960422,0.14285714285714296,0.6166800805519209,0.0,-0.8715361735870153,0.21165381799519994,0.10796867134204338,0.11189478431195818,0.30700501388865803,0.0,-0.8034772873896929,Biotechnology,Healthcare,LPCN
2019Q2,2019,Q2,2019-08-07,2019-06-30,-3430597.0,0.0,-3350603.0,-0.14,-1964146.0,0.0,19676783.0,9850206.0,19641755.0,4442820.0,9826577.0,0.0,-144714914.0,806844457.3900001,811897228.3900001,0.40055459996025444,4.421010754430744,0.4430139825193986,0.8849652484425199,-0.18045724051579723,0.40055459996025444,-0.348276675635007,0,-58.79767117720328,81.9114298107065,0.0,0.0,0.0,0.0,3.2620779144777416,-0.17434745303640337,-315.4289164472183,0.0,0.0,0.744461603487676,0.0,-0.8487293889120942,-0.007605212276479862,-0.06392519457449157,-0.07210787751884011,0.5579634521317143,0.0,-0.7623527577922543,Biotechnology,Healthcare,LPCN
2019Q1,2019,Q1,2019-05-08,2019-03-31,-3224472.0,0.0,-3125248.0,-0.14,-1949321.0,0.0,22989108.0,12551694.0,22950219.0,4277244.0,10437414.0,0.0,-141284317.0,910300501.4399999,911571901.4399999,0.5367869694095815,5.365655782087718,0.41295656186399227,0.7563523298130117,-0.14179626549945262,0.5367869694095815,-0.25689536408392366,0,-70.57748535574196,72.5241151863645,0.0,0.0,0.0,0.0,4.100493214789711,-0.14026085744605662,-303.1425846462678,0.0,-0.014925572294843701,0.6667691878408868,0.0,-0.8317256683818577,0.10658856905840591,0.0003122016915937137,0.014542620093284664,0.6409269595822419,0.0,-0.7261733718463846,Biotechnology,Healthcare,LPCN
2018Q4,2018,Q4,2019-03-06,2018-12-31,-3225479.0,0.0,-3171368.0,-0.13794114940216418,-2181885.0,0.0,20851953.0,9433673.0,20809203.0,4491748.0,11418280.0,0.0,-138059845.0,516764476.8,518946802.8,0.40344137931270435,4.632762790788798,0.49203376777225616,1.087579037348443,-0.1610359702761383,0.40344137931270435,-0.3419112576829831,0,-40.05331276377865,54.77871416573375,0.0,0.0,0.0,0.0,3.4038174002637724,-0.15468474343866015,-231.4395503099882,0.0,-0.1495095783513682,0.6000919265381217,0.0,-0.8854393727536718,-0.5333866509618608,-0.3116651322124769,-0.34776562903730296,0.45665670173604167,0.0,-0.8246159201352117,Biotechnology,Healthcare,LPCN
2018Q3,2018,Q3,2018-11-07,2018-09-30,-2459072.0,0.0,-2353056.0,-0.12,-1422919.0,0.0,22685391.0,11761939.0,22638196.0,3069608.0,10923452.0,0.0,-134834366.0,495300022.31,500692114.31,0.553069951485987,7.374946898757105,0.44940367128783454,0.8667701813450996,-0.10716734837536025,0.553069951485987,-0.2090702901961998,0,-50.35436358817473,42.11040563209858,0.0,0.0,0.0,0.0,5.5087535607152445,-0.10839892510558888,-147.42555123402295,0.0,0.2,0.703393756804275,0.0,-0.8612798301704229,0.04011055209939705,0.24464099381324103,0.25639977120537477,0.6690520393558866,0.0,-0.7818939490183034,Biotechnology,Healthcare,LPCN
2018Q2,2018,Q2,2018-08-07,2018-06-30,-3255501.0,0.0,-3164410.0,-0.15,-1482378.0,0.0,25302411.0,13878959.0,25250772.0,2843005.0,11423452.0,0.0,-132375294.0,469946311.90000004,478474164.90000004,0.6526809257421475,8.881719166867452,0.40035441681822337,0.7298769309715519,-0.13180158966942704,0.6526809257421475,-0.2345637738392339,0,-36.08863212605372,33.8603429767319,0.0,0.0,0.0,0.0,7.083182055606656,-0.1286636676639234,-171.50542836549428,0.0,-0.15384615384615377,-0.7273808952042882,0.0,2.295662889284508,-0.561226166302965,-0.19688812858666507,-0.20001016311804462,0.4052681522431651,0.0,-0.7934695505189738,Biotechnology,Healthcare,LPCN
2018Q1,2018,Q1,2018-05-07,2018-03-31,-2719971.0,428031.0,-2636986.0,-0.13,-949496.0,-2.2182879277435514,31680648.0,16672262.0,31624564.0,6283934.0,15008386.0,0.0,-129119794.0,553090659.39,554594312.39,0.7840406039369111,5.032606007637891,0.3177007616763394,0.603695287418108,-0.09865139415485244,0.7840406039369111,-0.1631434894677159,1292.1743037069746,-50.83608054920439,33.17430228663633,0.0,0.0,0.0,0.013510803188116607,4.993143626269786,-0.08585591431084365,-147.64001797816513,-2.2182879277435514,0.4815069906027963,-0.39293378978609433,0.0,2.88873433393846,0.4626848779251117,0.48983829577165217,0.5118847531015936,0.4452494128815365,0.0,-0.5762712890516674,Biotechnology,Healthcare,LPCN
2017Q4,2017,Q4,2018-03-12,2017-12-31,-5331586.0,0.0,-5402384.0,-0.25072662050185995,-1767112.0,0.0,25325114.0,18979988.0,25219291.0,6345126.0,6345126.0,0.0,-126399823.0,1243550240.72,1240339491.72,0.8925652232573675,3.9745926243229843,0.0,0.0,-0.2846357963977638,0.8925652232573675,-0.28090565705310244,0,-58.31052151836244,65.5190214408987,0.0,0.0,0.0,0.0,3.910255525264589,-0.2105256465972868,-289.4028699226801,0.0,-0.13966645682663614,-0.7746070207411725,0.0,3.760673631495923,0.13653383551596773,-0.13432014651141813,-0.1335117756620302,0.20438735458549112,0.0,-0.5659293266043051,Biotechnology,Healthcare,LPCN
2017Q3,2017,Q3,2017-11-08,2017-09-30,-4700248.0,0.0,-4766059.0,-0.22,-2046533.0,0.0,26255190.0,23771056.0,26142275.0,2484134.0,2484134.0,0.0,-121068237.0,1409905244.1999998,1400634421.1999998,1.1378839649258183,10.523697594413184,0.0,0.0,-0.20049841285974002,1.1378839649258183,-0.19772987788173987,0,-74.99100282580834,59.31184732390516,0.0,0.0,0.0,0.0,10.341160742536433,-0.17902167152475376,-308.80015721393596,0.0,0.29032258064516125,-0.3898302170831309,0.0,7.251128358562807,0.501683874711248,0.228172642429939,0.22384701344392371,0.29791637439083346,0.0,-0.5148059667177923,Biotechnology,Healthcare,LPCN
2017Q2,2017,Q2,2017-08-07,2017-06-30,-6089766.0,0.0,-6140618.0,-0.31,-4106897.0,0.0,28047569.0,25147630.0,27927561.0,2899939.0,2899939.0,0.0,-116367988.0,1323925192.5,1307294018.5,1.2981013156451435,9.630396018674876,0.0,0.0,-0.24418277189540327,1.2981013156451435,-0.24216063302983223,0,-54.35041315626906,52.64612182142015,0.0,0.0,0.0,0.0,9.599830548159806,-0.21712277452637696,-281.6527124752609,0.0,-0.19230769230769226,0.8205986007957788,0.0,65.34347585137523,-0.3317913740430043,-0.25271349403241133,-0.25091145395672976,0.4241860466069365,0.0,-0.509768258082319,Biotechnology,Healthcare,LPCN
2017Q1,2017,Q1,2017-05-08,2017-03-31,-4861260.0,0.0,-4908915.0,-0.26,-3083739.0,0.0,27222145.0,24877187.0,27095045.0,2344958.0,2344958.0,0.0,-110278223.0,1240555145.7,1233618634.7,1.3295317856823912,11.55459713990613,0.0,0.0,-0.19735438592432128,1.3295317856823912,-0.19541035728838635,0,-63.79802487935226,49.86717934387035,0.0,0.0,0.0,0.0,11.442851428469082,-0.17857740453590265,-395.2384708758357,0.0,-0.6399712182973154,-0.6197274393170973,0.0,0.9917084575287993,-1.3214283563438174,-0.6387367064131486,-0.6281150386505747,0.37218278039843095,0.0,-0.5832125492039072,Biotechnology,Healthcare,LPCN
2016Q4,2016,Q4,2017-03-06,2016-12-31,-2966468.0,0.0,-3015091.0,-0.15853936770301527,-1328380.0,0.0,27342970.0,26016801.0,27208777.0,1326169.0,1326169.0,0.0,-105416963.0,1170575111.8400002,1165014395.8400002,1.3904371057416347,20.51682477874238,0.0,0.0,-0.11589218264197317,1.3904371057416347,-0.11402124342650735,0,-98.65057636219235,44.99304552623514,0.0,0.0,0.0,0.0,20.268328546361737,-0.10849106735661854,-459.5774874640175,0.0,0.11922573498324845,-0.12211888161891492,0.0,5.300574293120998,0.11828172531048779,0.08314580348850327,0.0825048231706946,0.5403752007232263,0.0,-0.6051735019057952,Biotechnology,Healthcare,LPCN
2016Q3,2016,Q3,2016-11-08,2016-09-30,-3235485.0,0.0,-3286220.0,-0.18,-1506581.0,0.0,29554156.0,27981906.0,29411727.0,1572250.0,1572250.0,0.0,-102450495.0,1383918273.4199998,1379211634.4199998,1.5330299148930504,18.706775003975196,0.0,0.0,-0.11744089198212587,1.5330299148930504,-0.11562775602205225,0,-106.93283027274117,49.45761283809616,0.0,0.0,0.0,0.0,18.415835267928127,-0.10947648107426922,-341.7477065053443,0.0,0.43750000000000006,-0.0949749936607202,0.0,9.421919168302741,0.4132568394840365,0.43829467869629596,0.4348835449655381,0.5453045280213287,0.0,-0.6154877523604277,Biotechnology,Healthcare,LPCN
2016Q2,2016,Q2,2016-08-09,2016-06-30,-5760111.0,0.0,-5815120.0,-0.32,-2567701.0,0.0,33347789.0,30763225.0,33197124.0,2584564.0,2584564.0,0.0,-99215011.0,943246977.4399999,930873862.4399999,1.6855007288916863,12.844380715664228,0.0,0.0,-0.1890282959605178,1.6855007288916863,-0.1872401544376443,0,-40.93875002756023,30.66151151057797,0.0,0.0,0.0,0.0,12.784784590360308,-0.1727284228648562,-181.51002535856642,0.0,0.15789473684210525,0.8198884233564303,0.0,84.54584818598578,0.03953405992613875,0.17823579470271897,0.17754063275592172,-2.5608541545407633,0.0,4.345954597652375,Biotechnology,Healthcare,LPCN
2016Q1,2016,Q1,2016-05-09,2016-03-31,-7009445.0,0.0,-7070404.0,-0.38,-2673391.0,0.0,38773982.0,35779518.0,38641931.0,2994464.0,2994464.0,0.0,-93454900.0,3149366207.75,3135251355.75,1.960316909385623,12.904456690746658,0.0,0.0,-0.19763011223926047,1.960316909385623,-0.19590663574618306,0,-112.32580495852383,88.02148222762533,0.0,0.0,0.0,0.0,12.814672008078908,-0.18077702207629848,-480.9424777446802,0.0,-0.4968010215598858,-1.3942586702873605,0.0,1.9366577090566608,0.03339488378029419,-0.5127107981573249,-0.505591237661565,-3.1821307327296955,0.0,5.722354726994067,Biotechnology,Healthcare,LPCN
2015Q4,2015,Q4,2016-03-10,2015-12-31,-4633698.0,0.0,-4696098.0,-0.25387475992232045,-2765753.0,0.0,45377278.0,41985417.0,44877523.0,3391861.0,3391861.0,0.0,-86445455.0,4011951238.05,3991943579.05,2.3003306778114396,13.230944015689323,0.0,0.0,-0.11185069330143844,2.3003306778114396,-0.11036446297532307,0,-216.45515299281482,95.5558268731736,0.0,0.0,0.0,0.0,13.127708653155302,-0.10211493955190525,-1377.9074778319743,0.0,0.2746435430790844,-0.7968890995513074,0.0,8.114843913343972,0.41575457303709484,0.27285204320864825,0.2701108550404508,-0.7968890995513074,0.0,8.114843913343972,Biotechnology,Healthcare,LPCN
2015Q3,2015,Q3,2015-11-12,2015-09-30,-6372428.0,0.0,-6433988.0,-0.35,-4733889.0,0.0,48428217.0,46249241.0,42289119.0,2178976.0,2178976.0,0.0,-81811757.0,3667971281.5200005,3644045750.5200005,2.5357845369104437,19.40779476231037,0.0,0.0,-0.13911553705281346,2.5357845369104437,-0.13778448818219524,0,-143.90006766337729,79.30878868952682,0.0,0.0,0.0,0.0,19.24819915409807,-0.13158502201309621,-658.3113502380206,0.0,-0.34615384615384603,-1.1582619325006294,0.0,14.93069514862118,-0.4971621565206831,-0.5006497197892072,-0.5040613706807539,-1.1582619325006294,0.0,14.93069514862118,Biotechnology,Healthcare,LPCN
2015Q2,2015,Q2,2015-08-11,2015-06-30,-4246446.0,0.0,-4277743.0,-0.26,-3161908.0,0.0,53796691.0,52131686.0,44149504.0,1665005.0,1665005.0,0.0,-75439329.0,2406141420.5400004,2367844177.5400004,3.160216459036511,26.5161389905736,0.0,0.0,-0.08205648672095509,3.160216459036511,-0.081456141664016,0,-141.65618852447437,46.15506624013657,0.0,0.0,0.0,0.0,26.407265443647315,-0.07893507799578231,-622.8507077689459,0.0,-0.13043478260869565,0.8530889853506971,0.0,157.64363710784522,-0.6479471724270923,-0.4366457067886052,-0.4382647124188742,0.8530889853506971,0.0,157.64363710784522,Biotechnology,Healthcare,LPCN
2015Q1,2015,Q1,2015-05-07,2015-03-31,-2955806.0,0.0,-2974239.0,-0.23,-1918695.0,0.0,25057380.0,23720075.0,24950918.0,1337305.0,1337305.0,0.0,-71192883.0,1503707643.6,1478943187.6,1.8503362733721227,18.657612137844396,0.0,0.0,-0.1253975908953989,1.8503362733721227,-0.1246120005944332,0,-127.18253867134717,63.393882338061744,0.0,0.0,0.0,0.0,18.51818096844026,-0.1179614947771874,-494.8900707856722,0.0,0.27015763990653086,-0.4374944189360864,0.0,1.7719009388376952,0.33611259991467396,0.26833587468810643,0.26747897557753436,-0.4374944189360864,0.0,1.7719009388376952,Biotechnology,Healthcare,LPCN
2014Q4,2014,Q4,2015-03-11,2014-12-31,-4039840.0,0.0,-4060278.0,-0.31513654533637164,-2890091.0,0.0,27993502.0,26359970.0,27895967.0,1633532.0,1633532.0,0.0,-68237077.0,1146304667.44,1118638612.44,2.056267050420412,17.0770863380699,0.0,0.0,-0.1540395919181326,2.056267050420412,-0.1532566235849282,0,-70.93750417343261,43.486569500648145,0.0,0.0,0.0,0.0,16.936341008318173,-0.14431349103802732,-307.3055388065828,0.0,0.015198295823838637,-1.2304912207832168,0.0,7.3599634822123035,0.10978966439819056,0.013241649104603459,0.014101032184969178,-1.2304912207832168,0.0,7.3599634822123035,Biotechnology,Healthcare,LPCN
2014Q3,2014,Q3,2014-11-10,2014-09-30,-4094052.0,0.0,-4118351.0,-0.32,-3246526.0,0.0,32017773.0,29960872.0,31953333.0,2056901.0,2056901.0,0.0,-64197237.0,1326972903.88,1295305486.88,2.3452142583624496,15.534696613983852,0.0,0.0,-0.13745764809515557,2.3452142583624496,-0.1366466236363214,0,-81.03053551102917,44.290196356100715,0.0,0.0,0.0,0.0,15.395693327000181,-0.12786810625461054,-531.5143597444354,0.0,0.4181818181818182,-0.9795793070622285,0.0,13.88377005849721,0.4565418595008327,0.41275515744029334,0.4124667133267385,-0.9795793070622285,0.0,13.88377005849721,Biotechnology,Healthcare,LPCN
2014Q2,2014,Q2,2014-08-13,2014-06-30,-6971627.0,0.0,-7009562.0,-0.55,-5973829.0,0.0,35485524.0,33815153.0,35437169.0,1670371.0,1670371.0,0.0,-60103185.0,1324289546.7,1290125540.7,2.6479340374151428,21.215148610697863,0.0,0.0,-0.20729055994512283,2.6479340374151428,-0.20616872560062052,0,-47.48853985949047,39.162606973861685,0.0,0.0,0.0,0.0,20.452944884699267,-0.19646397218200864,-173.19351146306056,0.0,-0.34146341463414653,0.6884386039152515,0.0,132.25114175527966,-0.7731762461193963,-0.3236036677098609,-0.3244025362098408,0.6884386039152515,0.0,132.25114175527966,Biotechnology,Healthcare,LPCN
2014Q1,2014,Q1,2014-05-13,2014-03-31,-5267156.0,0.0,-5292622.0,-0.41,-3368999.0,0.0,42102020.0,40601978.0,42029389.0,1500042.0,1500042.0,0.0,-53131557.0,1609848317.28,1568075322.28,3.1899515763799835,28.018808140038747,0.0,0.0,-0.1303537970490009,3.1899515763799835,-0.12972658622690747,0,-76.40975116742318,39.649504693589066,0.0,0.0,0.0,0.0,27.84788359259274,-0.12510459118113573,-461.18169242126874,0.0,-0.18863958166204506,-1.579934714669061,0.0,3.778715035024444,-0.3667737962325877,-0.1997186541500563,-0.1994591736625007,-1.579934714669061,0.0,3.778715035024444,Biotechnology,Healthcare,LPCN
2013Q4,2013,Q4,2014-03-31,2013-12-31,-4390326.0,0.0,-4412507.0,-0.34493214455024895,-2464928.0,0.0,46107522.0,44823747.0,46033728.0,1283775.0,1283775.0,0.0,-47864401.0,1785114061.5,1739850363.5,3.5216408028669823,35.8580966290822,0.0,0.0,-0.09844127935132241,3.5216408028669823,-0.09794643004744784,0,-101.65042763908649,39.82518600017977,0.0,0.0,0.0,0.0,35.258279682966254,-0.09521930065987931,-434.0103449541802,0.0,0.1155586037173104,-1.441380193985584,0.0,11.892314254183844,-0.5710495236043542,-0.26327992751210744,-0.24444428776300742,-1.441380193985584,0.0,11.892314254183844,Biotechnology,Healthcare,LPCN
2013Q3,2013,Q3,2013-11-13,2013-09-30,-3475339.0,0.0,-3545765.0,-0.39,-1568969.0,0.0,37170611.0,35542300.0,37090775.0,1628311.0,1628311.0,0.0,-43474075.0,1515493220.0,1478654194.0,3.986946903002311,22.778679871351358,0.0,0.0,-0.09819810660499144,3.986946903002311,-0.09778036311662441,0,-109.01765410511032,42.639143218080996,0.0,0.0,0.0,0.0,22.6240724284243,-0.09349695650684892,-338.5799996291354,0.0,-3.400365568831872,-1.4081502041262528,0.0,22.902863224781175,0.0,-1119.3542875564153,-1142.0577047066408,-1.4081502041262528,0.0,22.902863224781175,Biotechnology,Healthcare,LPCN
2013Q2,2013,Q2,2013-07-09,2013-06-30,-3102.0,0.0,-3102.0,-0.088629,0.0,0.0,10.0,-17631.0,10.0,17642.0,17641.0,0.0,-88131.0,5950000.0,5949990.0,-0.5037428571428572,0.0005668291576918716,0.0,0.0,0.17594010549600136,-0.5037428571428572,0.17594010549600136,0,-479.5293359123146,-337.47376779536046,0.0,0.0,0.0,0.0,0.0005668291576918716,-310.2,-13281.25,0.0,0.03484737936817339,0.9494189964467111,0.0,-23.969211550151975,0.0,0.03484754200373367,0.03484754200373367,0.9494189964467111,0.0,-23.969211550151975,Biotechnology,Healthcare,LPCN
2013Q1,2013,Q1,2013-04-24,2013-03-31,-3214.0,0.0,-3214.0,-0.091829,0.0,0.0,458.0,-14529.0,458.0,14988.0,14987.0,0.0,-85029.0,5950000.0,5949542.0,-0.4151142857142857,0.030557779556978918,0.0,0.0,0.22121274691995318,-0.4151142857142857,0.22121274691995318,0,-462.81891723708776,-409.52577603413863,0.0,0.0,0.0,0.0,0.030557779556978918,-7.0174672489082965,-50000.0,0.0,0.35004752275025286,0.42750267189169927,0.0,-1.621863006662767,0.0,0.3500505561172902,0.3500505561172902,0.42750267189169927,0.0,-1.621863006662767,Biotechnology,Healthcare,LPCN
2012Q4,2012,Q4,2013-02-26,2012-12-31,-4945.0,0.0,-4945.0,-0.1412857142857143,0.0,0.0,577.0,-11316.0,577.0,11893.0,11893.0,0.0,-81816.0,5950000.0,5949423.0,-0.3233142857142857,0.048515933742537626,0.0,0.0,0.4369918699186992,-0.3233142857142857,0.4369918699186992,0,-300.8088978766431,-525.8041710851891,0.0,0.0,0.0,0.0,0.048515933742537626,-8.570190641247834,-132222.22222222222,0.0,0.1272502647370279,0.0,0.0,0.0,0.0,0.12725026473702788,0.12725026473702788,0.0,0.0,0.0,Biotechnology,Healthcare,LPCN
2012Q3,2012,Q3,2012-10-26,2012-09-30,-5666.0,0.0,-5666.0,-0.1618857142857143,0.0,0.0,622.0,-6371.0,622.0,6993.0,6993.0,0.0,0.0,5950000.0,5949378.0,-0.18202857142857143,0.08894608894608895,0.0,0.0,0.8893423324438864,-0.18202857142857143,0.8893423324438864,0,-262.5308859865866,-933.9193219274839,0.0,0.0,0.0,0.0,0.08894608894608895,-9.109324758842444,-2115.931721194879,0.0,0.9190571428571428,0.0,0.0,0.0,0.0,0.9074651728699515,0.9074651728699515,0.0,0.0,0.0,Biotechnology,Healthcare,LPCN
2012Q2,2012,Q2,2012-07-18,2012-06-30,-61231.0,0.0,-61231.0,-2.0,0.0,0.0,3434.0,-705.0,3434.0,4139.0,4139.0,0.0,0.0,5940650.0,5937216.0,-0.02017456002289312,0.8296690021744383,0.0,0.0,86.85248226950354,-0.02017456002289312,86.85248226950354,0,-24.25507504368702,-8426.453900709219,0.0,0.0,0.0,0.0,0.8296690021744383,-17.83080955154339,-108.09632985788889,0.0,-11.468827930174564,0.0,0.0,0.0,0.0,-11.724646716541978,-11.724646716541978,0.0,0.0,0.0,Biotechnology,Healthcare,LPCN
2012Q1,2012,Q1,2012-05-14,2012-03-31,-4812.0,0.0,-4812.0,-0.1604,0.0,0.0,27391.0,20026.0,27391.0,7365.0,7365.0,0.0,0.0,5100000.0,5082109.0,0.6675333333333333,3.7190767141887306,0.0,0.0,-0.24028762608608809,0.6675333333333333,-0.24028762608608809,0,-264.9625935162095,254.66893039049236,0.0,0.0,0.0,0.0,2.429192124915139,-0.1756781424555511,-1009.501187648456,0.0,0.0,0.0,0.0,0.0,0.0,0.0,0.0,0.0,0.0,0.0,Biotechnology,Healthcare,LPCN
