Quarters,Year,Quarter,FillingDate,Date,NetIncome,Revenue,OperatingIncome,EPSDiluted,GrossProfit,GrossProfitRatio,TotalAssets,CommonStockEquity,CurrentAssets,CurrentLiability,TotalLiability,Inventory,RetainedEarnings,MarketCap,EnterpriseValue,bookValuePerShare,currentRatio,debtToAssets,debtToEquity,roic,shareholdersEquityPerShare,roe,priceToSalesRatio,peRatio,pbRatio,payoutRatio,inventoryTurnover,dividendYield,assetTurnover,quickRatio,returnOnAssets,priceToFreeCashFlowsRatio,grossProfitMargin,epsdilutedGrowth,fiveYNetIncomeGrowthPerShare,fiveYRevenueGrowthPerShare,fiveYShareholdersEquityGrowthPerShare,grossProfitGrowth,netIncomeGrowth,operatingIncomeGrowth,threeYNetIncomeGrowthPerShare,threeYRevenueGrowthPerShare,threeYShareholdersEquityGrowthPerShare,Industry,Sector,Symbol
2023Q1,2023,Q1,2023-05-10,2023-03-31,-529775383491.0,8924070.0,5829795.0,-18668.18,1299082000000.0,145570.574861022,291096643.0,215043069.0,48218684000000.0,2578130.0,76053574.0,0.0,-69054370.0,102730274.98,128092042.98,7.577667926339664,18702968.43060668,0.25240910799510663,0.3416778059468636,-2318.770070980531,7.577667926339664,-2463.5780448752803,11.511594483234669,-4.847822217741135e-05,0.47771953524342603,-2.0352587787203542e-07,0.0,0.001049573750493625,0.030656725917653404,64033950.093058534,-1819.9295533992124,12.676644862764242,145570.57486102195,-27861.9552238806,-56680.22922186227,1.0320130881069467,-0.23856516476037917,1.375869782639727,-26313.344541754977,0.0,-13741.535752062704,1.2610550491391794,-0.23391328580074433,Asset Management,Financial Services,SSSS
2022Q4,2022,Q4,2023-03-16,2022-12-31,-20132570.0,-9280685.0,0.0,-0.67,-3456202280685.0,372408.1014154667,284412858.0,210020702.0,171157910.0,708827.0,74392156.0,0.0,-64832605.0,114088167.6,147357728.6,6.9952799171787206,241.466408587709,0.258030384125601,0.3494282149385445,0.0,6.9952799171787206,-0.09585993098908888,-12.293076168407827,-1.416711423330454,0.5432234370876448,-0.0026702502462427795,0.0,0.0004712057449154789,-0.03263103175173606,242.35284773294472,-0.0707864269624547,219.9294217434636,372408.10141546663,0.8341584158415841,-4.709643444696377,-0.6279755494697626,-0.27743343305404256,-80796.21708883157,0.8327849218329848,0.0,-6.296241253800274,-2.173252383637428,-0.3897244421725099,Asset Management,Financial Services,SSSS
2022Q3,2022,Q3,2022-11-09,2022-09-30,-120399250.0,-42776254.0,0.0,-4.04,-42776254.0,1.0,298861844.0,221783611.0,171512161.0,3431394.0,77078233.0,0.0,-61969423.0,115255569.87,148899871.87,7.446950941616996,49.98323159625505,0.24525348910046876,0.33048839663810864,0.0,7.446950941616996,-0.5428681112059267,-2.694382024896336,-0.23931953452783136,0.5196757747352215,-298.3948658899453,0.0,311.7117732142796,-0.1431305295700444,50.17376378229955,-0.4028592221360984,-1.1510341351663822,1.0,0.9786073603388934,-9.831490545617452,-3.8974149367883295,-0.21751265492588276,0.5292325523676151,0.9791889056662078,-1.0,-15.962193959027632,-3.8679375582362465,-0.322208310121082,Asset Management,Financial Services,SSSS
2022Q2,2022,Q2,2022-08-04,2022-06-30,-5785339688.0,-90864936.0,5597887079.0,-188.85,-90864936.0,1.0,356447392.0,280172472.0,155202398.0,3068258.0,76274920.0,0.0,-58160190.0,196056819.20000002,116278682.20000002,9.14583755931913,50.583229311224805,0.20537858781696458,0.2612914162387802,971.4437525707629,9.14583755931913,-20.649208134909127,-2.157673001607573,-0.008472139484162993,0.6997718862258531,-0.0005878797414531349,0.0,0.017347440470971386,-0.2549182236687539,50.583229311224805,-16.230556928860906,-20.507340462519892,1.0,-287.1363636363636,-676.851432700576,-9.764645104694758,0.003731038519509784,-4.776052285717349,-283.812427079863,257.47646424583814,-5511.320569728311,-57.36891903713691,-0.14575163154714457,Asset Management,Financial Services,SSSS
2022Q1,2022,Q1,2022-05-05,2022-03-31,20456455.0,24063474.0,21657241.0,0.66,24063474.0,1.0,459679370.0,380701527.0,177504474.0,5860449.0,78977843.0,0.0,-54349302.0,269498036.98,169776289.98000002,12.191013392256435,30.28854512683243,0.15906172600262658,0.19205962890713596,0.04772220812714858,12.191013392256435,0.053733577485755656,11.199465088872872,3.2935574245391,0.7078984923010304,1.1282922187641993,0.0,0.08564388541988852,0.05234838796441964,30.28854512683243,0.04450157291157095,-194.46730145970602,1.0,2.885714285714286,2.840992784238286,2.5513350500206085,0.3802591174887289,4.694078936258859,3.145157197221928,3.316932439977547,-0.24556263631839154,-0.24118606481860927,0.13357118584755112,Asset Management,Financial Services,SSSS
2021Q4,2021,Q4,2022-03-11,2021-12-31,-9536110.0,-6514066.0,-9347377.0,-0.35,-6514066.0,1.0,462315827.0,364846624.0,200619871.0,24440095.0,97469203.0,0.0,-50124597.0,357666852.9,232258882.89999998,13.20995709412579,8.208637118636405,0.1579636770687498,0.20016385844370593,-0.021347099911899207,13.20995709412579,-0.026137311880402653,-54.90685125081631,-9.376644483442409,0.9803211250215652,-2.9880886441116976,0.0,0.0796683890859935,-0.01409007786358999,8.208637118636405,-0.02062683006524023,7.792563878256366,1.0,-1.6363636363636362,0.7568030844622028,0.8348751651766393,0.5250711121079417,0.0,-1.6253841385629604,0.0,0.5520685126039284,0.7580094184092292,0.33619704614144585,Asset Management,Financial Services,SSSS
2021Q3,2021,Q3,2021-11-04,2021-09-30,15248404.0,17995798.0,0.0,0.55,0.0,0.0,428461265.0,425766489.0,0.0,0.0,2694776.0,0.0,-47294574.0,356562090.42,248313219.42000002,15.415675195631191,0.0,0.0,0.0,0.0,15.415675195631191,0.0358140069591057,19.81363040527572,5.845891976957064,0.8374592637796818,1.9430863059504457,0.0,0.0830962286683354,0.042000991618227144,0.0,0.03558875736409918,45.44543818979962,0.0,-0.5833333333333334,6.386819741071049,10.307604301075909,0.5290919412955085,0.0,-0.5428733176277145,0.0,33.35831163015921,15.504913439296805,0.47816411454279495,Asset Management,Financial Services,SSSS
2021Q2,2021,Q2,2021-08-06,2021-06-30,33357064.0,35674884.0,0.0,1.32,0.0,0.0,441797930.0,439592729.0,0.0,0.0,2205201.0,0.0,-45071096.0,341762162.18,211701113.18,17.35155780962879,0.0,0.0,0.0,0.0,17.35155780962879,0.07588174644262599,9.57990955709905,2.5613927096521447,0.777451808535259,1.078782802946926,0.0,0.10529260106052153,0.08074932356518737,0.0,0.07550298843636502,985.9737415181869,0.0,-0.7066666666666666,2.7937453811514628,3.096125156005877,0.6971268243897167,0.0,-0.6911450539281256,0.0,2.1267240283159285,2.481940642722199,0.6755447246464091,Asset Management,Financial Services,SSSS
2021Q1,2021,Q1,2021-05-06,2021-03-31,108002363.0,110623240.0,0.0,4.5,0.0,0.0,443656500.0,435961621.0,0.0,0.0,7694879.0,0.0,-43028096.0,277593714.55,111894149.55000001,21.280308792748205,0.0,0.0,0.0,0.0,21.280308792748205,0.2477336485543529,2.50936163639756,0.6425639838778343,0.6367388806227051,0.08656629114679648,0.0,0.033680027716607386,0.24934434635804953,0.0,0.2434368999439882,2.1425999763567694,0.0,0.30681016853363813,5.686944899905219,6.114987177199093,0.9419688156403033,0.0,0.7624715962701956,0.0,15.006079353515613,33.8922884301894,1.1383318161952627,Asset Management,Financial Services,SSSS
2020Q4,2020,Q4,2021-03-12,2020-12-31,61278924.0,65906396.0,0.0,3.4434993760795543,0.0,0.0,478875704.0,301583073.0,0.0,0.0,177292631.0,0.0,-40193778.0,232943592.42,224545305.42,16.94711747405445,0.0,0.07809006948492003,0.12399713494530246,0.0,16.94711747405445,0.20319086011833296,3.5344610926684563,0.950341394783629,0.7724027416485673,0.1638238948190409,0.0,0.04309606414028188,0.13762735392397354,0.0,0.12796415330354702,-136.40931322653353,0.0,3.5309202316836243,5.212304351828787,6.879065158464861,0.4025698224128653,0.0,2.849192908441055,0.0,30.320190480907467,20.504790731916753,0.7505261601877533,Asset Management,Financial Services,SSSS
2020Q3,2020,Q3,2020-11-06,2020-09-30,15919941.0,18360004.0,0.0,0.76,0.0,0.0,432133158.0,252712769.0,0.0,0.0,179420389.0,0.0,-35939194.0,192903631.92,169613740.92,14.200906373271772,0.0,0.08632896436982047,0.14762058976133494,0.0,14.200906373271772,0.06299618758084995,10.506731475657629,3.0292768032243336,0.7633315589209503,0.15786421570280945,0.0,0.013028209863058757,0.04248691325834339,0.0,0.03684035974855695,-19.736710882273705,0.0,-0.30909090909090914,0.9523802062568957,18.200871937899567,-0.12204560720104614,0.0,-0.27075845066745086,0.0,0.9543012768024804,1.081232271288773,0.4921582823338334,Asset Management,Financial Services,SSSS
2020Q2,2020,Q2,2020-08-07,2020-06-30,21830820.0,26171095.0,0.0,1.1,0.0,0.0,323630893.0,192692441.0,0.0,0.0,130938452.0,0.0,-33351303.0,138765602.36,154472186.36,11.761596155766508,0.0,0.12048187562860385,0.2023517725845821,0.0,11.761596155766508,0.113293598268341,5.302246709967619,1.5891020396851792,0.7201403523659758,0.0,0.0,0.0,0.0808671099269871,0.0,0.06745592115027164,-7.229852100370638,0.0,1.8088235294117645,22.804226750380888,8.609737729413537,-0.2516536586475279,0.0,1.9214330747100519,0.0,3.7686559209295822,3.7202333381757153,0.29080349913337633,Asset Management,Financial Services,SSSS
2020Q1,2020,Q1,2020-05-08,2020-03-31,-23692247.0,-21009331.0,0.0,-1.36,0.0,0.0,258042472.0,172515798.0,0.0,0.0,85526674.0,0.0,-28683915.0,102204224.84,95006767.84,9.89139713023237,0.0,0.15074125471871933,0.22547295059899383,0.0,9.89139713023237,-0.1373337820342691,-4.8647062983585725,-1.07845643387054,0.5924340032905278,-0.08896197139933583,0.0,0.02062252322053813,-0.08141811244158287,0.0,-0.09181530007974811,14.495422690752658,0.0,-11.741488273224297,-2.57488527297852,-1.7873143178373028,-0.368397863048399,0.0,-11.729032707992847,0.0,-8.965131420599517,-6.551612218879058,0.11989796372277628,Asset Management,Financial Services,SSSS
2019Q4,2019,Q4,2020-03-13,2019-12-31,2208237.0,4595183.0,0.0,0.12661187774045446,0.0,0.0,288564089.0,199917289.0,0.0,0.0,88646800.0,0.0,-25679362.0,114238510.7,108180882.7,11.462493995468378,0.0,0.13447146224768114,0.1940984453825802,0.0,11.462493995468378,0.011045753026392829,24.860492106625568,12.933225770150578,0.5714288707666498,0.0,0.0,0.0,0.015924306506482862,0.0,0.00765250107056807,8.53355291234073,0.0,-0.49355248903818216,1.3378254388254571,1.4735559196236163,-0.22541558169541737,0.0,-0.5802989364912956,0.0,1.0891805579428213,1.184459380408208,0.32332893594128903,Asset Management,Financial Services,SSSS
2019Q3,2019,Q3,2019-11-08,2019-09-30,5261452.0,9752370.0,0.0,0.25,0.0,0.0,299544127.0,213949030.0,0.0,0.0,85595097.0,0.0,-23116027.0,121510178.4,115064990.4,10.987079146614107,0.0,0.12923169747207228,0.1809337298701471,0.0,10.987079146614107,0.024592081581299996,12.459553770006677,5.773604814792571,0.5679398424942614,0.0,0.0,0.0,0.03255737342498456,0.0,0.017564864491567883,-22.602848464409263,0.0,9.333333333333334,-0.13267217526005742,-0.14880267088900787,-0.2758812531227155,0.0,8.787763560068383,0.0,3.6362981323255243,8.154146479427848,0.08981630504415163,Asset Management,Financial Services,SSSS
2019Q2,2019,Q2,2019-08-09,2019-06-30,-675605.0,1037660.0,0.0,-0.03,0.0,0.0,341884623.0,211125048.0,0.0,0.0,130759575.0,0.0,-18413823.0,62695351.541354805,46894653.541354805,10.706297953935014,0.0,0.11295493684721819,0.1829131899119805,0.0,10.706297953935014,-0.003200022955116155,60.419936724317026,-23.199706759628338,0.2969583767310964,0.0,0.0,0.0,0.00303511749342409,0.0,-0.0019761198794834363,2.078903711846256,0.0,-1.04,0.2807671156001054,127.28170958702115,-0.2795955053748877,0.0,-1.0393718086765709,0.0,0.9533257416509339,1.078328770446987,0.04716508148040283,Asset Management,Financial Services,SSSS
2019Q1,2019,Q1,2019-04-18,2019-03-31,17159613.0,20068889.0,0.0,0.75,0.0,0.0,344056463.0,212537772.0,0.0,0.0,131518691.0,0.0,-15608592.0,70165563.80142178,83693609.80142178,10.754519473024034,0.0,0.11197443484734074,0.1812643825023253,0.0,10.754519473024034,0.08073676899181949,3.4962355814226576,1.0222486340662487,0.3301322072832389,0.0,0.0,0.0,0.05833021947912079,0.0,0.04987440971280345,-22.018383327801487,0.0,1.9729948209079216,209.47069168190907,18.751662416081803,-0.27866283540520864,0.0,2.1264492776218518,0.0,1.771950226775654,1.9619372126389367,-0.018579023114263894,Asset Management,Financial Services,SSSS
2018Q4,2018,Q4,2019-04-18,2018-12-31,-15233365.0,-19261490.0,0.0,-0.7708160247966783,0.0,0.0,330219554.0,195378159.0,0.0,0.0,134841395.0,0.0,-16228294.0,51732237.71841611,61982585.71841611,9.886234318712468,0.0,0.11639077860301392,0.19671856463751405,0.0,9.886234318712468,-0.07796861777165175,-2.685785872142607,-0.8489955718650494,0.2647800449302837,0.0,0.0,0.0,-0.058329344118731384,0.0,-0.04613102045434899,-9.246890542396331,0.0,-39.54080123983392,-1.4426491077259738,-1.4394689259709135,-0.3367177334698179,0.0,-47.32877649706518,0.0,0.057089506603296085,-0.547164879916656,-0.1817998586510554,Asset Management,Financial Services,SSSS
2018Q3,2018,Q3,2018-11-08,2018-09-30,328810.0,807812.0,0.0,0.02,0.0,0.0,357363416.0,213403365.0,0.0,0.0,143960051.0,0.0,-17911239.0,70701110.73345132,72419532.73345132,10.42893346142377,0.0,0.10728986315711735,0.17966667020456778,0.0,10.42893346142377,0.0015407910742175973,87.52173863900427,53.75529236751568,0.33130269868730194,0.0,0.0,0.0,0.002260477608597742,0.0,0.0009200997787641474,-26.84304232570666,0.0,-0.9428571428571428,-0.9456849605391285,-0.8946846179957646,-0.20774746550915155,0.0,-0.9627621870570146,0.0,-0.9649314576168627,-0.2653030524035812,-0.35524341165306195,Asset Management,Financial Services,SSSS
2018Q2,2018,Q2,2018-08-09,2018-06-30,8830003.0,8480155.0,0.0,0.35,0.0,0.0,411825548.0,217148613.0,0.0,0.0,194676935.0,0.0,-14003040.0,72134724.40888326,66746854.40888326,10.355771203475632,0.0,0.21391996302278946,0.4057023656881474,0.0,10.355771203475632,0.04066340962537025,8.506297869423761,2.0423187967456875,0.33219058327065276,0.0,0.0,0.0,0.020591619536921006,0.0,0.021441124871641036,13.397746103408162,0.0,0.16666666666666663,1.3141069599999478,0.672397557007078,-0.19521841767264975,0.0,0.26753198543386614,0.0,6.522612352270313,1.432860646063606,-0.3411010385520906,Asset Management,Financial Services,SSSS
2018Q1,2018,Q1,2018-05-10,2018-03-31,6966296.0,3273185.0,0.0,0.3,0.0,0.0,403045485.0,210487734.0,0.0,0.0,192557751.0,0.0,-8586244.0,79972552.75542524,77506890.75542524,9.951827228859313,0.0,0.21797513995225626,0.4173824969772348,0.0,9.951827228859313,0.03309597128353332,24.432640610116827,2.869981147636608,0.3799392545858527,0.0,0.0,0.0,0.008121130546841382,0.0,0.017284143500577855,6.439488316202461,0.0,3.554394870919537,1.8494400786347904,1.482039472493968,-0.2155164044528699,0.0,3.804430860794064,0.0,-0.6181508205662711,-0.898852827703746,-0.36453917868597296,Asset Management,Financial Services,SSSS
2017Q4,2017,Q4,2018-03-16,2017-12-31,-2484032.0,-4016050.0,0.0,-0.11744464546783454,0.0,0.0,381682536.0,204762866.0,0.0,0.0,176919670.0,0.0,-8593717.0,57805094.49879817,66349043.49879817,9.681156362859943,0.0,0.17916080132102244,0.3339597180672398,0.0,9.681156362859943,-0.012131262120544845,-14.39351962719542,-5.81766805930823,0.2823026246311583,0.0,0.0,0.0,-0.010521964253559665,0.0,-0.006508110185057039,0.8895907358182712,0.0,-1.2936116136695863,0.6881664328893337,0.7702142454593062,-0.25948675719179165,-1.0,-1.2466518730406622,1.0,0.6866345432913961,0.6587168574706279,-0.34579046472729164,Asset Management,Financial Services,SSSS
2017Q3,2017,Q3,2017-11-09,2017-09-30,10071004.0,10906240.0,-6625961.0,0.4,9036495.0,0.8285619058447274,395866056.0,209379965.0,6095974.0,0.0,186486091.0,0.0,-18761130.0,59686603.51205774,122694891.51205774,9.517024126328357,0.0,0.1721863316313233,0.3255455888532601,-0.02393713778971979,9.517024126328357,0.04809917701533669,5.472702188110452,1.4816448169432197,0.2850635852960322,0.0,0.0,0.0,0.02755032879100905,0.0,0.02544043331666709,11.479647807685193,0.8285619058447274,0.5384615384615385,2.263455856021987,686.6409152681865,-0.2924252071351037,0.0,0.6248599766863099,0.0,0.4694152785183388,-0.15746248194131757,-0.3727672757794308,Asset Management,Financial Services,SSSS
2017Q2,2017,Q2,2017-08-09,2017-06-30,6198075.0,7506564.0,0.0,0.26,0.0,0.0,386220062.0,202109771.0,0.0,0.0,184110291.0,0.0,-12135169.0,48274363.7212424,113615224.7212424,9.111840929826302,0.0,0.17591895834763757,0.3361709365352752,0.0,9.111840929826302,0.030666874586681908,6.430953459031642,1.9471514833735635,0.23885220136755483,0.0,0.0,0.0,0.019435976373490406,0.0,0.01604803999021677,-7.278173532223307,0.0,0.5294117647058822,1.8312747217077259,48.94782417941223,-0.4438816792755177,0.0,0.6384514362843606,0.0,6.866144586334003,824.030701788825,-0.38688319824470163,Asset Management,Financial Services,SSSS
2017Q1,2017,Q1,2017-05-10,2017-03-31,3782886.0,4812858.0,0.0,0.17,0.0,0.0,332703224.0,195911696.0,0.0,0.0,136791528.0,0.0,-6252208.0,49831601.25927783,116188929.25927782,8.832409246777525,0.0,0.2035323619226485,0.34564487155478457,0.0,8.832409246777525,0.019309138133335336,10.353848224750829,3.293226471751847,0.2543574593896519,0.0,0.0,0.0,0.014465919332359701,0.0,0.011370151315395729,-7.164105986153266,0.0,1.1197414896678017,20.273803712332274,16.289845610877347,-0.5045626397367445,0.0,1.120126219212283,0.0,40.34008124574841,3.2203386819935322,-0.40758440592419776,Asset Management,Financial Services,SSSS
2016Q4,2016,Q4,2017-03-16,2016-12-31,-31490927.0,-31681958.0,0.0,-1.4197251134225084,0.0,0.0,300964426.0,192128810.0,0.0,0.0,108835616.0,0.0,-1443996.0,55949320.16488175,115129484.16488175,8.661863036581348,0.0,0.22432152164056757,0.3513934115346886,0.0,8.661863036581348,-0.1639052831275018,-1.7659678787807795,-0.444170158637135,0.29120734243282803,0.0,0.0,0.0,-0.10526811564101599,0.0,-0.10463338613979581,-17.975806476086024,0.0,-13.197251134225082,-6.822661966471678,-124.09946679891648,0.13715198437101736,0.0,-12.852279400476569,0.0,-1.8152918912634137,-1.644042073383667,-0.4188626364637982,Asset Management,Financial Services,SSSS
2016Q3,2016,Q3,2016-11-09,2016-09-30,-2273339.0,-1552764.0,0.0,-0.1,0.0,0.0,340802002.0,223619737.0,0.0,0.0,117182265.0,0.0,-21760725.0,52501151.327016406,108350976.32701641,10.081588150003856,0.0,0.1974605125705805,0.30093469790638383,0.0,10.081588150003856,-0.010166092807809715,-33.81141714195873,-5.7735726311624,0.2347787008041084,0.0,0.0,0.0,-0.004556205629331954,0.0,-0.00667055647167237,3.8761475693814393,0.0,0.8648648648648649,0.7006175929634263,-5.495983819112618,-0.5275066703418365,0.0,0.8603734431933636,0.0,-1.346433172391614,-1.1867528106674512,-0.23413417171778148,Asset Management,Financial Services,SSSS
2016Q2,2016,Q2,2016-08-09,2016-06-30,-16281566.0,-14900969.0,0.0,-0.74,0.0,0.0,348062231.0,226780315.0,0.0,0.0,121281916.0,0.0,-17539071.0,55429766.50652587,123550054.50652587,10.224078460293251,0.0,0.20277288287564876,0.3112156449734184,0.0,10.224078460293251,-0.07179444124151604,-3.7198766406752384,-0.851112333213615,0.2444205375873381,0.0,0.0,0.0,-0.04281122073253619,0.0,-0.046777744178741414,-10.219131797217107,0.0,0.33928571428571436,-1.7550557569048115,0.0,-0.4702016184435098,0.0,0.3474077424307381,0.0,-5.033779772734643,-3.7780731545764312,-0.20545270077498162,Asset Management,Financial Services,SSSS
2016Q1,2016,Q1,2016-05-10,2016-03-31,-24949064.0,-23415998.0,0.0,-1.12,0.0,0.0,362322675.0,243061881.0,0.0,0.0,119260794.0,0.0,-16087030.0,61834002.47849516,124315666.47849515,10.958110460559425,0.0,0.18454013401176175,0.2750866352424879,0.0,10.958110460559425,-0.10264490629857341,-2.6406733754630127,-0.6196024275549491,0.2543961324749855,0.0,0.0,0.0,-0.06462747052747941,0.0,-0.06885868790850587,-6.894601872660849,0.0,-0.37005422647105735,-32.85406475979168,0.0,335.3432703645821,0.0,-0.37591881873682387,0.0,-1.9008673229676634,-2.2882702783638305,-0.1361930129199391,Asset Management,Financial Services,SSSS
2015Q4,2015,Q4,2016-03-15,2015-12-31,-18132657.0,-13972990.0,0.0,-0.8174858909671487,0.0,0.0,399790643.0,268010945.0,0.0,0.0,131779698.0,0.0,-16634037.0,73371563.66881137,128618305.66881137,12.082904681992964,0.0,0.1715813518927205,0.2559470808179121,0.0,12.082904681992964,-0.06765640485316747,-5.250956571844062,-1.0115942146373167,0.27376331093049716,0.0,0.0,0.0,-0.034950767969824645,0.0,-0.045355381166337104,-4.281886736898424,0.0,-2.946394978493211,-3.504333780487835,-55.291708188824444,0.5862752594985707,0.0,-3.0482649851892494,0.0,-1.1705505638632465,0.23764698388508118,-0.0757766331581212,Asset Management,Financial Services,SSSS
2015Q3,2015,Q3,2015-11-09,2015-09-30,8852691.0,1038126.0,0.0,0.42,0.0,0.0,438409762.0,312502487.0,0.0,0.0,125907275.0,0.0,-75941010.0,53540944.72065266,65258924.72065266,16.174993245376577,0.0,0.15638811664964705,0.21939690035170825,0.0,16.174993245376577,0.028328385751374835,51.57461109793287,1.5119963161668206,0.17132965959612562,0.0,0.0,0.0,0.00236793541107326,0.0,0.02019273238719534,1.097277840267666,0.0,6.0,2.3384716888497583,2.450969847241269,-0.24192733307565648,0.0,7.185559698973926,0.0,2.264699050264006,73.5351809304997,0.20258363783342492,Asset Management,Financial Services,SSSS
2015Q2,2015,Q2,2015-08-10,2015-06-30,1081501.0,3211599.0,0.0,0.06,0.0,0.0,506700564.0,303649796.0,0.0,0.0,203050768.0,0.0,-43157161.0,70319380.90094292,130797632.90094292,15.716781797195667,0.0,0.13524360710993802,0.22568107373271543,0.0,15.716781797195667,0.0035616720783174837,21.895442395187857,16.255042968278097,0.2315805306878682,0.0,0.0,0.0,0.006338258190689522,0.0,0.0021343986504818654,4.3958283834575695,0.0,-0.9178082191780821,1.210103339039757,0.0,-0.18557691123274692,-1.0,-0.9351019783106992,1.0,1.1665276996879224,23.534008263239976,-0.04076570612211268,Asset Management,Financial Services,SSSS
2015Q1,2015,Q1,2015-05-11,2015-03-31,16664622.0,29559849.0,-7569795.0,0.73,26836325.0,0.9078640760309703,518521202.0,302568295.0,11591604.0,147458129.0,215952907.0,0.0,-39542087.0,66840924.62112403,159277078.62112403,15.660803774307587,0.07860946072359293,0.19381421167036483,0.33214576563615167,-0.011094699073546698,15.660803774307587,0.055077224796471154,2.2612065650647954,1.002736885077922,0.22091185932459986,0.0,0.0,0.0,0.0570079851816744,0.0563393354868893,0.03213874752994189,10.158139654725906,0.9078640760309703,2.9477838473268863,26.961144904827794,0.0,478.82730145728794,3.015535189987577,3.3014629985684065,-3.493417291874055,98.47908763742646,120.9163883867213,-0.12153671045365053,Asset Management,Financial Services,SSSS
2014Q4,2014,Q4,2014-12-31,2014-12-31,-7240882.0,-10749040.0,-1684641.0,-0.3747849131215677,-13314739.0,-1.238690990079114,485646096.0,285903673.0,7363681.0,131280070.0,199742423.0,0.0,-31972292.0,58860936.68200041,159852409.6820004,14.798250164336624,0.0560913853869822,0.21510386649952604,0.36538303934276495,-0.002573444700276496,14.798250164336624,-0.02532629932319897,-5.475924983254357,-2.0322433331326355,0.20587681180997075,0.0,0.0,0.0,-0.02213348380339909,0.028867534881722716,-0.014909791429683397,-2.784632436354724,1.238690990079114,-2.249283043738559,-1.0650586918307017,-48.949672749010055,0.9427529006780188,-2.5306407170367504,-2.203061518301338,0.65487769926251,-1.0650586918307017,-48.949672749010055,0.9427529006780188,Asset Management,Financial Services,SSSS
2014Q3,2014,Q3,2014-11-10,2014-09-30,6018713.0,11367402.0,-4881287.0,0.3,8698801.0,0.7652409055296892,483805226.0,293144555.0,10265382.0,122231006.0,190660671.0,0.0,-30287651.0,68273230.14776734,130209506.14776734,15.173035077458191,0.08398345342915692,0.1414901314025905,0.2335150485739024,-0.007987476054453465,15.173035077458191,0.02053155311037587,6.006053990856252,2.8358733066258246,0.23289953363714136,0.0,0.0,0.0,0.02349582308976547,0.05446717013848352,0.01244036375911326,3.8950599516907243,0.7652409055296892,6.999999999999999,1.909991883124803,36.787861534601866,-0.2888860605989356,4.046397068892034,7.539904118847427,-0.4276321388743222,1.909991883124803,36.787861534601866,-0.2888860605989356,Asset Management,Financial Services,SSSS
2014Q2,2014,Q2,2014-08-11,2014-06-30,-920306.0,7925.0,-3419149.0,-0.05,-2855439.0,-360.30776025236594,464364412.0,287125842.0,8223988.0,108841141.0,177238570.0,0.0,-25406364.0,72092711.55408151,166896526.5540815,14.861509101919763,0.07555955334940856,0.21319052976867658,0.3447899161929145,-0.005239536958581979,14.861509101919763,-0.003205235702887377,9096.872120388834,-19.58389697396342,0.25108402313046246,0.0,0.0,0.0,1.7066337977682925e-05,0.039985238669998875,-0.0019818616074308466,24.01083879374187,-360.30776025236594,-1.1851851851851851,0.8212120344425733,0.0,-0.22989602434464243,0.0,-12.546547224731507,0.0,0.8212120344425733,0.0,-0.22989602434464243,Asset Management,Financial Services,SSSS
2014Q1,2014,Q1,2014-05-12,2014-03-31,79704.0,993308.0,0.0,0.27,0.0,0.0,475517547.0,288046148.0,0.0,0.0,187471399.0,0.0,-21987215.0,69159895.47433662,141641709.47433662,14.909143741492022,0.0,0.18200165177080205,0.3004552555238475,0.0,14.909143741492022,0.000276705661760837,69.62583153899558,216.927304383521,0.24010005325374678,0.0,0.0,0.0,0.0020888987299558055,0.0,0.00016761526573066713,-3.275765883099534,0.0,-0.8163265306122449,1.1241676584980083,0.0,455.89337735801627,-1.0,-0.9976309206585805,1.0,1.1241676584980083,0.0,455.89337735801627,Asset Management,Financial Services,SSSS
2013Q4,2013,Q4,2013-12-31,2013-12-31,33643449.0,42847547.0,-14066499.0,1.47,29912726.0,0.698119918043383,377947558.0,287966444.0,377947558.0,0.0,89981114.0,0.0,-19192401.0,82459875.37287597,145173967.372876,14.905018297006745,0.0,0.18503438776021938,0.24285223663073743,-0.03150998292162114,14.905018297006745,0.11683114370089592,1.9244946594696768,0.6127483791337504,0.28635237574026495,0.0,0.0,0.0,0.11336902724477982,0.0,0.08901618303352023,-3.9524245171514187,0.698119918043383,4.068965517241379,10.594921831430609,190.13575321589903,0.956769699768545,4.681438072460509,4.886099382302852,-3.667380164968417,10.594921831430609,190.13575321589903,0.956769699768545,Asset Management,Financial Services,SSSS
2013Q3,2013,Q3,2013-11-12,2013-09-30,5715746.0,7242133.0,-3013789.0,0.29,5264992.0,0.7269946575131939,324530680.0,254322995.0,324530680.0,1907685.0,70207685.0,0.0,-18285170.0,101079847.23276308,143181721.23276308,13.163647962484665,170.11754036961028,0.21737568232377907,0.2773837969311426,-0.009276962713415054,13.163647962484665,0.0224743578534847,13.957192892309916,4.421113500878235,0.39744674771844,0.0,0.0,0.0,0.0223157114144031,168.01104584876435,0.01761234407791584,-2.435310514672939,0.7269946575131939,0.611111111111111,1.8641851615126126,23.074517556357275,-0.3830599144005005,0.9387265732246909,0.6257761250025955,-0.2626314931725565,1.8641851615126126,23.074517556357275,-0.3830599144005005,Asset Management,Financial Services,SSSS
2013Q2,2013,Q2,2013-08-09,2013-06-30,3515703.0,4671959.0,-2386911.0,0.18,2715696.0,0.5812756490371598,249158994.0,248607249.0,249158994.0,551745.0,551745.0,0.0,-15271381.0,54086584.922658704,49452474.922658704,12.86780342751849,451.5836011200826,0.0,0.0,-0.009601131944467154,12.86780342751849,0.014141594881652063,11.576853504634503,3.846071818542316,0.21755835817425706,0.0,0.0,0.0,0.018750914526489058,451.3662235271729,0.014110279318273375,-24.761869954048105,0.5812756490371598,1.473684210526316,1.6829960761682983,0.0,-0.3332072463486537,1.3242940768985418,1.4693076126763807,0.07041797700298903,1.6829960761682983,0.0,-0.3332072463486537,Asset Management,Financial Services,SSSS
2013Q1,2013,Q1,2013-05-09,2013-03-31,-7491255.0,-6202594.0,-2567725.0,-0.38,-8374177.0,-1.3501088415588705,245420237.0,245091546.0,245420237.0,328691.0,328691.0,0.0,-12884470.0,54495815.07368022,47677436.07368022,12.68583216442979,746.6594369788038,0.0,0.0,-0.010476595549321803,12.68583216442979,-0.030565130141208544,-8.785971655355844,-1.8186477123552804,0.2223488160366014,0.0,0.0,0.0,-0.0252733599959811,746.3119069277832,-0.030524194302689066,-12.109788232132962,1.3501088415588705,0.0,-10.67032510992543,0.0,388.05784436262485,0.5393407805549809,-0.029520152195032387,0.074424192701875,-10.67032510992543,0.0,388.05784436262485,Asset Management,Financial Services,SSSS
2012Q4,2012,Q4,2013-03-14,2012-12-31,-7276453.0,-15964724.0,-2774192.0,-0.38,-18178681.0,-1.1386780629593096,253130728.0,252582801.0,11733643.0,547927.0,547927.0,0.0,-10316745.0,57496836.17795135,46178311.17795135,13.073576275485117,21.414609975416433,0.0,0.0,-0.010983297314847656,13.073576275485117,-0.028808188725407316,-3.601492652046559,-1.9754417495018297,0.22763559494279006,0.0,0.0,0.0,-0.06306908736895822,21.248350601448735,-0.02874583049435231,-3.8298142183416197,1.1386780629593096,-0.05555555555555561,-1.0752033403316865,-72.21596824723572,0.7163332116552723,-8.667392571415201,-0.03951704610391095,-0.18831064248289192,-1.0752033403316865,-72.21596824723572,0.7163332116552723,Asset Management,Financial Services,SSSS
2012Q3,2012,Q3,2012-11-07,2012-09-30,-6999840.0,13928.0,-2334568.0,-0.36,-1880412.0,-135.00947731188973,260309025.0,259859254.0,260309025.0,449771.0,449771.0,0.0,0.0,59474781.90660069,33143299.90660069,13.4502023281453,578.7590240366765,0.0,0.0,,13.4502023281453,-0.026937043388880044,4270.159528044277,-2.1241479057592993,0.22887305720734769,0.0,0.0,0.0,5.3505636233703387e-05,578.2277625725092,-0.026890500627091203,-1.116171518340031,-135.00947731188973,-0.058823529411764594,-0.05833216888267004,-0.953700121148708,-0.3696299840815334,-0.16222747719628317,-0.27853434240005376,-0.12232425164137244,-0.05833216888267004,-0.953700121148708,-0.3696299840815334,Asset Management,Financial Services,SSSS
2012Q2,2012,Q2,2012-08-09,2012-06-30,-5474894.0,110354.0,-2080119.0,-0.34,-1617938.0,-14.661344400746687,267754402.0,266860054.0,267754402.0,894348.0,894348.0,0.0,0.0,53473005.48948434,-26144062.51051566,16.384716327913573,299.3850290938203,0.0,0.0,,16.384716327913573,-0.020515974264173686,484.55883329543417,-2.4417370221909476,0.2003784556285983,0.0,0.0,0.0,0.00041214635193934177,299.0772685800158,-0.02044744720947669,-0.5306961485582682,-14.661344400746687,-33.0,-0.2616720187301972,0.0,-0.15096541693188154,-0.9040949024084546,-64.91254830670695,-0.9013850066087631,-0.2616720187301972,0.0,-0.15096541693188154,Asset Management,Financial Services,SSSS
2012Q1,2012,Q1,2012-03-31,2012-03-31,-83063.0,117805.0,-1094002.0,-0.01,-849715.0,-7.2128941895505285,167690745.0,167349108.0,167512356.0,341637.0,341637.0,0.0,0.0,61970012.09684895,-13421331.90315105,17.8274994079662,490.32264069758253,0.0,0.0,-0.006537244285759802,17.8274994079662,-0.000496345639320647,526.0388956058652,-186.51509124655064,0.370303808830872,0.0,0.0,0.0,0.0007025134273212275,490.26933265425,-0.000495334432439906,-2.9617316858414795,-7.2128941895505285,0.9449001648804132,0.7336747241481139,0.0,544.9354235326608,-0.20337312405556635,0.9512443511289524,-0.6143746965674679,0.7336747241481139,0.0,544.9354235326608,Asset Management,Financial Services,SSSS
2011Q4,2011,Q4,2012-03-13,2011-12-31,-1703659.0,108920.0,-677663.0,-0.18148874635098916,-706111.0,-6.482840616966581,91798242.0,71503248.0,91741806.0,20294994.0,20294994.0,0.0,0.0,46228966.243900865,45842971.243900865,7.617155099432383,4.520415527099934,0.0,0.0,,7.617155099432383,-0.023826316253493827,424.43046496420186,-6.7837763079203155,0.6465295988218727,0.0,0.0,0.0,0.0011865150968795241,4.515712593952972,-0.018558732312106804,-1.4568981476495406,-6.482840616966581,0.46620956955591425,0.0,0.0,0.0,-2.699376024896135,-0.4508387424228747,0.003565715025114397,0.0,0.0,0.0,Asset Management,Financial Services,SSSS
2011Q3,2011,Q3,2011-11-10,2011-09-30,-1174258.0,53408.0,-680088.0,-0.34,-190873.0,-3.5738653385260637,73715970.0,73188029.0,32181238.0,527941.0,527941.0,0.0,-1356201.0,16420012.15581619,-15678194.84418381,21.33699571441066,60.95612577920639,0.0,0.0,-0.009292339325055467,21.33699571441066,-0.016044399829376468,307.44480519428157,-3.4958271852983307,0.22435379638132064,0.0,0.0,0.0,0.0007245105775587027,60.95612577920639,-0.015929492618763613,-0.7761302296316277,-3.5738653385260637,-0.25925925925925924,0.0,0.0,0.0,-0.6886185694696333,-0.8789961900281468,-0.20304614323241435,0.0,0.0,0.0,Asset Management,Financial Services,SSSS
2011Q2,2011,Q2,2011-08-16,2011-06-30,-624939.0,0.0,-565305.0,-0.27,-113035.0,0.0,45459460.0,45265422.0,24287230.0,194038.0,194038.0,0.0,-676113.0,11534828.634542271,-12679948.365457729,19.298055290875023,125.16738989270144,0.0,0.0,-0.01248867181664627,19.298055290875023,-0.013806101266436884,0.0,-4.614381817482295,0.25482649061666257,0.0,0.0,0.0,0.0,125.16738989270144,-0.013747171655800574,-0.5288426945631216,0.0,-7.132530120481928,0.0,0.0,0.0,0.0,-4.639836473900801,-4.101662334849469,0.0,0.0,0.0,Asset Management,Financial Services,SSSS
2011Q1,2011,Q1,2011-03-31,2011-03-31,-110808.0,0.0,-110808.0,-0.0332,0.0,0.0,307362.0,-109308.0,307362.0,416670.0,416670.0,0.0,-110808.0,17189716.70748801,17188334.70748801,-0.03277502923450571,0.7376628986968105,0.0,0.0,,-0.03277502923450571,1.013722691843232,0.0,-38.78266169294638,-157.25945683287603,0.0,0.0,0.0,0.0,0.0033167734658122736,-0.3605130107170047,-535.2884099115004,0.0,0.0,0.0,0.0,0.0,0.0,0.0,0.0,0.0,0.0,0.0,Asset Management,Financial Services,SSSS
