Quarters,Year,Quarter,FillingDate,Date,NetIncome,Revenue,OperatingIncome,EPSDiluted,GrossProfit,GrossProfitRatio,TotalAssets,CommonStockEquity,CurrentAssets,CurrentLiability,TotalLiability,Inventory,RetainedEarnings,MarketCap,EnterpriseValue,bookValuePerShare,currentRatio,debtToAssets,debtToEquity,roic,shareholdersEquityPerShare,roe,priceToSalesRatio,peRatio,pbRatio,payoutRatio,inventoryTurnover,dividendYield,assetTurnover,quickRatio,returnOnAssets,priceToFreeCashFlowsRatio,grossProfitMargin,epsdilutedGrowth,fiveYNetIncomeGrowthPerShare,fiveYRevenueGrowthPerShare,fiveYShareholdersEquityGrowthPerShare,grossProfitGrowth,netIncomeGrowth,operatingIncomeGrowth,threeYNetIncomeGrowthPerShare,threeYRevenueGrowthPerShare,threeYShareholdersEquityGrowthPerShare,Industry,Sector,Symbol
2023Q3,2023,Q3,2023-05-02,2023-03-31,198500000.0,1645700000.0,286800000.0,1.67,508000000.0,0.3086832351,8432300000.0,1998900000.0,1568200000.0,1163000000.0,6433400000.0,0.0,2874500000.0,17251289000.0,20996289000.0,16.98300764655905,1.348409286328461,0.4880637548474319,2.0588823853119216,0.03576640773384407,16.98300764655905,0.09930461753964681,10.482645075044054,21.727064231738037,8.630391215168341,0.4302267002518892,0.0,0.004950354724217999,0.1951662061359297,1.2276870163370592,0.023540433808095063,106.62106922126081,0.3086832350975269,2.4791666666666665,0.8070651433252837,0.5248757100260197,0.7086785384996581,0.6672136527732195,2.4521739130434783,8.372549019607844,0.15870430248834053,0.281986807032923,0.6183707602658133,Information Technology Services,Technology,BR
2023Q2,2023,Q2,2023-02-02,2022-12-31,57500000.0,1292900000.0,30600000.0,0.48,304700000.0,0.2356717457,8051300000.0,1786600000.0,1282700000.0,1018900000.0,6264700000.0,0.0,2761300000.0,15787101000.0,19612501000.0,15.17926932880204,1.258906664049465,0.5147740116502925,2.3198253666181574,0.003954987988367682,15.17926932880204,0.032184036717787974,12.210612576378683,68.63956956521739,8.836393708720474,1.4834782608695651,0.0,0.005403145263972151,0.16058276303205693,1.1190499558347238,0.007141703824227143,152.38514478764478,0.23567174568798824,0.14285714285714285,-0.08272758740048466,0.2646295640105713,0.6478007669102671,0.0402867872994196,0.14087301587301587,-0.6502857142857142,4.547961338189894,0.30065642547155014,0.5470607712934014,Information Technology Services,Technology,BR
2023Q1,2023,Q1,2022-11-02,2022-09-30,50400000.0,1283300000.0,87500000.0,0.42,292900000.0,0.2282396945,8090600000.0,1903600000.0,1222000000.0,991700000.0,6187000000.0,0.0,2789100000.0,16957600000.0,21058600000.0,16.200851063829788,1.2322274881516588,0.5349417842928831,2.273586888001681,0.012255271128281954,16.200851063829788,0.026476150451775583,13.21405750798722,84.11507936507935,8.908173986131539,1.4880952380952381,0.0,0.004422795678633769,0.1586161718537562,1.0760310577795704,0.006229451462190691,-77.75149014213663,0.22823969453752047,-0.799043062200957,0.0014241248454355832,0.3758415850695723,0.8184788023279412,-0.49158132268703353,-0.7968561064087062,-0.6651358591657099,-0.12217714002968826,0.3171439209406024,0.6206517678402655,Information Technology Services,Technology,BR
2022Q4,2022,Q4,2022-08-12,2022-06-30,248100000.0,1722900000.0,261300000.0,2.09,576100000.0,0.3343780835,8168800000.0,1919200000.0,1328400000.0,1313400000.0,6249600000.0,0.0,2824000000.0,16706860000.000002,20320560000.0,16.37542662116041,1.011420740063956,0.46988541768680836,2.0,0.03373245487051871,16.37542662116041,0.12927261358899542,9.696941203784318,16.834804514308747,8.705116715298042,0.3014913341394599,0.0,0.004477202777781102,0.2109122514934874,0.8920359372620679,0.030371658015865242,38.08265329382266,0.3343780834639271,0.4026845637583892,0.3248974376280319,0.2791127573231244,0.9101130165732485,0.263100197325148,0.4056657223796034,0.06219512195121951,0.331576110332192,0.3994130014066664,0.6744294868923337,Information Technology Services,Technology,BR
2022Q3,2022,Q3,2022-05-03,2022-03-31,176500000.0,1533700000.0,246000000.0,1.49,456100000.0,0.2973854078,8349500000.0,1821100000.0,1495100000.0,1176800000.0,6528400000.0,0.0,2650900000.0,18186928000.0,22362528000.0,15.591609589041095,1.2704792658055744,0.5333133720582071,2.445170501345341,0.029641069848263923,15.591609589041095,0.09691944429191149,11.858204342439851,25.760521246458925,9.986781615507113,0.42322946175637394,0.0,0.004107345671572461,0.18368764596682435,1.0752039428959892,0.021138990358704115,327.6923963963964,0.2973854078372563,2.7249999999999996,1.345337682964246,0.5331856409462632,0.9489511986301369,0.621977240398293,2.739406779661017,2.2931726907630523,0.015317984026219906,0.24041142025983553,0.4251455438869133,Information Technology Services,Technology,BR
2022Q2,2022,Q2,2022-02-01,2021-12-31,47200000.0,1259600000.0,74700000.0,0.4,281200000.0,0.2232454748,8115900000.0,1748100000.0,1266600000.0,1087800000.0,6367800000.0,0.0,2549100000.0,21316812000.0,25481612000.0,14.992281303602057,1.1643684500827358,0.5478012296849395,2.5432755563182883,0.010478500164361812,14.992281303602057,0.027000743664550082,16.92347729437917,112.90684322033897,12.194274927063669,1.576271186440678,0.0,0.003490202944042477,0.1552015180078611,0.9749954035668321,0.005815744402962087,775.1568,0.22324547475389012,-0.29824561403508765,0.5963483642290138,0.43657378813949194,0.8050347811518045,0.00860832137733142,-0.2976190476190476,-0.27686350435624396,-0.056541900267086415,0.31776712468259316,0.5531821803036872,Information Technology Services,Technology,BR
2022Q1,2022,Q1,2021-11-03,2021-09-30,67200000.0,1192900000.0,103300000.0,0.57,278800000.0,0.23371615391063794,8028400000.0,1753900000.0,1211100000.0,966600000.0,6274500000.0,0.0,2576600000.0,19363568000.0,23513168000.0,15.09380378657487,1.2529484792054624,0.5563125903044193,2.5464963794971207,0.013613671972351563,15.09380378657487,0.03831461314784195,16.23234805935116,72.03708333333333,11.040291920862078,0.9940476190476191,0.0,0.003449777437711893,0.14858502316775446,1.0828677839851024,0.008370285486522844,-127.98128222075347,0.23371615391063794,-0.740909090909091,1.033534732401416,0.3587754025468246,0.7011753364172743,-0.4585356379879588,-0.7419354838709677,-0.6329068941009239,-0.12235120403386691,0.2283647041172206,0.42375912541111427,Information Technology Services,Technology,BR
2021Q4,2021,Q4,2021-08-12,2021-06-30,260400000.0,1531600000.0,281400000.0,2.2,514900000.0,0.3361843823452599,8119600000.0,1809200000.0,1261300000.0,1288000000.0,6310600000.0,0.0,2583800000.0,18753633000.0,22670033000.0,15.583118001722653,0.9792701863354037,0.5161461155721957,2.316438204731373,0.034556855619168894,15.583118001722653,0.143931019235021,12.244471794202141,18.004639976958526,10.365704731372983,0.2557603686635945,0.0,0.003551311897806681,0.18862998177250112,0.85,0.032070545347061434,44.53486820232724,0.3361843823452599,0.5714285714285716,0.5572356738018522,0.5987523361656785,0.76027377905638,0.1993943629163755,0.5781818181818181,0.17642140468227424,0.27111790842617156,0.17094159601363193,0.6688061310324331,Information Technology Services,Technology,BR
2021Q3,2021,Q3,2021-05-04,2021-03-31,165000000.0,1389800000.0,239200000.0,1.4,429300000.0,0.3088933659519355,5186700000.0,1589300000.0,1378600000.0,1002500000.0,3597500000.0,0.0,2390200000.0,17728980000.0,19403380000.0,13.724525043177893,1.3751620947630923,0.3914049395569437,1.2773548102938401,0.04651670298264845,13.724525043177893,0.1038192915119864,12.756497337746438,26.86209090909091,11.155212986849556,0.4036363636363636,0.0,0.003756561291174112,0.26795457612740275,1.223640897755611,0.03181213488345191,206.63146853146853,0.3088933659519355,1.9166666666666665,1.6439511635662631,1.0595298273486065,0.7972954355236282,0.7282608695652174,1.9307282415630551,2.008805031446541,0.5267402155174461,0.3088925271268667,0.38083912345941623,Information Technology Services,Technology,BR
2021Q2,2021,Q2,2021-02-02,2020-12-31,56300000.0,1054900000.0,79500000.0,0.48,248400000.0,0.23547255664043984,4858200000.0,1434100000.0,1148500000.0,837900000.0,3424200000.0,0.0,2291800000.0,17725240000.0,19428340000.0,12.394987035436474,1.370688626327724,0.4258161458976576,1.4425074959905166,0.01696795912813915,12.394987035436474,0.039258071264207516,16.802768034884824,78.7088809946714,12.359835436859353,1.177619893428064,0.0,0.003740428902514155,0.21713803466304393,1.1822413175796636,0.011588654234078465,176.02025819265145,0.23547255664043984,-0.14285714285714296,0.43439027851236484,0.6910770496990494,0.5599043794596666,0.07859313938341293,-0.14437689969604864,0.011450381679389313,-0.08634552405925149,0.049670014650844425,0.3455502172347946,Information Technology Services,Technology,BR
2021Q1,2021,Q1,2020-10-30,2020-09-30,65800000.0,1017400000.0,78600000.0,0.56,230300000.0,0.22636131315116964,4749600000.0,1413800000.0,1120000000.0,744000000.0,3335900000.0,0.0,2302100000.0,15219600000.0,16948500000.0,12.261925411968777,1.5053763440860215,0.4390896075458986,1.4751025604753147,0.018449893322039588,12.261925411968777,0.04654123638421276,14.959308040102222,57.82522796352583,10.765030414485784,0.9452887537993921,0.0,0.004086835396462456,0.21420751221155465,1.3114247311827958,0.013853798214586491,-223.16129032258064,0.22636131315116964,-0.715736040609137,1.015285239026032,0.7552914287247677,0.5693884845135847,-0.5178982625078501,-0.7135393992163692,-0.7369477911646586,0.3323611663917602,0.1115795037468077,0.3763506219234632,Information Technology Services,Technology,BR
2020Q4,2020,Q4,2020-08-11,2020-06-30,229700000.0,1361900000.0,298800000.0,1.97,477700000.0,0.35075996769219475,4889500000.0,1346600000.0,1328000000.0,1341300000.0,3543200000.0,0.0,2302600000.0,14511850000.0,16146350000.0,11.709565217391305,0.9900842466264073,0.431761938848553,1.5677261250556958,0.06159143430374347,11.709565217391305,0.17057775137383038,10.655591453116969,15.794351327818893,10.776659735630476,0.2690465824989116,0.0,0.004258588670638134,0.2785356375907557,0.885633340788787,0.04697821863176194,34.767249640632485,0.35075996769219475,0.37762237762237766,0.42430012841680426,0.5070789680460974,0.49303897954019327,0.26576576576576577,0.37709832134292565,0.32037118868758285,0.25010433853089487,0.030442471586320137,0.3658632203969736,Information Technology Services,Technology,BR
2020Q3,2020,Q3,2020-05-08,2020-03-31,166800000.0,1249900000.0,226300000.0,1.43,377400000.0,0.3019441555324426,4913500000.0,1202600000.0,1361000000.0,1254900000.0,3710900000.0,0.0,2135100000.0,10867518000.0,12661018000.0,10.493891797556719,1.08454856960714,0.4298361656660222,1.7561949110261101,0.04927293997703303,10.493891797556719,0.13869948445035757,8.694709976798144,16.288246402877697,9.03668551471811,0.37170263788968827,0.0,0.005705074516554747,0.2543807876259286,0.9030201609690015,0.03394728808385061,95.66477112676057,0.3019441555324426,14.888888888888888,2.2506108202443285,1.0740141762471083,0.40821559005824,1.0095846645367412,15.514851485148515,7.4440298507462686,1.2589933020162931,0.2734673621176416,0.31173647469458987,Information Technology Services,Technology,BR
2020Q2,2020,Q2,2020-01-31,2019-12-31,10100000.0,968700000.0,26800000.0,0.09,187800000.0,0.193868070610096,4384600000.0,1125400000.0,1010600000.0,1124900000.0,3259200000.0,0.0,2030100000.0,14170038000.0,15906238000.0,9.811682650392328,0.8983909680860521,0.428476942024358,1.6693620046205793,0.007915210052211496,9.811682650392328,0.008974586813577394,14.627890987921957,350.74351485148514,12.591112493335704,6.118811881188119,0.0,0.004361315050813554,0.22093235414861104,0.6742821584140812,0.0023035168544451035,188.43135638297872,0.193868070610096,-0.8125000000000001,-0.694976746756983,0.7667078056802183,0.20012644202417612,-0.15061058344640435,-0.8193202146690519,-0.6333789329685362,-0.6527500601018981,0.12310333867871463,0.18130310437323177,Information Technology Services,Technology,BR
2020Q1,2020,Q1,2019-11-06,2019-09-30,55900000.0,948600000.0,73100000.0,0.48,221100000.0,0.23308032890575586,4220000000.0,1143600000.0,1095100000.0,1040800000.0,3076500000.0,0.0,2082000000.0,14234792000.0,15758992000.0,9.996503496503497,1.0521714066102998,0.4260900473933649,1.5723154949282967,0.020099931775264673,9.996503496503497,0.04888072752710738,15.006105840185537,63.661860465116284,12.447352221056313,0.9910554561717353,0.0,0.0038918728141584366,0.22478672985781992,0.8403151421983089,0.013246445497630332,-133.4094845360825,0.23308032890575586,-0.6903225806451613,0.801188811188811,0.787291423941298,0.23334821717931917,-0.4466966966966967,-0.6950354609929078,-0.6964285714285714,0.7182020501753441,0.09750589519940575,0.12667459038963702,Information Technology Services,Technology,BR
2019Q4,2019,Q4,2019-08-06,2019-06-30,183300000.0,1211200000.0,240800000.0,1.55,399600000.0,0.3299207397622193,3880400000.0,1127600000.0,1042300000.0,802600000.0,2753100000.0,0.0,2087700000.0,14916361000.0,16191461000.0,9.779705117085863,1.2986543732868179,0.37893000721575093,1.3040085136573254,0.07383515350791352,9.779705117085863,0.16255764455480667,12.31535749669749,20.344191216584836,13.22841521816247,0.3060556464811784,0.0,0.0037609709231360114,0.31213276981754456,1.0706454024420633,0.047237398206370476,40.01169796137339,0.3299207397622193,0.06896551724137938,0.3584446949160721,0.4205570219455286,0.21826835086501653,0.0585430463576159,0.06445993031358885,0.030821917808219176,0.10377039576230092,0.2730768152502872,0.10471848333605013,Information Technology Services,Technology,BR
2019Q3,2019,Q3,2019-05-07,2019-03-31,172200000.0,1224800000.0,233600000.0,1.45,377500000.0,0.30821358589157416,3602100000.0,1265800000.0,1195400000.0,705200000.0,2336300000.0,0.0,1959900000.0,12147343000.0,13096243000.0,10.940363007778737,1.6951219512195121,0.3260320368673829,0.9277927002686048,0.07372397845919841,10.940363007778737,0.1360404487280771,9.917817602873939,17.635515389082464,9.59657370832675,0.32578397212543553,0.0,0.004618293893569977,0.34002387496182784,1.4439875212705615,0.04780544682268677,323.92914666666667,0.30821358589157416,2.4523809523809526,2.506955267151675,1.0899620535800199,0.4568488731016964,0.7206016408386509,2.4509018036072145,1.9872122762148337,1.761708473030858,0.8165868113799053,0.43269544373969276,Information Technology Services,Technology,BR
2019Q2,2019,Q2,2019-02-07,2018-12-31,49900000.0,953400000.0,78200000.0,0.42,219400000.0,0.23012376756870148,3357600000.0,1122600000.0,966400000.0,597900000.0,2235000000.0,0.0,1843800000.0,11193875000.0,12217375000.0,9.65262252794497,1.6163237999665496,0.3556409340004765,1.0636914306075183,0.026195490032109144,9.65262252794497,0.04445038303937288,11.741005873715125,56.081538076152306,9.97138339568858,1.1322645290581161,0.0,0.005047403155743654,0.2839528234453181,1.3012209399565144,0.014861806051941864,45.68928571428572,0.23012376756870148,-0.34375000000000006,0.8530536967114034,0.8770140544890161,0.3417989566542746,-0.06159110350727117,-0.3494132985658409,-0.21878121878121878,0.2647745793816815,0.5204806412353993,0.2147788546744679,Information Technology Services,Technology,BR
2019Q1,2019,Q1,2018-11-06,2018-09-30,76700000.0,972800000.0,100100000.0,0.64,233800000.0,0.24033717105263158,3381700000.0,1234000000.0,967900000.0,573200000.0,2147700000.0,0.0,1850000000.0,15140148000.0,16146048000.0,10.601374570446735,1.6885903698534543,0.3382026791258834,0.9268233387358185,0.03615937579019615,10.601374570446735,0.06215559157212318,15.563474506578947,49.348591916558014,12.269163695299838,0.5541069100391134,0.0,0.0028071059807341383,0.2876659668214212,1.3745638520586183,0.022680900138983353,-136.39772972972972,0.24033717105263158,-0.627906976744186,0.7675478313364911,0.8256877264372859,0.5067108727210098,-0.4807905840550744,-0.629110251450677,-0.6228334589299171,1.3269246550751397,0.6624836687416974,0.35685666091512364,Information Technology Services,Technology,BR
2018Q4,2018,Q4,2018-08-07,2018-06-30,206800000.0,1320400000.0,265400000.0,1.72,450300000.0,0.3410330202968797,3304600000.0,1094400000.0,991100000.0,777400000.0,2210300000.0,0.0,1727000000.0,13489720000.0,14341320000.0,9.337883959044369,1.2748906611782866,0.3187677782485021,0.9625365497076024,0.09904622072270093,9.337883959044369,0.18896198830409358,10.216388973038473,16.307688588007736,12.326133040935671,0.20696324951644102,0.0,0.0031727863884498716,0.39956424378139566,1.05068175971186,0.06257943472734975,34.44770173646578,0.3410330202968797,0.911111111111111,0.5809756122298912,0.5705757940745867,0.38008432041758683,0.6752232142857143,0.8955087076076994,1.0415384615384615,0.25823360838697595,0.4337272297380649,0.1906355597703695,Information Technology Services,Technology,BR
2018Q3,2018,Q3,2018-05-08,2018-03-31,109100000.0,1071900000.0,130000000.0,0.9,268800000.0,0.2507696613490064,3484700000.0,1161900000.0,1203000000.0,767300000.0,2322800000.0,0.0,1562600000.0,12822761000.0,13739661000.0,9.939264328485885,1.5678352665189625,0.3452521020460872,1.0354591617178759,0.04785577747907787,9.939264328485885,0.09389792581117136,11.962646702117734,29.383045371219065,11.03602805749204,0.3904674610449129,0.0,0.0033222174225972082,0.3076018021637444,1.3036621921021765,0.031308290527161595,171.4272860962567,0.2507696613490064,0.7307692307692307,1.6062923527533477,0.9270475373660021,0.5624368827658746,0.10617283950617284,0.7568438003220612,0.12945264986967853,1.0843170801254631,0.743656085585283,0.3337880026876574,Information Technology Services,Technology,BR
2018Q2,2018,Q2,2018-02-08,2017-12-31,62100000.0,1012800000.0,115100000.0,0.52,243000000.0,0.23992890995260663,3249900000.0,1074100000.0,1051200000.0,585900000.0,2175800000.0,0.0,1496300000.0,10561628000.0,11417828000.0,9.211835334476843,1.7941628264208909,0.37622696082956397,1.1383483846941627,0.030067920585161965,9.211835334476843,0.057815845824411134,10.428147709320696,42.51863123993559,9.833002513732428,0.6843800322061192,0.0,0.004024000845324225,0.3116403581648666,1.607100187745349,0.01910828025477707,48.314858188472094,0.23992890995260663,0.2380952380952382,3.1124041948020933,1.1486313346938601,0.4345722629642263,0.2260343087790111,0.24448897795591182,0.3637440758293839,0.8448796595172539,0.8170379095846524,0.12675547695544587,Information Technology Services,Technology,BR
2018Q1,2018,Q1,2017-11-08,2017-09-30,49900000.0,924800000.0,84400000.0,0.42,198200000.0,0.2143166089965398,3224500000.0,1037900000.0,1034300000.0,609400000.0,2186600000.0,0.0,1477000000.0,9415530000.0,10419130000.0,8.909012875536481,1.6972431900229734,0.40080632656225773,1.2452066673089892,0.02432441158316425,8.909012875536481,0.04807784950380576,10.1811526816609,47.171993987975945,9.071712110993351,0.7595190380761523,0.0,0.004025264642563934,0.2868041556830516,1.4985231375123071,0.01547526748333075,-72.81925754060325,0.2143166089965398,-0.7324840764331211,1.9023194727831327,0.9853499005379089,0.3992623135738108,-0.5450998393389948,-0.7332977017637627,-0.7158249158249158,0.5788761967646087,0.7110400350884238,0.09917584190450097,Information Technology Services,Technology,BR
2017Q4,2017,Q4,2017-08-10,2017-06-30,187100000.0,1345800000.0,297000000.0,1.57,435700000.0,0.32374795660573635,3149700000.0,1003900000.0,989600000.0,745000000.0,2145900000.0,0.0,1469400000.0,8848076000.0,9679076000.0,8.573014517506405,1.3283221476510068,0.34990634028637646,1.097818507819504,0.09266266645043876,8.573014517506405,0.18637314473553143,6.574584633675138,11.82265633351149,8.813702560015939,0.20630678781400322,0.0,0.004362530339929268,0.42727878845604345,1.1551677852348994,0.05940248277613741,28.57905684754522,0.32374795660573635,1.492063492063492,1.3755956805861886,0.780707128080599,0.249916284739323,0.8524659863945578,1.4650856389986824,1.707383773928897,0.36529247591887165,0.554160064754886,0.06794960923080723,Information Technology Services,Technology,BR
2017Q3,2017,Q3,2017-05-10,2017-03-31,75900000.0,1008900000.0,109700000.0,0.63,235200000.0,0.23312518584597086,3242000000.0,942400000.0,1118200000.0,886000000.0,2299600000.0,0.0,1320800000.0,8004510000.0,9001610000.0,8.0,1.262076749435666,0.39068476249228873,1.3440152801358234,0.03545842352779849,8.0,0.08053904923599321,7.933898305084746,26.365316205533595,8.49375,0.5217391304347826,0.0,0.004947211009793229,0.3111967921036397,1.050451467268623,0.02341147439851943,61.525826287471176,0.23312518584597086,1.52,3.784115978569178,0.9414990859232176,0.23876123876123878,0.2727272727272727,1.521594684385382,0.8656462585034014,0.518192786385573,0.6908668656525833,0.06530203582155973,Information Technology Services,Technology,BR
2017Q2,2017,Q2,2017-02-08,2016-12-31,30100000.0,892600000.0,58800000.0,0.25,184800000.0,0.20703562626036298,2967300000.0,985900000.0,899400000.0,638200000.0,1981400000.0,0.0,1283500000.0,7869810000.0,8840110000.0,8.305812973883741,1.4092760890003133,0.40643008795875035,1.2232477938939041,0.017668793088697468,8.305812973883741,0.030530479764682015,8.816726417208155,65.36387043189369,7.982361294248909,1.2790697674418605,0.0,0.004892113024329685,0.30081218616250466,1.1770604826073332,0.010143901863647086,121.63539412673879,0.20703562626036298,-0.10714285714285723,3.6129268050944052,0.9387223615006673,0.31083065178542846,0.04171364148816235,-0.10682492581602374,-0.10909090909090909,0.09517355896609393,0.7217823643964694,0.1545806489643638,Information Technology Services,Technology,BR
2017Q1,2017,Q1,2016-11-09,2016-09-30,33700000.0,895300000.0,66000000.0,0.28,177400000.0,0.19814587289176813,2942300000.0,1051400000.0,885800000.0,641700000.0,1890900000.0,0.0,1292400000.0,8033115000.000001,8931615000.0,8.872573839662447,1.3803958235935796,0.3826598239472522,1.0708579037473844,0.019776876946106314,8.872573839662447,0.032052501426669204,8.97253993074947,59.59284124629081,7.64039851626403,1.053412462908012,0.0,0.0044192072440143075,0.30428576283859565,1.1326164874551972,0.011453624715358733,-41.79560353798127,0.19814587289176813,-0.7999999999999999,1.1065160817605293,0.9617704159536893,0.384905216361192,-0.5430190623390005,-0.8018812463256908,-0.7559171597633136,-0.23714790740107203,0.6504643517185656,0.2610066161143168,Information Technology Services,Technology,BR
2016Q4,2016,Q4,2016-08-09,2016-06-30,170100000.0,974500000.0,270400000.0,1.4,388200000.0,0.3983581323755772,2879800000.0,1045500000.0,1289100000.0,692900000.0,1834300000.0,0.0,1297800000.0,7700120000.0,7994920000.0,8.852667231160034,1.860441622167701,0.35505937912355023,0.9780009564801531,0.08467900893432807,8.852667231160034,0.16269727403156384,7.901611082606465,11.317048794826572,7.365011956001913,0.2069370958259847,0.0,0.004571357329496163,0.33839155496909507,1.7045749747438304,0.05906660184735051,29.938258164852254,0.3983581323755772,1.692307692307692,0.5307886924497313,0.31304986689019476,0.3712585012520559,0.9189322787938705,1.6703296703296704,1.687872763419483,0.2904960034624498,0.15030482543951265,0.30837214225232845,Information Technology Services,Technology,BR
2016Q3,2016,Q3,2016-05-05,2016-03-31,63700000.0,688800000.0,100600000.0,0.52,202300000.0,0.2936991869918699,2523900000.0,902600000.0,1003800000.0,581300000.0,1621400000.0,0.0,1163200000.0,7010442000.0,7475542000.0,7.636209813874789,1.7268191983485293,0.3246959071278577,0.9079326390427653,0.03984117792541276,7.636209813874789,0.07057389762907157,10.177761324041812,27.51350863422292,7.766942167072901,0.5588697017268446,0.0,0.005078139152994918,0.2729109711161298,1.4763461207638053,0.025238717857284362,70.59861027190333,0.2936991869918699,0.5757575757575757,1.253653284110137,0.373106558537424,0.36995126228982916,0.15997706422018348,0.5845771144278606,0.43304843304843305,0.5049942688717866,0.2246960872247929,0.20040029758965555,Information Technology Services,Technology,BR
2016Q2,2016,Q2,2016-02-04,2015-12-31,40200000.0,638900000.0,70200000.0,0.33,174400000.0,0.27296916575363905,2353500000.0,941600000.0,828200000.0,428600000.0,1412000000.0,0.0,1134800000.0,6367005000.0,6816405000.0,7.945991561181435,1.9323378441437238,0.3205863607393244,0.8012956669498725,0.027142586875004388,7.945991561181435,0.042693288020390824,9.965573642197526,39.59580223880597,6.761899957519116,0.8805970149253731,0.0,0.005559913962687323,0.27146802634374334,1.6679888007466168,0.01708094327597196,132.37016632016633,0.27296916575363905,0.17857142857142852,3.0774099318403114,0.5237285726414761,0.3630423290073821,0.11723254324151185,0.2,0.18781725888324874,1.6194520108956896,0.3336789621553549,0.23744060564735134,Information Technology Services,Technology,BR
2016Q1,2016,Q1,2015-11-05,2015-09-30,33500000.0,594700000.0,59100000.0,0.28,156100000.0,0.26248528669917603,2299500000.0,924300000.0,795500000.0,413000000.0,1375200000.0,0.0,1130100000.0,6547905000.0,6996005000.0,7.813186813186813,1.9261501210653753,0.3193737769080235,0.7945472249269717,0.02315625751051341,7.813186813186813,0.036243643838580544,11.010433832184294,48.86496268656716,7.084177215189873,0.9552238805970149,0.0,0.004887059296064925,0.25862143944335725,1.6878934624697337,0.01456838443139813,-154.4317216981132,0.26248528669917603,-0.7941176470588235,1.6933881618670514,0.5090693140965128,0.3640189509634721,-0.5831775700934579,-0.7980711271850512,-0.7748571428571429,0.918804188665475,0.25726943178148676,0.22715030378108267,Information Technology Services,Technology,BR
2015Q4,2015,Q4,2015-08-07,2015-06-30,165900000.0,929600000.0,262500000.0,1.36,374500000.0,0.40286144578313254,2368100000.0,927800000.0,861400000.0,508900000.0,1440300000.0,0.0,1132000000.0,5916183000.0,6281483000.0,7.842772612003381,1.6926704657103557,0.2911194628605211,0.7430480707048933,0.10543652117962132,7.842772612003381,0.17881008838111662,6.364224397590362,8.91528481012658,6.376571459366242,0.1940928270042194,0.0,0.005442698442560009,0.39255099024534434,1.5103163686382393,0.0700561631687851,24.712543859649124,0.40286144578313254,2.162790697674419,0.6879106401905203,0.324497672163331,0.22922901179336852,1.0622246696035242,2.0722222222222224,1.9296875,1.0850538504107956,0.21753159133372324,0.14344950486586638,Information Technology Services,Technology,BR
2015Q3,2015,Q3,2015-05-08,2015-03-31,54000000.0,634200000.0,89600000.0,0.43,181600000.0,0.28634500157678966,2281200000.0,898700000.0,932000000.0,530700000.0,1382500000.0,0.0,998000000.0,6634206000.0,6953406000.0,7.451907131011609,1.7561710947804785,0.27586358057162896,0.7002336708579059,0.038662907772855415,7.451907131011609,0.060086792032936466,10.460747398297068,30.713916666666666,7.382002893067764,0.6018518518518519,0.0,0.004898853005167461,0.2780115728563914,1.500847936687394,0.02367175170962651,93.43952112676057,0.28634500157678966,0.5357142857142856,1.4240244560330877,0.44432280326160567,0.1721319501287804,0.1307596513075965,0.5561959654178674,0.5058823529411764,2.3246938957905083,0.19210164897632503,0.1538917135932062,Information Technology Services,Technology,BR
2015Q2,2015,Q2,2015-02-05,2014-12-31,34700000.0,574600000.0,59500000.0,0.28,160600000.0,0.2794987817612252,2099800000.0,982700000.0,780400000.0,359700000.0,1117100000.0,0.0,976200000.0,5550836000.0,5761036000.0,8.175540765391014,2.1695857659160414,0.2496904467092104,0.5335300702147145,0.026551159189930194,8.175540765391014,0.035310878192734305,9.66034806822137,39.99161383285302,5.648556019130966,0.9337175792507204,0.0,0.005836958613080984,0.27364510905800554,1.8924103419516263,0.016525383369844746,122.5350110375276,0.2794987817612252,0.07692307692307698,0.16591147690357344,0.22464729823838375,0.3102880381050675,0.07568653717347622,0.06769230769230769,0.03298611111111111,4.251529313888618,0.23245369153397943,0.29027097815624975,Information Technology Services,Technology,BR
2015Q1,2015,Q1,2014-11-06,2014-09-30,32500000.0,555800000.0,57600000.0,0.26,149300000.0,0.26862180640518174,2078600000.0,971000000.0,775600000.0,364000000.0,1107600000.0,0.0,974000000.0,4987274000.0,5180174000.0,8.10517529215359,2.1307692307692307,0.2521889733474454,0.5398558187435634,0.02504012841091493,8.10517529215359,0.03347064881565397,8.973145016192875,38.363646153846155,5.136224510813594,0.7753846153846153,0.0,0.005052860540648057,0.26739151351871454,1.902197802197802,0.015635523910324255,514.1519587628866,0.26862180640518174,-0.7699115044247787,0.4191107654171095,0.3992159896690304,0.28999044352473274,-0.5539288915446668,-0.7681883024251069,-0.7305893358278766,1.0094618775803987,0.204646633277685,0.26512326011280624,Information Technology Services,Technology,BR
2014Q4,2014,Q4,2014-08-07,2014-06-30,140200000.0,885900000.0,213800000.0,1.13,334700000.0,0.37780787899311435,2192100000.0,961700000.0,880600000.0,484400000.0,1230400000.0,0.0,973900000.0,4988472000.0,5164972000.0,8.02754590984975,1.8179190751445087,0.2390858081291912,0.5449724446293023,0.09764838014129762,8.02754590984975,0.14578350837059373,5.630965120216729,8.89527817403709,5.187139440573984,0.1797432239657632,0.0,0.005051647077501888,0.4041330231285069,1.5945499587118084,0.0639569362711555,26.17246589716684,0.37780787899311435,1.7560975609756098,0.3825166266560607,0.386592385816143,0.21958645781105648,0.8729714605484051,1.7598425196850394,1.5728038507821902,0.24380421758582152,0.17673089990855773,0.24344904034421677,Information Technology Services,Technology,BR
2014Q3,2014,Q3,2014-05-09,2014-03-31,50800000.0,606300000.0,83100000.0,0.41,178700000.0,0.29473857826158667,2129900000.0,898900000.0,814200000.0,493700000.0,1231000000.0,0.0,858900000.0,4445658000.0,4725358000.0,7.5096073517126145,1.649179663763419,0.2460678905112916,0.5830459450439426,0.03857744814660139,7.5096073517126145,0.05651351652019135,7.332439386442355,21.87823818897638,4.945664701301591,0.4921259842519685,0.0,0.005623464513014721,0.28466125170195783,1.358517318209439,0.023850885018075967,53.177727272727275,0.29473857826158667,0.8636363636363635,0.44750629630310484,0.46839198994993736,0.3222140925961248,0.31881918819188193,0.8405797101449275,0.6787878787878788,0.7747398800030377,0.19349882960103745,0.34723852821422313,Information Technology Services,Technology,BR
2014Q2,2014,Q2,2014-02-06,2013-12-31,27600000.0,520600000.0,49500000.0,0.22,135500000.0,0.2602766039185555,1939000000.0,857500000.0,687200000.0,343900000.0,1081500000.0,0.0,833200000.0,4710784000.0,4994584000.0,7.193791946308725,1.9982553067752253,0.270293965961836,0.6111953352769679,0.023158161667089307,7.193791946308725,0.0321865889212828,9.04875912408759,42.670144927536235,5.493625655976677,0.9057971014492754,0.0,0.005306972257696383,0.26848891181021145,1.6757778423960454,0.014234141309953584,59.781522842639596,0.2602766039185555,-0.38888888888888884,0.08569953536396484,0.333441731169469,0.3194265186714852,-0.08259986459038592,-0.3783783783783784,-0.3328840970350404,1.7829762519359835,0.2343007190904167,0.23401124370603893,Information Technology Services,Technology,BR
2014Q1,2014,Q1,2013-11-07,2013-09-30,44400000.0,545200000.0,74200000.0,0.36,147700000.0,0.27090975788701394,1907200000.0,838000000.0,656600000.0,338100000.0,1069200000.0,0.0,831100000.0,3781425000.0,4122325000.0,7.036104114189756,1.9420289855072463,0.274748322147651,0.6252983293556086,0.03490410715080319,7.036104114189756,0.05298329355608592,6.935849229640499,21.29180743243243,4.512440334128878,0.48423423423423423,0.0,0.005685687273977403,0.28586409395973156,1.642413487133984,0.02328020134228188,-202.21524064171123,0.27090975788701394,-0.6697247706422018,0.47024028528571016,0.36050864122749576,0.2842810941656809,-0.5094652939222849,-0.6701337295690936,-0.6408518877057116,2.5457661786708585,0.37416878766033984,0.2283565697557331,Information Technology Services,Technology,BR
2013Q4,2013,Q4,2013-08-08,2013-06-30,134600000.0,865100000.0,206600000.0,1.09,301100000.0,0.3480522482949948,2018200000.0,816000000.0,807000000.0,469500000.0,1202200000.0,0.0,811300000.0,3267054000.0,3525554000.0,6.766169154228856,1.718849840255591,0.2598850460806659,0.6427696078431373,0.10259528624149648,6.766169154228856,0.16495098039215686,3.77650445035256,6.068079494799406,4.003742647058823,0.16047548291233285,0.0,0.006611460967587312,0.4286492914478248,1.508839190628328,0.06669309285501933,17.823535188216038,0.3480522482949948,2.1142857142857148,0.6022342276348319,0.27098857052446,0.2737599212305329,1.0006644518272425,2.1013824884792625,1.8895104895104895,0.34333880865258226,0.20909056759285957,0.060488660649176414,Information Technology Services,Technology,BR
2013Q3,2013,Q3,2013-05-07,2013-03-31,43400000.0,576700000.0,71500000.0,0.35,150500000.0,0.26096757412866306,1921900000.0,771000000.0,711300000.0,449200000.0,1150900000.0,0.0,698100000.0,2960916000.0,3303216000.0,6.361386138613861,1.5834817453250223,0.27290701909568654,0.6802853437094682,0.035380965927392115,6.361386138613861,0.0562905317769131,5.134239639327206,17.055967741935483,3.8403579766536966,0.5046082949308756,0.0,0.007396359775150662,0.3000676413965347,1.323241317898486,0.022581820073885216,-166.34359550561797,0.26096757412866306,1.692307692307692,0.6981764278122728,0.3345615285265496,0.38882322220986126,0.4251893939393939,1.7468354430379747,1.517605633802817,0.9385528914337218,0.3068708460088063,0.0006007601927053008,Information Technology Services,Technology,BR
2013Q2,2013,Q2,2013-02-07,2012-12-31,15800000.0,493200000.0,28400000.0,0.13,105600000.0,0.2141119221411192,1856200000.0,783400000.0,653600000.0,344400000.0,1072800000.0,0.0,676300000.0,2791360000.0,3056660000.0,6.421311475409836,1.8977932636469221,0.2825126602736774,0.6693898391626245,0.013891116087653463,6.421311475409836,0.02016849629818739,5.659691808596918,44.167088607594934,3.563135052335971,1.3924050632911393,0.0,0.007881462799495587,0.26570412671048377,1.6385017421602788,0.008512013791617283,35.695140664961635,0.2141119221411192,-0.07142857142857148,-0.37576152929831524,0.21078773822657573,0.4668558355601676,-0.001890359168241966,-0.1366120218579235,-0.13677811550151975,-0.4769564793130367,0.035650244338738014,0.029138971552042953,Information Technology Services,Technology,BR
2013Q1,2013,Q1,2012-11-06,2012-09-30,18300000.0,495800000.0,32900000.0,0.14,105800000.0,0.21339249697458654,1830500000.0,789500000.0,620900000.0,313600000.0,1041000000.0,0.0,682500000.0,2858200000.0,3170800000.0,6.366935483870968,1.9799107142857142,0.28647910406992627,0.6642178594046865,0.016022070630488317,6.366935483870968,0.02317922735908803,5.764824526018556,39.04644808743169,3.620265991133629,1.1092896174863387,0.0,0.0071023721223147426,0.27085495766184103,1.7002551020408163,0.009997268505872712,-120.59915611814345,0.21339249697458654,-0.7878787878787878,-0.4297647849462366,0.23265878803477463,0.5669510364586902,-0.6101694915254238,-0.7805755395683454,-0.817526344980588,-0.22799670087976534,0.20589049588232392,0.013338469888879363,Information Technology Services,Technology,BR
2012Q4,2012,Q4,2012-08-09,2012-06-30,83400000.0,800300000.0,180300000.0,0.66,271400000.0,0.3391228289391478,1987600000.0,850500000.0,777400000.0,410300000.0,1137100000.0,0.0,686100000.0,2637480000.0,2841380000.0,6.858870967741935,1.894711186936388,0.2638357818474542,0.61657848324515,0.08083377642139344,6.858870967741935,0.0980599647266314,3.295614144695739,7.906115107913669,3.1010934744268077,0.23860911270983212,0.0,0.007545080910566147,0.40264640772791305,1.6846210090177918,0.04196015294827933,15.764973102211595,0.3391228289391478,4.076923076923077,-0.05211785469163634,0.16034107159981148,0.7964017164618774,1.150554675118859,3.9940119760479043,2.2428057553956835,-0.2054457904467562,0.21018581783938858,0.04203529223890123,Information Technology Services,Technology,BR
2012Q3,2012,Q3,2012-05-08,2012-03-31,16700000.0,547000000.0,55600000.0,0.13,126200000.0,0.23071297989031078,2014300000.0,800800000.0,749600000.0,438300000.0,1213500000.0,0.0,622700000.0,2964840000.0,3310340000.0,6.458064516129032,1.7102441250285192,0.28014694931241624,0.7046703296703297,0.025597432829503736,6.458064516129032,0.020854145854145856,5.42018281535649,44.383832335329345,3.7023476523476524,0.005988023952095809,0.0,3.372863291105085e-05,0.27155835774214365,1.3855806525211043,0.008290721342401827,801.3081081081081,0.23071297989031078,1.5999999999999999,-0.5538609592732312,0.2424656996229576,1.1066494825821616,0.29835390946502055,1.4558823529411764,1.3459915611814346,-0.5406479217603912,0.2788341645885287,0.13706929193487313,Information Technology Services,Technology,BR
2012Q2,2012,Q2,2012-02-07,2011-12-31,6800000.0,479800000.0,23700000.0,0.05,97200000.0,0.20258441017090453,1896900000.0,783800000.0,634900000.0,300800000.0,1113100000.0,0.0,625800000.0,2789435000.0,3145535000.0,6.336297493936944,2.1107047872340425,0.3133006484263799,0.7582291400867568,0.011032416794794036,6.336297493936944,0.008675682572084715,5.813745310546061,102.55275735294119,3.558860678744578,5.823529411764706,0.0,0.014196423290021097,0.2529390057462175,1.7779255319148937,0.0035847962465074597,56.01275100401607,0.20258441017090453,-0.6153846153846154,-0.7274974015475227,0.2482470604090096,0.0,0.038461538461538464,-0.592814371257485,-0.17993079584775087,-0.7422396941570258,0.18423168900819395,0.16215189514646727,Information Technology Services,Technology,BR
2012Q1,2012,Q1,2011-11-03,2011-09-30,16700000.0,476400000.0,28900000.0,0.13,93600000.0,0.1964735516372796,1927200000.0,792500000.0,685300000.0,293600000.0,1134700000.0,0.0,639100000.0,2491318000.0,2852818000.0,6.406628940986257,2.3341280653950953,0.31875259443752596,0.7751419558359621,0.013094251042374336,6.406628940986257,0.02107255520504732,5.229466834592779,37.295179640718565,3.1436189274447948,1.1077844311377245,0.0,0.007425788277530206,0.24719800747198006,1.9799046321525886,0.008665421336654213,149.18071856287426,0.1964735516372796,-0.8586956521739131,-0.3425066303592449,0.21461922466728275,0.0,-0.6383307573415765,-0.8562822719449226,-0.8430200977729495,-0.46756832859491526,0.14461457583936432,0.16938468969639953,Information Technology Services,Technology,BR
2011Q4,2011,Q4,2011-08-12,2011-06-30,116200000.0,776100000.0,184100000.0,0.92,258800000.0,0.3334621827084139,1904000000.0,797300000.0,751400000.0,782700000.0,1106700000.0,0.0,642200000.0,2972645000.0,3255445000.0,6.45587044534413,0.9600102210297687,0.27536764705882355,0.6575943810359964,0.08863900503236427,6.45587044534413,0.14574187884108866,3.8302345058626464,6.395535714285715,3.7283895647811365,0.15834767641996558,0.0,0.006189773753677281,0.4076155462184874,0.8280311741407946,0.06102941176470588,20.787727272727274,0.3334621827084139,3.0,0.29687812840481,0.214661497079281,-0.14103257494846133,1.1477178423236514,2.9124579124579126,2.4347014925373136,0.3507265095253471,0.1134567868434338,0.21534487868907995,Information Technology Services,Technology,BR
2011Q3,2011,Q3,2011-05-10,2011-03-31,29700000.0,527100000.0,53600000.0,0.23,120500000.0,0.22860937203566686,1853400000.0,692300000.0,705600000.0,855100000.0,1161100000.0,0.0,544600000.0,2818098000.0,3230998000.0,5.574074074074074,0.8251666471757689,0.3044135103053847,0.8149646107178968,0.027214414594013282,5.574074074074074,0.04290047667196302,5.3464200341491175,23.721363636363638,4.070631229235881,0.6296296296296297,0.0,0.006635681228970745,0.28439624473939784,0.6392234826336101,0.01602460343153124,3522.6225,0.22860937203566686,1.8750000000000002,-0.012163561076604525,0.3075734422836676,0.0,0.40606767794632437,1.8557692307692308,1.851063829787234,0.13404568901989689,0.19031714762773647,0.2169365838997549,Information Technology Services,Technology,BR
2011Q2,2011,Q2,2011-02-08,2010-12-31,10400000.0,442300000.0,18800000.0,0.08,85700000.0,0.1937598914763735,1515000000.0,728700000.0,608000000.0,287600000.0,786300000.0,0.0,533200000.0,2741250000.0,2877650000.0,5.8296,2.114047287899861,0.213993399339934,0.4449018800603815,0.01147077192285664,5.8296,0.014271991217236175,6.197716482025775,65.8954326923077,3.7618361465623713,1.8173076923076923,0.0,0.006894664842681259,0.29194719471947195,1.665855354659249,0.006864686468646864,63.30831408775982,0.1937598914763735,-0.20000000000000004,-0.5875657142857144,0.13871996290285188,0.0,0.01061320754716981,-0.21804511278195488,-0.19313304721030042,-0.5989702422145329,0.05977019995699855,0.33168789767136775,Information Technology Services,Technology,BR
2011Q1,2011,Q1,2010-11-04,2010-09-30,13300000.0,421400000.0,23300000.0,0.1,84800000.0,0.201233981964879,1519300000.0,724600000.0,640300000.0,292300000.0,794700000.0,0.0,541400000.0,2893055000.0,3036555000.0,5.728063241106719,2.1905576462538487,0.2133877443559534,0.4474192658018217,0.014137369114485819,5.728063241106719,0.018354954457631797,6.865341718082582,54.38073308270677,3.9926235164228543,1.413533834586466,0.0,0.006498320979034273,0.27736457579148294,1.6229900786862812,0.008754031461857435,-143.9330845771144,0.201233981964879,-0.8765432098765432,-0.48795783926218705,0.05061138638092494,0.0,-0.665086887835703,-0.873453853472883,-0.8729552889858233,-0.5937571365832236,0.026980139040730995,0.40971973962835223,Information Technology Services,Technology,BR
2010Q4,2010,Q4,2010-08-12,2010-06-30,105100000.0,750500000.0,183400000.0,0.81,253200000.0,0.3373750832778148,1794400000.0,807100000.0,992400000.0,486400000.0,987300000.0,0.0,546900000.0,2409825000.0,2321325000.0,6.380237154150198,2.0402960526315788,0.18061747659384753,0.401561144839549,0.10311634611737036,6.380237154150198,0.1302193036798414,3.2109593604263824,5.732219314938154,2.985782430925536,0.1807802093244529,0.0,0.00788438994532798,0.4182456531431119,1.576685855263158,0.0585711101203745,8.995240761478163,0.3373750832778148,3.500000000000001,0.14517586381495534,0.14673933684244717,-0.15109574674458648,1.3039126478616925,3.2208835341365463,2.6753507014028055,0.1709063677611319,0.06663223430760555,0.6710430957301684,Information Technology Services,Technology,BR
2010Q3,2010,Q3,2010-05-10,2010-03-31,24900000.0,490800000.0,49900000.0,0.18,109900000.0,0.223920130399348,2863900000.0,857000000.0,2138200000.0,1579500000.0,2006900000.0,0.0,460400000.0,2882024000.0,3028224000.0,6.357566765578635,1.3537195314973092,0.11316735919550264,0.3781796966161027,0.026885568922652994,6.357566765578635,0.029054842473745623,5.8720945395273025,28.93598393574297,3.3629218203033835,0.7550200803212851,0.0,0.00652319342240037,0.1713746988372499,0.33706869262424816,0.008694437654946053,-14.106823299069996,0.223920130399348,-0.25,-0.23693832132259435,0.12178423578154182,0.0,-0.15461538461538463,-0.25892857142857145,-0.30307262569832405,-0.3880937373851831,0.025494720413117986,1.0738666675965092,Information Technology Services,Technology,BR
2010Q2,2010,Q2,2010-02-04,2009-12-31,33600000.0,529700000.0,71600000.0,0.24,130000000.0,0.24542193694544082,2695700000.0,846700000.0,1980000000.0,1420400000.0,1849000000.0,0.0,454400000.0,3061392000.0,3238392000.0,6.239498894620486,1.3939735285834975,0.12022851207478577,0.3827802055037203,0.04597767076725877,6.239498894620486,0.03968347702846345,5.779482726071361,22.778214285714284,3.615674973426243,0.5654761904761905,0.0,0.006206327056450138,0.19649812664614014,0.32504928189242466,0.012464294988314724,7.997366771159875,0.24542193694544082,0.26315789473684204,0.22741341193809872,0.2562038880586037,0.0,0.2682926829268293,0.2727272727272727,0.5531453362255966,0.22741341193809872,0.2562038880586037,0.0,Information Technology Services,Technology,BR
2010Q1,2010,Q1,2009-11-03,2009-09-30,26400000.0,457900000.0,46100000.0,0.19,102500000.0,0.22384800174710637,2886200000.0,867700000.0,2123600000.0,1572000000.0,2018500000.0,0.0,439700000.0,2775810000.0,3059410000.0,6.2831281679942075,1.3508905852417303,0.1122929803894394,0.37351619223233834,0.024141325059300014,6.2831281679942075,0.030425262187391954,6.062044114435467,26.286079545454548,3.1990434481963814,0.3712121212121212,0.0,0.003530501006913297,0.15865151410158687,1.2807251908396946,0.009146975261589634,-470.47627118644067,0.22384800174710637,-0.7710843373493975,-0.06898890963832464,0.045719153092222416,0.0,-0.5797457974579746,-0.7741659538066724,-0.7613871635610766,-0.06898890963832464,0.045719153092222416,0.0,Information Technology Services,Technology,BR
2009Q4,2009,Q4,2009-08-11,2009-06-30,116900000.0,736500000.0,193200000.0,0.83,243900000.0,0.3311608961303462,2774700000.0,909000000.0,2003600000.0,1420700000.0,1865700000.0,0.0,432300000.0,2289698000.0,2579398000.0,6.582186821144099,1.4102907017667348,0.11680542040580964,0.35654565456545656,0.09873688494865679,6.582186821144099,0.1286028602860286,3.108890699253225,4.896702309666381,2.5189196919691965,0.08383233532934131,0.0,0.0042800404245450716,0.26543410098389014,1.3512353065390301,0.042130680794320106,68.96680722891567,0.3311608961303462,1.8620689655172415,0.1667581095977685,0.030821841489545088,-0.12422590991679368,1.247926267281106,1.8581907090464547,2.3776223776223775,0.1667581095977685,0.030821841489545088,-0.12422590991679368,Information Technology Services,Technology,BR
2009Q3,2009,Q3,2009-05-11,2009-03-31,40900000.0,481200000.0,57200000.0,0.29,108500000.0,0.22547797173732337,2444200000.0,792300000.0,1730100000.0,1217800000.0,1651900000.0,0.0,325100000.0,2596095000.0,2610595000.0,5.679569892473118,1.4206766299885039,0.1328860158743147,0.4099457276284236,0.03878229675383019,5.679569892473118,0.051621860406411715,5.395043640897756,15.868551344743276,3.276656569481257,0.2396088019559902,0.0,0.003774900379223411,0.19687423287783323,1.3178682870750533,0.01673349153097128,97.23202247191011,0.22547797173732337,0.38095238095238093,0.21115378050861922,0.06278662895468594,0.0,-0.043209876543209874,0.36789297658862874,0.17695473251028807,0.21115378050861922,0.06278662895468594,0.0,Information Technology Services,Technology,BR
2009Q2,2009,Q2,2009-02-03,2008-12-31,29900000.0,459200000.0,48600000.0,0.21,113400000.0,0.24695121951219512,2402600000.0,764400000.0,1681500000.0,1205600000.0,1638200000.0,0.0,294000000.0,1758107999.9999998,1866607999.9999998,5.452211126961483,1.3947412076974122,0.13485390826604512,0.423861852433281,0.027471517824329286,5.452211126961483,0.0391156462585034,3.8286324041811843,14.699899665551838,2.2999843014128727,0.3311036789297659,0.0,0.005631053382386066,0.19112627986348124,1.3236562707365627,0.012444851410971448,3.3940308880308874,0.24695121951219512,-0.16000000000000003,0.057193804768697766,0.0540564587107352,0.0,0.03656307129798903,-0.1601123595505618,-0.0777988614800759,0.057193804768697766,0.0540564587107352,0.0,Information Technology Services,Technology,BR
2009Q1,2009,Q1,2008-11-06,2008-09-30,35600000.0,472400000.0,52700000.0,0.25,109400000.0,0.23158340389500423,3690500000.0,769200000.0,2941600000.0,2478800000.0,2921300000.0,0.0,274000000.0,2160756000.0,2654756000.0,5.478632478632479,1.1867032435049218,0.15228288849749355,0.7306292251690067,0.024215549002114728,5.478632478632479,0.04628185127405096,4.573996613039797,15.17384831460674,2.8090951638065524,0.23595505617977527,0.0,0.003887528253999989,0.1280043354559003,1.1623769565918993,0.009646389378133044,-8.677734939759036,0.23158340389500423,-0.6376811594202898,0.23488778927375434,0.06116001866967568,0.0,-0.5606425702811245,-0.6359918200408998,-0.7391089108910891,0.23488778927375434,0.06116001866967568,0.0,Information Technology Services,Technology,BR
2008Q4,2008,Q4,2008-08-14,2008-06-30,97800000.0,792400000.0,202000000.0,0.69,249000000.0,0.31423523472993437,2833600000.0,745800000.0,2079200000.0,1525400000.0,2087800000.0,0.0,248200000.0,2955420000.0,3238720000.0,5.311965811965812,1.363052314147109,0.15806747600225862,0.6005631536604988,0.09672639921833931,5.311965811965812,0.13113435237329044,3.7297072185764764,7.554754601226994,3.9627514078841517,0.08588957055214724,0.0,0.0028422356213330087,0.27964426877470355,1.3224727940212404,0.034514398644833424,74.63181818181818,0.31423523472993437,2.2857142857142856,-0.03986623549682146,0.09089235561871688,-0.29323154265638934,1.1521175453759724,2.3152542372881357,3.1735537190082646,-0.03986623549682146,0.09089235561871688,-0.29323154265638934,Information Technology Services,Technology,BR
2008Q3,2008,Q3,2008-05-08,2008-03-31,29500000.0,498800000.0,48400000.0,0.21,115700000.0,0.23195669607056937,3237000000.0,640800000.0,2487400000.0,1987900000.0,2596200000.0,0.0,158800000.0,2462240000.0,2713240000.0,4.580414581844175,1.2512701846169325,0.1608897126969416,0.8127340823970037,0.025396005509641873,4.580414581844175,0.046036204744069914,4.936327185244587,20.866440677966104,3.8424469413233457,0.2847457627118644,0.0,0.0034115277146013383,0.15409329626197096,1.1805925851400976,0.0091133765832561,4.206081311923471,0.23195669607056937,0.0,-0.1289271248170462,0.09850844784486149,0.0,-0.03098827470686767,0.020761245674740483,0.023255813953488372,-0.1289271248170462,0.09850844784486149,0.0,Information Technology Services,Technology,BR
2008Q2,2008,Q2,2008-02-07,2007-12-31,28900000.0,465100000.0,47300000.0,0.21,119400000.0,0.2567189851644808,2911300000.0,609800000.0,2168800000.0,1664700000.0,2301500000.0,0.0,137700000.0,3124499000.0,3969099000.0,4.377602297200287,1.3028173244428425,0.32590251777556417,1.5559199737618892,0.018542281534710638,4.377602297200287,0.04739258773368318,6.717907976779188,27.028538062283737,5.123809445719909,0.2906574394463668,0.0,0.0026884310092594042,0.15975680967265482,1.2629903285877335,0.009926836808298698,-10.50958291288261,0.2567189851644808,-0.19230769230769237,0.028438108911906353,0.07449705884262156,0.0,0.020512820512820513,-0.19722222222222222,-0.30338733431516934,0.028438108911906353,0.07449705884262156,0.0,Information Technology Services,Technology,BR
2008Q1,2008,Q1,2007-11-07,2007-09-30,36000000.0,451200000.0,67900000.0,0.26,117000000.0,0.25930851063829785,2574900000.0,565200000.0,1844900000.0,1375100000.0,2009700000.0,0.0,117200000.0,2642900000.0,3197900000.0,4.063263838964773,1.3416478801541707,0.24909705231271118,1.134819532908705,0.03427847347204588,4.063263838964773,0.06369426751592357,5.857491134751773,18.353472222222223,4.676043878273178,0.23333333333333334,0.0,0.0031783268379431684,0.1752301060235349,1.2735073812813613,0.013981125480601188,24.51669758812616,0.25930851063829785,-0.6338028169014084,0.2604336145900338,0.023010422930152406,0.0,-0.5052854122621564,-0.6352583586626139,-0.5666879387364391,0.2604336145900338,0.023010422930152406,0.0,Information Technology Services,Technology,BR
2007Q4,2007,Q4,2007-08-23,2007-06-30,98700000.0,773700000.0,156700000.0,0.71,236500000.0,0.3056740338632545,2678200000.0,531100000.0,1960000000.0,1428600000.0,2147100000.0,0.0,90300000.0,2659592000.0,3297892000.0,3.8181164629762763,1.3719725605487891,0.2714136360241954,1.3686688006025232,0.07756686543660007,3.8181164629762763,0.18584070796460178,3.4374977381413987,6.736555217831814,5.007704763697985,0.0,0.0,0.0,0.28888805914420135,1.3292034159316815,0.03685311029796132,27.995705263157895,0.3056740338632545,1.3666666666666667,-0.021974860377073014,0.07510283297114342,-0.4919914061914234,1.0093457943925233,1.3556085918854415,1.2353780313837375,-0.021974860377073014,0.07510283297114342,-0.4919914061914234,Information Technology Services,Technology,BR
2007Q3,2007,Q3,2007-05-15,2007-03-31,41900000.0,492800000.0,70100000.0,0.3,117700000.0,0.23883928571428573,2326300000.0,425500000.0,1613600000.0,1367600000.0,1900800000.0,0.0,0.0,2734360000.0,3462160000.0,3.0655619596541785,1.1798771570634687,0.3314275888750376,1.8119858989424207,0.035119001713988164,3.0655619596541785,0.09847238542890717,5.54862012987013,16.314797136038184,6.426227967097533,0.0,0.0,0.0,0.21183854189055581,0.9907136589646095,0.018011434466749774,-15.448361581920905,0.23883928571428573,0.4999999999999999,0.24702380952380962,0.09389567147613773,0.0,0.199796126401631,0.49642857142857144,0.5239130434782608,0.24702380952380962,0.09389567147613773,0.0,Information Technology Services,Technology,BR
2007Q2,2007,Q2,2006-12-31,2006-12-31,28000000.0,431300000.0,46000000.0,0.2,98100000.0,0.22745188963598423,,,,,,,,,,,,,,,,,,,,,,,,,,,,,,,,,,,,,,Information Technology Services,Technology,BR
2007Q1,2007,Q1,2006-09-30,2006-09-30,28500000.0,440100000.0,47000000.0,0.21,97500000.0,0.22154055896387184,,,,,,,,,,,,,,,,,,,,,,,,,,,,,,,,,,,,,,Information Technology Services,Technology,BR
