Quarters,Year,Quarter,FillingDate,Date,NetIncome,Revenue,OperatingIncome,EPSDiluted,GrossProfit,GrossProfitRatio,TotalAssets,CommonStockEquity,CurrentAssets,CurrentLiability,TotalLiability,Inventory,RetainedEarnings,MarketCap,EnterpriseValue,bookValuePerShare,currentRatio,debtToAssets,debtToEquity,roic,shareholdersEquityPerShare,roe,priceToSalesRatio,peRatio,pbRatio,payoutRatio,inventoryTurnover,dividendYield,assetTurnover,quickRatio,returnOnAssets,priceToFreeCashFlowsRatio,grossProfitMargin,epsdilutedGrowth,fiveYNetIncomeGrowthPerShare,fiveYRevenueGrowthPerShare,fiveYShareholdersEquityGrowthPerShare,grossProfitGrowth,netIncomeGrowth,operatingIncomeGrowth,threeYNetIncomeGrowthPerShare,threeYRevenueGrowthPerShare,threeYShareholdersEquityGrowthPerShare,Industry,Sector,Symbol
2023Q1,2023,Q1,2023-04-28,2023-03-31,-192000000.0,2328000000.0,-242000000.0,-0.59,303000000.0,0.1301546392,13227000000.0,3373000000.0,2098000000.0,4010000000.0,9854000000.0,76000000.0,2232000000.0,2384928000.0,5344928000.0,10.296092796092797,0.5231920199501247,0.3245633930596507,1.2727542247257635,-0.020844473953379867,10.296092796092797,-0.056922620812333236,1.0244536082474227,-3.105375,0.7070643344203973,0.0,26.644736842105264,0.0,0.1760036289408029,0.4658354114713217,-0.01451576321161261,10.235742489270386,0.13015463917525774,-9.428571428571427,-3.1351981351981357,0.2988919100663683,-0.2972264529641578,-0.41050583657587547,-9.0,-6.627906976744186,0.3938002296211251,0.24045727572175926,-0.34629479544733777,Airlines,Industrials,JBLU
2022Q4,2022,Q4,2023-02-27,2022-12-31,24000000.0,2415000000.0,43000000.0,0.07,514000000.0,0.2128364389,13045000000.0,3563000000.0,1916000000.0,3748000000.0,9482000000.0,87000000.0,2424000000.0,2115072000.0000002,5456072000.0,10.916053921568627,0.5112059765208111,0.3359908010732081,1.2301431378052203,0.01898564078937265,10.916053921568627,0.006735896716250351,0.8758062111801244,22.032,0.593621105809711,0.0,21.850574712643677,0.0,0.1851284016864699,0.45597652081109924,0.0018397853583748563,-7.951398496240603,0.21283643892339543,-0.611111111111111,-0.9649216304490545,0.3507968958057667,-0.27605327681412606,-0.1076388888888889,-0.5789473684210527,1.8666666666666667,-0.8694738765071246,0.041164342398702376,-0.34990451952816964,Airlines,Industrials,JBLU
2022Q3,2022,Q3,2022-11-02,2022-09-30,57000000.0,2562000000.0,15000000.0,0.18,576000000.0,0.224824356,13330000000.0,3507000000.0,2611000000.0,3903000000.0,9823000000.0,79000000.0,2400000000.0,2147457000.0,5294457000.0,10.8274158690954,0.6689725851908788,0.341185296324081,1.296834901625321,0.0009207210699748014,10.8274158690954,0.016253207869974338,0.838195550351288,9.418671052631579,0.6123344739093242,0.0,25.139240506329113,0.0,0.1921980495123781,0.6126056879323597,0.004276069017254314,-9.022928571428572,0.22482435597189696,1.310344827586207,-0.6794013601687534,0.42272568515236003,-0.14693879804010387,0.6134453781512605,1.303191489361702,1.2173913043478262,-0.7233251828896818,0.11481089324528455,-0.33180934812887325,Airlines,Industrials,JBLU
2022Q2,2022,Q2,2022-08-05,2022-06-30,-188000000.0,2445000000.0,-69000000.0,-0.58,357000000.0,0.1460122699,13543000000.0,3446000000.0,2994000000.0,4065000000.0,10097000000.0,73000000.0,2343000000.0,2704346999.9999995,5728347000.0,10.665428659857628,0.7365313653136532,0.3422432252824337,1.3450377248984329,-0.00965901560245243,10.665428659857628,-0.054556006964596636,1.1060723926380367,-3.596206117021276,0.7847785838653512,0.0,28.602739726027398,0.0,0.18053607029461716,0.6826568265682657,-0.013881710108543159,-17.675470588235292,0.1460122699386503,0.2750000000000001,-1.9102987791551338,0.3561190099574862,-0.13709362729926391,13.875,0.2627450980392157,0.8119891008174387,-1.9761649108064507,0.07955590549097191,-0.31811193814024996,Airlines,Industrials,JBLU
2022Q1,2022,Q1,2022-04-29,2022-03-31,-255000000.0,1736000000.0,-367000000.0,-0.8,24000000.0,0.0138248848,13803000000.0,3598000000.0,3272000000.0,4026000000.0,10205000000.0,68000000.0,2531000000.0,4791475000.0,7717475000.0,11.226209048361934,0.8127173373075013,0.34485256828225747,1.3229571984435797,-0.025580743141293934,11.226209048361934,-0.07087270705947749,2.7600662442396313,-4.697524509803921,1.3317051139521956,0.0,25.176470588235293,0.0,0.1257697601970586,0.7531048186785891,-0.01847424472940665,42.40243362831858,0.013824884792626729,-1.0,-4.14789391575663,0.13564917659050488,-0.054265004267505454,-0.905511811023622,-0.9767441860465116,-1.2378048780487805,-6.78348562513929,-0.11615786063831655,-0.25605347895270275,Airlines,Industrials,JBLU
2021Q4,2021,Q4,2022-02-22,2021-12-31,-129000000.0,1834000000.0,-164000000.0,-0.4,254000000.0,0.1384950927,13642000000.0,3849000000.0,3247000000.0,3417000000.0,9793000000.0,74000000.0,2786000000.0,4551104000.0,7335104000.0,12.043178973717147,0.9502487562189055,0.3520011728485559,1.2475967783839959,-0.013738902407425086,12.043178973717147,-0.03351519875292284,2.481517993456925,-8.819968992248063,1.1824120550792414,0.0,21.35135135135135,0.0,0.13443776572350094,0.8923031899326895,-0.009456091482187363,-14.921652459016393,0.13849509269356597,-2.0,-1.7514236545682103,0.17181325834624175,0.005648959405087535,-0.28851540616246496,-1.9923076923076923,-1.881720430107527,-1.7310710133228666,-0.10745361325640784,-0.20051678944809834,Airlines,Industrials,JBLU
2021Q3,2021,Q3,2021-11-01,2021-09-30,130000000.0,1972000000.0,186000000.0,0.4,357000000.0,0.1810344827586207,14069000000.0,3949000000.0,3690000000.0,3566000000.0,10120000000.0,64000000.0,2915000000.0,4862220000.0,7640220000.0,12.418238993710691,1.0347728547392037,0.35333001634799915,1.2587996961256014,0.013066032638063331,12.418238993710691,0.03291972651304128,2.465628803245436,9.350423076923075,1.2312534818941505,0.0,25.234375,0.0,0.14016632312175706,0.9823331463825014,0.009240173430947473,-29.290481927710843,0.1810344827586207,1.0,-0.33502417749122976,0.15897642598806044,0.045185637614183746,3.0112359550561796,1.03125,0.2653061224489796,1.5239622641509434,-0.04664925204841008,-0.13151101555086311,Airlines,Industrials,JBLU
2021Q2,2021,Q2,2021-07-30,2021-06-30,64000000.0,1499000000.0,147000000.0,0.2,89000000.0,0.059372915276851235,14415000000.0,3813000000.0,4196000000.0,3973000000.0,10602000000.0,59000000.0,2785000000.0,5331006000.0,8161006000.0,12.001888574126534,1.0561288698716336,0.3634408602150538,1.3739837398373984,0.01673792024936085,12.001888574126534,0.016784683975872017,3.556374916611074,20.8242421875,1.3981132966168373,0.0,23.89830508474576,0.0,0.10398890045091919,1.0072992700729928,0.004439819632327436,4.603632124352331,0.059372915276851235,1.2564102564102564,-0.6382890917357396,-0.0718499194702644,0.06449242238136552,1.2542857142857142,1.2591093117408907,1.5,1.5288007554296505,-0.2291179340096152,-0.15630553428925276,Airlines,Industrials,JBLU
2021Q1,2021,Q1,2021-04-30,2021-03-31,-247000000.0,733000000.0,-294000000.0,-0.78,-350000000.0,-0.47748976807639837,13660000000.0,3714000000.0,3608000000.0,3131000000.0,9946000000.0,68000000.0,2721000000.0,6433542000.0,9994542000.0,11.742017072399621,1.1523474928137976,0.4333089311859444,1.5936995153473343,-0.019987944146718083,11.742017072399621,-0.06650511577813678,8.77700136425648,-6.511682186234818,1.7322407108239095,0.0,15.926470588235293,0.0,0.05366032210834554,1.0788885340146919,-0.01808199121522694,-160.83855,-0.47748976807639837,0.41791044776119407,-2.2620039813357016,-0.5388104412717593,0.1061021354668185,-0.1864406779661017,0.3378016085790885,0.3524229074889868,-3.844976000919725,-0.576416814860825,-0.19853296286750718,Airlines,Industrials,JBLU
2020Q4,2020,Q4,2021-03-02,2020-12-31,-373000000.0,662000000.0,-454000000.0,-1.34,-295000000.0,-0.44561933534743203,13406000000.0,3951000000.0,3345000000.0,2674000000.0,9455000000.0,71000000.0,2968000000.0,4130813999.9999995,7940814000.0,13.907074973600844,1.2509349289454001,0.427271371027898,1.4497595545431536,-0.03136818036323976,13.907074973600844,-0.09440647937231081,6.239900302114803,-2.768642091152815,1.0455110098709188,0.0,13.47887323943662,0.0,0.049380874235416976,1.1783844427823484,-0.02782336267342981,-6.306586259541984,-0.44561933534743203,0.06944444444444435,-3.20391250301043,-0.5337607942844449,0.38178704023527327,0.32494279176201374,0.05089058524173028,0.12015503875968993,-1.62634830361857,-0.5745879134564733,-0.07769039722809964,Airlines,Industrials,JBLU
2020Q3,2020,Q3,2020-11-09,2020-09-30,-393000000.0,492000000.0,-516000000.0,-1.44,-437000000.0,-0.8882113821138211,13433000000.0,3717000000.0,3455000000.0,2808000000.0,9716000000.0,70000000.0,3341000000.0,3086292000.0,6367292000.0,13.645374449339206,1.2304131054131053,0.4268592272761111,1.5426419155232713,-0.033911104838337466,13.645374449339206,-0.10573042776432606,6.272951219512195,-1.9632900763358778,0.830317998385795,0.0,13.271428571428572,0.0,0.036626219012878734,1.1075498575498575,-0.029256309089555572,-5.076138157894737,-0.8882113821138211,-0.22033898305084748,-3.2863793218528894,-0.6640528634361232,0.41918226233429073,0.24914089347079038,-0.228125,-0.25853658536585367,-3.628350109516895,-0.6751289633605555,0.07508011788584563,Airlines,Industrials,JBLU
2020Q2,2020,Q2,2020-07-31,2020-06-30,-320000000.0,215000000.0,-410000000.0,-1.18,-582000000.0,-2.7069767441860466,14027000000.0,4094000000.0,3777000000.0,3985000000.0,9933000000.0,71000000.0,3734000000.0,2961530000.0,5956530000.0,15.06808980493191,0.9478042659974906,0.3960932487345833,1.3571079628724962,-0.027953552785767555,15.06808980493191,-0.07816316560820713,13.774558139534884,-2.3136953125,0.7233829995114802,0.0,11.225352112676056,0.0,0.01532758251942682,0.7493099121706399,-0.022813146075425964,92.5478125,-2.7069767441860466,-0.21649484536082472,-3.4558433256494197,-0.8444150126352685,0.7099017985048851,-4.063157894736842,-0.19402985074626866,-0.2275449101796407,-2.8425675098162,-0.8581906978101047,0.21911187367843715,Airlines,Industrials,JBLU
2020Q1,2020,Q1,2020-05-08,2020-03-31,-268000000.0,1588000000.0,-334000000.0,-0.97,190000000.0,0.11964735516372796,12340000000.0,4366000000.0,2194000000.0,3622000000.0,7974000000.0,81000000.0,4054000000.0,2480940000.0,4170940000.0,15.75036075036075,0.6057426836002209,0.2680713128038898,0.7576729271644526,-0.029839362409977213,15.75036075036075,-0.061383417315620706,1.5623047858942065,-2.314309701492537,0.568240952817224,0.0,17.25925925925926,0.0,0.1286871961102107,0.5245720596355604,-0.021717990275526743,-10.20962962962963,0.11964735516372796,-2.7321428571428568,-3.188796515730822,0.16665314622635713,0.8032913030532076,-0.6695652173913044,-2.6645962732919255,-2.4713656387665197,-4.825159154570919,0.2011016830218825,0.326865310707996,Airlines,Industrials,JBLU
2019Q4,2019,Q4,2020-02-18,2019-12-31,161000000.0,2031000000.0,227000000.0,0.56,575000000.0,0.28311176760216644,11918000000.0,4799000000.0,1786000000.0,2663000000.0,7119000000.0,81000000.0,4322000000.0,5350176000.0,6853176000.0,16.79146256123163,0.6706721742395795,0.20657828494713878,0.5130235465722025,0.020562288312009812,16.79146256123163,0.03354865596999375,2.634257016248154,8.307726708074535,1.114852260887685,0.0,17.97530864197531,0.0,0.17041449907702635,0.5854299662035298,0.013508978016445712,-23.465684210526316,0.28311176760216644,-0.11111111111111104,0.9206706453972897,0.4745222335788892,0.9921022022772369,-0.028716216216216218,-0.13903743315508021,-0.08097165991902834,0.04873454630277566,0.45115414187443953,0.4021477957310539,Airlines,Industrials,JBLU
2019Q3,2019,Q3,2019-10-28,2019-09-30,187000000.0,2086000000.0,247000000.0,0.63,592000000.0,0.2837967401725791,11319000000.0,4764000000.0,1460000000.0,2759000000.0,6555000000.0,84000000.0,4161000000.0,4924500000.0,5998500000.0,16.20408163265306,0.5291772381297571,0.15628589097976853,0.3713266162888329,0.02455725276069053,16.20408163265306,0.0392527287993283,2.360738255033557,6.58355614973262,1.0336901763224182,0.0,17.785714285714285,0.0,0.18429189857761286,0.4512504530627039,0.01652089407191448,214.1086956521739,0.2837967401725791,0.0677966101694916,1.339287393438388,0.3482669345043445,0.9731966915852678,-0.019867549668874173,0.0446927374301676,-0.012,0.03462721772125937,0.32605575717584945,0.36382247126619754,Airlines,Industrials,JBLU
2019Q2,2019,Q2,2019-07-26,2019-06-30,179000000.0,2105000000.0,250000000.0,0.59,604000000.0,0.2869358669833729,11236000000.0,4697000000.0,1469000000.0,2889000000.0,6539000000.0,85000000.0,3974000000.0,5585580000.0,6749580000.0,15.64102564102564,0.5084804430598823,0.144624421502314,0.34596550989993613,0.026306693128162684,15.64102564102564,0.038109431552054505,2.653482185273159,7.801089385474861,1.1891803278688526,0.0,17.658823529411766,0.0,0.1873442506229975,0.4122533748701973,0.015930936276254894,23.080909090909092,0.2869358669833729,3.2142857142857135,-0.23933357946401418,0.3780384719098718,0.9830726034224954,0.37272727272727274,3.261904761904762,2.289473684210526,0.07027787027787022,0.378892967450484,0.38726111064201074,Airlines,Industrials,JBLU
2019Q1,2019,Q1,2019-04-26,2019-03-31,42000000.0,1871000000.0,76000000.0,0.14,440000000.0,0.23516835916622128,11115000000.0,4607000000.0,1521000000.0,2851000000.0,6508000000.0,86000000.0,3795000000.0,5071033000.0,6281033000.0,15.090075335735342,0.5334970185899685,0.15060728744939272,0.36336010418927717,0.007655373871000235,15.090075335735342,0.009116561753852833,2.7103329770176376,30.184720238095235,1.1007234642934665,0.0,16.63953488372093,0.0,0.1683310841205578,0.42581550333216417,0.003778677462887989,19.80872265625,0.23516835916622128,-0.7454545454545455,9.139773992793973,0.33937076074111494,1.0828401455681216,-0.2239858906525573,-0.7514792899408284,-0.6561085972850679,-0.7776764595990104,0.21961193826555916,0.42149040069492866,Airlines,Industrials,JBLU
2018Q4,2018,Q4,2019-02-21,2018-12-31,169000000.0,1968000000.0,221000000.0,0.55,567000000.0,0.28810975609756095,10426000000.0,4611000000.0,1474000000.0,2418000000.0,5815000000.0,78000000.0,3679000000.0,4915966000.0,6111966000.0,15.063704671675923,0.6095947063688999,0.16017648187224248,0.36217740186510516,0.029583811558352165,15.063704671675923,0.036651485577965735,2.4979502032520324,7.2721390532544365,1.0661387985252655,0.0,17.96153846153846,0.0,0.18875887205064262,0.45409429280397023,0.016209476309226933,-28.581197674418604,0.28810975609756095,2.4375,2.402002057455845,0.36407474394276074,1.0443084905576612,0.042279411764705885,2.38,1.6626506024096386,-0.07321258962499348,0.2864230082016972,0.4967081095604334,Airlines,Industrials,JBLU
2018Q3,2018,Q3,2018-10-26,2018-09-30,50000000.0,2008000000.0,83000000.0,0.16,544000000.0,0.27091633466135456,10147000000.0,4414000000.0,1507000000.0,2512000000.0,5733000000.0,75000000.0,3511000000.0,5862212999.999999,6976212999.999999,14.298671849692258,0.5999203821656051,0.15452843204888145,0.35523334843679205,0.01020217515290971,14.298671849692258,0.011327594019030359,2.9194287848605573,29.311064999999996,1.32809537834164,0.0,19.52,0.0,0.1978910022666798,0.4697452229299363,0.004927564797477087,-119.63699999999999,0.27091633466135456,1.4210526315789473,-0.3591138668747177,0.26726566196123785,0.9905834371126336,0.06666666666666667,1.4166666666666667,1.5763888888888888,-0.7433175290318148,0.20987366375121477,0.48712822351346924,Airlines,Industrials,JBLU
2018Q2,2018,Q2,2018-07-26,2018-06-30,-120000000.0,1928000000.0,-144000000.0,-0.38,510000000.0,0.2645228215767635,9940000000.0,4481000000.0,1448000000.0,2449000000.0,5459000000.0,77000000.0,3460000000.0,5978700000.0,6733700000.0,14.225396825396825,0.5912617394855043,0.13661971830985917,0.3030573532693595,-0.018496317862647715,14.225396825396825,-0.026779736665922784,3.100985477178423,-12.455625000000001,1.3342334300379382,0.0,18.415584415584416,0.0,0.19396378269617706,0.46549612086565945,-0.012072434607645875,181.1727272727273,0.2645228215767635,-2.4074074074074074,-3.9695343915343915,0.2865757992984958,1.0662241628052187,0.12087912087912088,-2.3636363636363638,-2.125,-1.7943483709273182,0.20341478593091483,0.6142743991498018,Airlines,Industrials,JBLU
2018Q1,2018,Q1,2018-04-27,2018-03-31,88000000.0,1754000000.0,128000000.0,0.27,455000000.0,0.2594070695553022,10027000000.0,4697000000.0,1320000000.0,2512000000.0,5330000000.0,0.0,3580000000.0,6514592000.0,7146592000.0,14.65065502183406,0.5254777070063694,0.11399222100329111,0.24334681711730893,0.017534246575342465,14.65065502183406,0.01873536299765808,3.7141345496009124,18.507363636363635,1.3869687034277198,0.0,0.0,0.0,0.17492769522289817,0.41003184713375795,0.008776303979256009,22.38691408934708,0.2594070695553022,-0.8669950738916256,4.48515818554496,0.17829750511094244,1.1606665546380976,-0.09542743538767395,-0.8690476190476191,-0.32275132275132273,-0.3785832221518958,0.11416767805276481,0.677383724960144,Airlines,Industrials,JBLU
2017Q4,2017,Q4,2018-02-16,2017-12-31,672000000.0,1756000000.0,189000000.0,2.03,503000000.0,0.2864464692482916,9781000000.0,4834000000.0,1206000000.0,2395000000.0,4947000000.0,55000000.0,3593000000.0,7161941169.9,8057941169.9,15.078532123925259,0.5035490605427975,0.12258460280134956,0.24803475382705834,0.12383654605551818,15.078532123925259,0.13901530823334712,4.078554196981776,2.664412637611607,1.481576576313612,0.0,22.78181818181818,0.0,0.1795317452203251,0.3916492693110647,0.06870463142827932,-95.49254893199999,0.2864464692482916,2.6909090909090905,591.5324864151675,0.29677036739380697,1.2576028735142055,-0.171334431630972,2.7541899441340782,-0.3903225806451613,6.146788663771032,0.13652909363598492,0.7888839010683729,Airlines,Industrials,JBLU
2017Q3,2017,Q3,2017-10-27,2017-09-30,179000000.0,1813000000.0,310000000.0,0.55,607000000.0,0.3348041919470491,9596000000.0,4139000000.0,1323000000.0,2351000000.0,5457000000.0,0.0,2921000000.0,6042633000.0,6903633000.0,12.692425636307881,0.5627392598894088,0.13078365985827428,0.3032133365547234,0.03511043113255659,12.692425636307881,0.04324716115003624,3.3329470490899062,8.43943156424581,1.459925827494564,0.0,0.0,0.0,0.1889328887036265,0.42535091450446616,0.018653605669028763,-355.449,0.3348041919470491,-0.14062499999999994,2.450578895362704,0.20237933805787423,0.8867227346288876,-0.07044410413476264,-0.15165876777251186,-0.12429378531073447,1.0187918204790793,0.056466950216693734,0.5455767775994744,Airlines,Industrials,JBLU
2017Q2,2017,Q2,2017-07-28,2017-06-30,211000000.0,1842000000.0,354000000.0,0.64,653000000.0,0.3545059717698154,9644000000.0,4080000000.0,1449000000.0,2498000000.0,5564000000.0,0.0,2742000000.0,7536182999.999999,8291182999.999999,12.359890942138746,0.5800640512409928,0.13531729572791373,0.31985294117647056,0.04177937376245931,12.359890942138746,0.0517156862745098,4.0913045602605855,8.929126777251184,1.8471036764705882,0.0,0.0,0.0,0.1909995852343426,0.4795836669335468,0.02187888842803816,53.448106382978715,0.3545059717698154,1.56,2.472504485820147,0.23441853006267308,0.8965752481306588,0.494279176201373,1.4823529411764707,1.4081632653061225,-0.1842943376842327,0.09700517389745515,0.5670686610445294,Airlines,Industrials,JBLU
2017Q1,2017,Q1,2017-04-28,2017-03-31,85000000.0,1604000000.0,147000000.0,0.25,437000000.0,0.2724438902743142,9473000000.0,3992000000.0,1469000000.0,2422000000.0,5481000000.0,0.0,2532000000.0,6931143000.0,7830143000.0,11.870353850728517,0.606523534269199,0.1411379710756888,0.33491983967935873,0.01860886970663664,11.870353850728517,0.021292585170340682,4.3211614713216955,20.38571470588235,1.736258266533066,0.0,0.0,0.0,0.16932334001900137,0.5016515276630884,0.008972870262852317,47.15063265306122,0.2724438902743142,-0.5,1.3691654276935277,0.1149013777381308,0.8534229455568925,-0.23867595818815332,-0.5277777777777778,-0.5033783783783784,17.629356229556944,0.04239261822559059,0.6384311537429239,Airlines,Industrials,JBLU
2016Q4,2016,Q4,2017-02-17,2016-12-31,180000000.0,1641000000.0,296000000.0,0.5,574000000.0,0.3497867154174284,9487000000.0,4013000000.0,1567000000.0,2223000000.0,5474000000.0,47000000.0,2446000000.0,7512942000.000001,8463942000.000001,11.975529692629065,0.7049032838506523,0.1458838410456414,0.34487914278594567,0.036029748887256914,11.975529692629065,0.0448542237727386,4.578270566727606,10.434641666666666,1.872151009220035,0.0,22.70212765957447,0.0,0.17297354274270055,0.5141700404858299,0.01897333192790134,-76.66267346938777,0.3497867154174284,-0.13793103448275856,5.5674204974504695,0.20163928560826586,0.9166709178972389,-0.0989010989010989,-0.09547738693467336,-0.1638418079096045,2.3098573306158214,0.03898805998537415,0.6252095724897965,Airlines,Industrials,JBLU
2016Q3,2016,Q3,2016-10-28,2016-09-30,199000000.0,1732000000.0,354000000.0,0.58,637000000.0,0.36778290993071594,9579000000.0,3846000000.0,2008000000.0,2505000000.0,5733000000.0,0.0,2257000000.0,5580587999.999999,6396587999.999999,11.881371640407785,0.8015968063872255,0.17632320701534607,0.4391575663026521,0.03856779173852345,11.881371640407785,0.051742069682787314,3.222048498845265,7.010788944723617,1.4510109204368173,0.0,0.0,0.0,0.18081219333959703,0.6383233532934132,0.020774611128510284,192.4340689655172,0.36778290993071594,0.0943396226415093,3.9023082218985836,0.2496706310274894,0.9426355849245299,0.06521739130434782,0.10555555555555556,0.13099041533546327,1.4325281624874364,0.0424273001533501,0.6540600306233703,Airlines,Industrials,JBLU
2016Q2,2016,Q2,2016-07-29,2016-06-30,180000000.0,1643000000.0,313000000.0,0.53,598000000.0,0.3639683505782106,9458000000.0,3644000000.0,2078000000.0,2613000000.0,5814000000.0,0.0,2058000000.0,5352192000.0,6163192000.0,11.274752475247524,0.7952544967470341,0.18460562486783674,0.4791437980241493,0.036168478086421735,11.274752475247524,0.04939626783754116,3.257572732805843,7.433599999999998,1.4687683863885839,0.0,0.0,0.0,0.17371537322901248,0.6364332185227708,0.019031507718333687,19.74978597785978,0.3639683505782106,-0.1016949152542372,5.203294554455446,0.22985000397846042,0.8577256210088463,-0.046251993620414676,-0.09547738693467336,-0.10315186246418338,3.3412902227722774,0.068575256331813,0.6376461254432897,Airlines,Industrials,JBLU
2016Q1,2016,Q1,2016-05-03,2016-03-31,199000000.0,1616000000.0,349000000.0,0.59,627000000.0,0.3879950495049505,9062000000.0,3414000000.0,1774000000.0,2474000000.0,5648000000.0,0.0,1878000000.0,6792192000.0,7815192000.0,10.615671641791044,0.7170573969280517,0.1964246303244317,0.5213825424721734,0.041397492462724915,10.615671641791044,0.05828939660222613,4.203089108910891,8.532904522613066,1.9895114235500881,0.0,0.0,0.0,0.17832708011476495,0.5788197251414713,0.021959832266607814,16.210482100238664,0.3879950495049505,0.053571428571428416,56.18795501658374,0.37668185751086475,0.7551053876413993,0.09424083769633508,0.04736842105263158,0.05757575757575758,11.365367803837954,0.08221663047349866,0.5655905239222967,Airlines,Industrials,JBLU
2015Q4,2015,Q4,2016-02-17,2015-12-31,190000000.0,1594000000.0,330000000.0,0.56,573000000.0,0.3594730238393977,8660000000.0,3210000000.0,1373000000.0,2275000000.0,5450000000.0,44000000.0,1679000000.0,7224013650.0,8749013650.0,10.064557394627846,0.6035164835164836,0.2128175519630485,0.5741433021806853,0.040952046916546,10.064557394627846,0.059190031152647975,4.532003544542032,9.505281118421053,2.250471542056075,0.0,23.204545454545453,0.0,0.1840646651270208,0.44483516483516483,0.021939953810623556,-84.98839588235295,0.3594730238393977,-0.034482758620689495,17.352258812061724,0.4741405650494818,0.687127719342147,-0.07431340872374798,-0.04040404040404041,-0.05982905982905983,167.39675676692553,0.18321621390496043,0.506895598856576,Airlines,Industrials,JBLU
2015Q3,2015,Q3,2015-10-30,2015-09-30,198000000.0,1687000000.0,351000000.0,0.58,619000000.0,0.3669235328986366,8594000000.0,3017000000.0,1626000000.0,2225000000.0,5577000000.0,0.0,1489000000.0,8086162140.0,9524162140.0,9.614955606121447,0.7307865168539326,0.2306260181521992,0.6569439840901558,0.04317509464625844,9.614955606121447,0.06562810739144846,4.79322,10.20980068181818,2.6801995823665896,0.0,0.0,0.0,0.19629974400744707,0.5757303370786517,0.023039329764952293,31.341713720930233,0.3669235328986366,0.31818181818181807,1.948972670111356,0.4392473118279569,0.6334820235560522,0.15055762081784388,0.3026315789473684,0.24468085106382978,2.966677502214914,0.16273716747229613,0.4292583509509378,Airlines,Industrials,JBLU
2015Q2,2015,Q2,2015-07-31,2015-06-30,152000000.0,1612000000.0,282000000.0,0.44,538000000.0,0.3337468982630273,8317000000.0,2793000000.0,1405000000.0,2186000000.0,5524000000.0,0.0,1291000000.0,6579778200.000001,8189778200.000001,8.812254492104309,0.6427264409881062,0.24431886497535169,0.7275331185105621,0.03553492227979275,8.812254492104309,0.05442176870748299,4.081748263027296,10.822003618421054,2.3558103114930184,0.0,0.0,0.0,0.19381988697847782,0.48444647758462944,0.01827582060839245,53.06272741935484,0.3337468982630273,0.09999999999999995,3.399796810172112,0.4907668694294275,0.5587326424211932,0.0781563126252505,0.10948905109489052,0.11462450592885376,1.6053469602224117,0.1251216028195373,0.3522047911420503,Airlines,Industrials,JBLU
2015Q1,2015,Q1,2015-04-30,2015-03-31,137000000.0,1523000000.0,253000000.0,0.4,499000000.0,0.32764281024294156,8304000000.0,2709000000.0,1511000000.0,2203000000.0,5595000000.0,0.0,1139000000.0,5970560750.0,7552560750.0,8.734229862747817,0.6858828869723105,0.26264450867052025,0.805094130675526,0.03192855432119236,8.734229862747817,0.05057216685123662,3.9202631319763626,10.895183850364964,2.203972222222222,0.0,0.0,0.0,0.18340558766859344,0.5233772128915116,0.016498073217726398,16.584890972222222,0.32764281024294156,0.5384615384615385,122.05165737573309,0.5467881045661674,0.5603923706490401,0.3271276595744681,0.5568181818181818,0.4970414201183432,3.140373378385495,0.14782180593791228,0.3637522725063091,Airlines,Industrials,JBLU
2014Q4,2014,Q4,2015-02-12,2014-12-31,88000000.0,1446000000.0,169000000.0,0.26,376000000.0,0.2600276625172891,7839000000.0,2529000000.0,1200000000.0,1936000000.0,5310000000.0,46000000.0,1002000000.0,4758555100.0,6650555100.0,8.429016614728281,0.6198347107438017,0.2848577624697028,0.8829576907868723,0.022307553848923023,8.429016614728281,0.03479636219849743,3.2908403181189487,13.518622443181817,1.8815955318307631,0.0,23.26086956521739,0.0,0.18446230386528895,0.4359504132231405,0.011225921673682868,-66.09104305555556,0.2600276625172891,0.08333333333333341,6.307227490126152,0.587477606779209,0.5009728981911175,-0.033419023136246784,0.11392405063291139,0.03048780487804878,2.5859769983357017,0.1825958175734646,0.34905523401325045,Airlines,Industrials,JBLU
2014Q3,2014,Q3,2014-10-31,2014-09-30,79000000.0,1529000000.0,164000000.0,0.24,389000000.0,0.2544146500981033,7741000000.0,2386000000.0,1215000000.0,1915000000.0,5355000000.0,0.0,914000000.0,3085609140.0,4998609140.0,8.212096493854695,0.6344647519582245,0.30512853636481074,0.9899413243922883,0.020672180950192746,8.212096493854695,0.03310980720871752,2.018056991497711,9.764585886075947,1.2932142246437552,0.0,0.0,0.0,0.19751970029711924,0.46318537859007836,0.010205399819144813,-90.75321,0.2544146500981033,-0.6470588235294118,3.934421854869149,0.6774518311656826,0.47947086920194393,0.00516795865633075,-0.6565217391304348,0.16312056737588654,1.1682079466857835,0.22908371661341764,0.3426994255057713,Airlines,Industrials,JBLU
2014Q2,2014,Q2,2014-08-01,2014-06-30,230000000.0,1493000000.0,141000000.0,0.68,387000000.0,0.2592096450100469,7657000000.0,2315000000.0,1265000000.0,1934000000.0,5342000000.0,0.0,835000000.0,3184594350.0,5116594350.0,7.887268279553407,0.6540847983453981,0.3116102912367768,1.0306695464362852,0.019995745586045527,7.887268279553407,0.09935205183585313,2.133016979236437,3.461515597826087,1.375634708423326,0.0,0.0,0.0,0.19498498106307954,0.4922440537745605,0.030037873840929867,109.81359827586206,0.2592096450100469,67.0,8.86455362831376,0.5869595999216037,0.33812502341183376,0.40217391304347827,56.5,2.4390243902439024,7.728200305951054,0.23061261065849387,0.29957446026991835,Airlines,Industrials,JBLU
2014Q1,2014,Q1,2014-05-02,2014-03-31,4000000.0,1349000000.0,41000000.0,0.01,276000000.0,0.20459599703484063,7645000000.0,2136000000.0,1356000000.0,1975000000.0,5509000000.0,0.0,605000000.0,2562037940.0,4700037940.0,7.244951259386893,0.6865822784810126,0.345192936559843,1.2354868913857677,0.005724258289703316,7.244951259386893,0.0018726591760299626,1.8992127057079318,160.12737124999998,1.1994559644194756,0.0,0.0,0.0,0.1764551994767822,0.45772151898734176,0.0005232177894048398,19.409378333333333,0.20459599703484063,-0.9285714285714285,-0.7236856089128277,0.4101441875533246,0.3495599223221039,-0.15076923076923077,-0.9148936170212766,-0.6434782608695652,0.2538966486447373,0.253586891567503,0.19781898099515163,Airlines,Industrials,JBLU
2013Q4,2013,Q4,2014-02-19,2013-12-31,47000000.0,1365000000.0,115000000.0,0.14,325000000.0,0.23809523809523808,7350000000.0,2134000000.0,1056000000.0,1874000000.0,5216000000.0,48000000.0,601000000.0,2473243779.9999995,4833243780.0,7.368606421806103,0.5635005336179295,0.3517006802721088,1.211340206185567,0.01487493223030413,7.368606421806103,0.022024367385192128,1.8119002051282047,13.155552021276595,1.1589708434864103,0.0,21.666666666666668,0.0,0.18571428571428572,0.4034151547491996,0.006394557823129252,-27.789255955056174,0.23809523809523808,-0.33333333333333326,1.6958321437296846,0.4203431524749619,0.42810721479054764,-0.1046831955922865,-0.3380281690140845,-0.24342105263157895,3.9995979225486793,0.3902231887394871,0.235203860408937,Airlines,Industrials,JBLU
2013Q3,2013,Q3,2013-10-31,2013-09-30,71000000.0,1442000000.0,152000000.0,0.21,363000000.0,0.25173370319001387,7444000000.0,2018000000.0,1382000000.0,2033000000.0,5426000000.0,0.0,554000000.0,1872431775.0,4341431775.0,7.18315624610675,0.6797835710772258,0.3817839871037077,1.4083250743310207,0.018660303627623887,7.18315624610675,0.03518334985133796,1.2984963765603328,6.59306963028169,0.9278651015857284,0.0,0.0,0.0,0.1937130574959699,0.5282833251352681,0.00953788285867813,22.028609117647058,0.25173370319001387,0.9090909090909091,15.27449143040205,0.28564483574152927,0.26687661296967974,0.22635135135135134,0.9722222222222222,0.49019607843137253,0.1810984083718021,0.37406659903536393,0.2203443345010847,Airlines,Industrials,JBLU
2013Q2,2013,Q2,2013-08-07,2013-06-30,36000000.0,1335000000.0,102000000.0,0.11,296000000.0,0.22172284644194756,7368000000.0,1932000000.0,1325000000.0,2122000000.0,5436000000.0,0.0,483000000.0,1790361980.0,4277361980.0,6.884730650949145,0.6244109330819981,0.38273615635179153,1.4596273291925466,0.012878787878787878,6.884730650949145,0.018633540372670808,1.341095116104869,12.433069305555556,0.9266883954451346,0.0,0.0,0.0,0.18118892508143322,0.4839773798303487,0.004885993485342019,596.7873266666667,0.22172284644194756,1.2,5.1286941665601855,0.24766029577366871,0.12555353790840074,0.1044776119402985,1.5714285714285714,0.7288135593220338,0.1769425666646474,0.3944074605052398,0.21778761717871595,Airlines,Industrials,JBLU
2013Q1,2013,Q1,2013-05-09,2013-03-31,14000000.0,1299000000.0,59000000.0,0.05,268000000.0,0.2063125481139338,7234000000.0,1897000000.0,1286000000.0,1962000000.0,5337000000.0,0.0,447000000.0,1885636320.0,4365636320.0,6.780618226530554,0.6554536187563711,0.39065523914846556,1.489720611491829,0.007603862688600651,6.780618226530554,0.007380073800738007,1.4516060969976905,33.67207714285714,0.9940096573537164,0.0,0.0,0.0,0.1795687033453138,0.5045871559633027,0.0019353055017970694,15.456035409836065,0.2063125481139338,13.224751066856332,2.251036573160619,0.13802276508098305,0.020409063435749338,1.3681318681318682,13.0,0.3409090909090909,14.714013039375482,0.4626028684851193,0.21137468502958145,Airlines,Industrials,JBLU
2012Q4,2012,Q4,2013-02-21,2012-12-31,1000000.0,1194000000.0,44000000.0,0.003515,-728000000.0,-0.609715242881072,7070000000.0,1888000000.0,1100000000.0,1608000000.0,5182000000.0,36000000.0,433000000.0,1616912440.0,4285912440.0,6.679001121421269,0.6840796019900498,0.40325318246110325,1.510063559322034,0.009284659210803967,6.679001121421269,0.0005296610169491525,1.3541980234505864,404.22810999999996,0.8564154872881355,0.0,53.388888888888886,0.0,0.16888260254596887,0.5205223880597015,0.00014144271570014144,-6.365797007874016,-0.609715242881072,-0.9748928571428572,1.176880326308826,0.14313997084026092,0.2893824558728319,-2.142857142857143,-0.9777777777777777,-0.6106194690265486,-0.9118643926074316,0.39131378304566694,0.18934392094143146,Airlines,Industrials,JBLU
2012Q3,2012,Q3,2012-11-01,2012-09-30,45000000.0,1308000000.0,113000000.0,0.14,637000000.0,0.48700305810397554,7141000000.0,1903000000.0,1487000000.0,1525000000.0,5238000000.0,0.0,432000000.0,1376211200.0,3757211200.0,6.727234162895928,0.9750819672131148,0.40932642487046633,1.535995796111403,0.014433803200699407,6.727234162895928,0.023646873357856018,1.052149235474006,7.645617777777779,0.7231798213347346,0.0,0.0,0.0,0.18316762358213134,0.7875409836065573,0.0063016384259907575,-68.81056,0.48700305810397554,-0.12499999999999993,0.22367734129082217,0.06937136195767911,0.16230758574127624,0.0,-0.1346153846153846,-0.13076923076923078,1.8869273190045244,0.4738879520913032,0.2119617666149594,Airlines,Industrials,JBLU
2012Q2,2012,Q2,2012-08-01,2012-06-30,52000000.0,1277000000.0,130000000.0,0.16,637000000.0,0.4988253719655442,7132000000.0,1841000000.0,1625000000.0,1578000000.0,5291000000.0,0.0,387000000.0,1497218200.0,3738218200.0,6.5169525724440165,1.0297845373891001,0.40563656758272576,1.5714285714285714,0.016604277812165332,6.5169525724440165,0.028245518739815317,1.1724496476115898,7.198164423076922,0.8132635524171645,0.0,0.0,0.0,0.1790521592821088,0.8498098859315589,0.007291082445316881,41.589394444444444,0.4988253719655442,0.7777777777777779,0.5339558834287927,0.08366951859615189,0.14850624388489714,0.09262435677530018,0.7333333333333333,0.4606741573033708,1.3172244366252028,0.41030197577465627,0.10564228380338955,Airlines,Industrials,JBLU
2012Q1,2012,Q1,2012-05-02,2012-03-31,30000000.0,1203000000.0,89000000.0,0.09,583000000.0,0.484621778886118,7143000000.0,1801000000.0,1664000000.0,1479000000.0,5342000000.0,0.0,335000000.0,1375097340.0,3726097340.0,6.404557512997589,1.1250845165652468,0.4204115917681646,1.6674069961132705,0.011342588659110605,6.404557512997589,0.01665741254858412,1.1430568079800498,11.459144499999999,0.7635187895613548,0.0,0.0,0.0,0.16841663166736665,0.9215686274509803,0.004199916001679967,12.732382777777778,0.484621778886118,0.10037130434782607,1.8890279707597084,0.28996788783587923,0.22309257838337365,-0.27125,0.30434782608695654,0.07228915662650602,1.1727310228089018,0.3184340077876965,0.1930148085606195,Airlines,Industrials,JBLU
2011Q4,2011,Q4,2012-02-28,2011-12-31,23000000.0,1146000000.0,83000000.0,0.0817905734586033,800000000.0,0.6980802792321117,7071000000.0,1757000000.0,1628000000.0,1412000000.0,5314000000.0,50000000.0,305000000.0,1462271200.0,3925271200.0,6.248088589859392,1.1529745042492918,0.4435016263611936,1.7848605577689243,0.009753729818107501,6.248088589859392,0.01309049516220831,1.2759783595113439,15.894252173913044,0.8322545247581105,0.0,6.92,0.0,0.16207042851081885,0.9398016997167139,0.003252722387215387,-26.111985714285716,0.6980802792321117,-0.2564493321945155,-0.11794479763840703,0.1803145444335843,0.20323834669978186,0.36752136752136755,-0.34285714285714286,-0.23148148148148148,1.3506864106989807,0.22808865703526557,0.21094001810475502,Airlines,Industrials,JBLU
2011Q3,2011,Q3,2011-11-02,2011-09-30,35000000.0,1195000000.0,108000000.0,0.11,585000000.0,0.4895397489539749,6911000000.0,1707000000.0,1612000000.0,1296000000.0,5204000000.0,0.0,282000000.0,1141514910.0,3566514910.0,6.116109337546892,1.2438271604938271,0.4423383012588627,1.7908611599297013,0.014168765743073047,6.116109337546892,0.020503807850029292,0.9552426025104602,8.153677928571428,0.6687257820738137,0.0,0.0,0.0,0.17291274779337287,1.0100308641975309,0.0050643901027347706,-33.57396794117647,0.4895397489539749,0.375,0.0,0.22722017480133927,0.20054490813352296,0.046511627906976744,0.4,0.2558139534883721,8.08301086711167,0.07243560167227697,0.07868402365648443,Airlines,Industrials,JBLU
2011Q2,2011,Q2,2011-08-03,2011-06-30,25000000.0,1151000000.0,86000000.0,0.08,559000000.0,0.48566463944396177,6908000000.0,1690000000.0,1562000000.0,1310000000.0,5218000000.0,0.0,247000000.0,1698599900.0,4206599900.0,6.069116099677152,1.1923664122137405,0.44629415170816444,1.8242603550295857,0.010475591870940706,6.069116099677152,0.014792899408284023,1.4757601216333622,16.985998999999996,1.005088698224852,0.0,0.0,0.0,0.16661841343370007,0.982442748091603,0.0036189924724956573,24.617389855072464,0.48566463944396177,7.000000000000001,0.1222477994965148,0.18195431641090448,0.15696657673584058,0.08333333333333333,7.333333333333333,0.9111111111111111,3.889409725873981,0.08405001915560724,-0.007787603567802687,Airlines,Industrials,JBLU
2011Q1,2011,Q1,2011-05-10,2011-03-31,3000000.0,1012000000.0,45000000.0,0.01,516000000.0,0.5098814229249012,6843000000.0,1677000000.0,1549000000.0,1271000000.0,5166000000.0,0.0,222000000.0,1738426470.0,4266426470.0,6.048452541107476,1.2187254130605822,0.44980271810609385,1.8354203935599285,0.00473186119873817,6.048452541107476,0.0017889087656529517,1.7178127173913043,144.86887249999998,1.0366287835420394,0.0,0.0,0.0,0.14788835306152273,0.971675845790716,0.00043840420868040335,16.246976355140188,0.5098814229249012,-0.6919322222222222,1.06011183212749,0.3242595725283235,0.20953931731894346,-0.25217391304347825,-0.6666666666666666,-0.21052631578947367,1.270503244235576,-0.10539449945620008,-0.0897738839567379,Airlines,Industrials,JBLU
2010Q4,2010,Q4,2011-02-25,2010-12-31,9000000.0,940000000.0,57000000.0,0.032460389308269104,690000000.0,0.7340425531914894,6593000000.0,1654000000.0,1360000000.0,1085000000.0,4939000000.0,49000000.0,219000000.0,1832695210.0,4400695210.0,5.965498212875233,1.2534562211981566,0.46003336872440465,1.8337363966142683,0.007296778323021122,5.965498212875233,0.005441354292623942,1.9496757553191488,50.90820027777778,1.1080382164449818,0.0,5.1020408163265305,0.0,0.14257545881996056,0.9622119815668203,0.0013650841801911117,-55.53621848484848,0.7340425531914894,-0.8196645038429494,1.1368575602200597,0.35227233731566765,0.16414162123812281,-0.12213740458015267,-0.847457627118644,-0.5928571428571429,2.623019465413455,-0.08246080439714452,0.15164058163614547,Airlines,Industrials,JBLU
2010Q3,2010,Q3,2010-10-26,2010-09-30,59000000.0,1030000000.0,140000000.0,0.18,786000000.0,0.7631067961165049,6618000000.0,1623000000.0,1312000000.0,1126000000.0,4995000000.0,0.0,205000000.0,1844640390.0,4410640390.0,5.886171667313432,1.1651865008880995,0.46297975219099424,1.8878619839802835,0.018168260971891986,5.886171667313432,0.036352433764633395,1.790913,7.816272838983052,1.1365621626617377,0.0,0.0,0.0,0.15563614385010577,0.9218472468916519,0.00891508008461771,35.473853653846156,0.7631067961165049,0.7999999999999998,9.698833283163664,0.10767138685748563,0.004951393077953945,0.11016949152542373,0.9666666666666667,0.48936170212765956,0.6459743519715889,-0.13607771356581475,0.016991799932922647,Airlines,Industrials,JBLU
2010Q2,2010,Q2,2010-07-27,2010-06-30,30000000.0,939000000.0,94000000.0,0.1,708000000.0,0.7539936102236422,6590000000.0,1556000000.0,1359000000.0,1190000000.0,5034000000.0,0.0,146000000.0,1511007210.0,4150007210.0,5.653474016182888,1.142016806722689,0.47283763277693475,2.0025706940874035,0.011835213537469783,5.653474016182888,0.019280205655526992,1.609166357827476,12.591726750000001,0.9710843251928021,0.0,0.0,0.0,0.1424886191198786,0.9117647058823529,0.004552352048558422,71.95272428571428,0.7539936102236422,28.4053,0.3625017712523026,0.20813282853683035,0.09113763809715025,0.06948640483383686,31.0,1.2380952380952381,-0.0916654858317982,-0.18212564909211096,-0.0036677212165101823,Airlines,Industrials,JBLU
2010Q1,2010,Q1,2010-05-03,2010-03-31,-1000000.0,870000000.0,42000000.0,-0.0036489292217198863,662000000.0,0.7609195402298851,6513000000.0,1534000000.0,1435000000.0,1172000000.0,4979000000.0,0.0,116000000.0,1529215740.0,3819215740.0,5.597457426118305,1.2244027303754266,0.4788883770919699,2.033246414602347,0.004513217279174726,5.597457426118305,-0.000651890482398957,1.7577192413793103,-382.303935,0.996881186440678,0.0,0.0,0.0,0.13357899585444497,0.984641638225256,-0.00015353907569476432,8.310955108695651,0.7609195402298851,-1.090909090909091,-1.0781913403906056,0.26646853898534295,0.08266221732920509,0.06774193548387097,-1.0909090909090908,-0.34375,0.9695922565409544,-0.04275623387149289,0.06895888151653137,Airlines,Industrials,JBLU
2009Q4,2009,Q4,2010-02-05,2009-12-31,11000000.0,832000000.0,64000000.0,0.04013822143891875,620000000.0,0.7451923076923077,6554000000.0,1539000000.0,1538000000.0,1169000000.0,5015000000.0,40000000.0,118000000.0,1493588850.0,3901588850.0,5.615702072226905,1.3156544054747648,0.5041196216051267,2.1468486029889537,0.007268222176336981,5.615702072226905,0.007147498375568551,1.79517890625,33.945201136363636,0.9704930799220273,0.0,5.3,0.0,0.12694537686908758,1.041060735671514,0.0016783643576441867,27.659052777777777,0.7451923076923077,-0.19723557122162505,1.504116069166248,0.35685837751955407,0.10868051629671384,-0.05343511450381679,-0.26666666666666666,-0.030303030303030304,-0.5671368284065276,-0.12072142768661885,0.08145522902979548,Airlines,Industrials,JBLU
2009Q3,2009,Q3,2009-10-27,2009-09-30,15000000.0,854000000.0,66000000.0,0.05,655000000.0,0.7669789227166276,6533000000.0,1511000000.0,1522000000.0,1201000000.0,5022000000.0,0.0,107000000.0,1627863640.0,4038863640.0,5.550698337361967,1.2672772689425478,0.5146180927598347,2.2250165453342157,0.008833055255667877,5.550698337361967,0.009927200529450696,1.906163512880562,27.131060666666666,1.077341919258769,0.0,0.0,0.0,0.130720955150773,1.038301415487094,0.0022960355120159193,16.610853469387756,0.7669789227166276,-0.28571428571428575,0.033179290127765236,0.5329133163739774,0.1655576461353407,0.03639240506329114,-0.25,-0.13157894736842105,0.0,-0.10080497959835773,0.08955910657050621,Airlines,Industrials,JBLU
2009Q2,2009,Q2,2009-07-28,2009-06-30,20000000.0,807000000.0,76000000.0,0.07,632000000.0,0.7831474597273854,6510000000.0,1484000000.0,1261000000.0,1128000000.0,5026000000.0,0.0,92000000.0,1075057900.0,3603057900.0,5.894268578464471,1.1179078014184398,0.5235023041474655,2.2964959568733154,0.008630871263741256,5.894268578464471,0.013477088948787063,1.332165923172243,13.438223749999999,0.7244325471698113,0.0,0.0,0.0,0.12396313364055299,0.875,0.0030721966205837174,-25.596616666666666,0.7831474597273854,0.4000000000000001,-0.4325886989848105,0.5366100656871738,0.23473427773987898,0.01282051282051282,0.6666666666666666,0.0410958904109589,-0.007030225999920571,-0.08344995860678951,0.12363507759398966,Airlines,Industrials,JBLU
2009Q1,2009,Q1,2009-04-29,2009-03-31,12000000.0,793000000.0,73000000.0,0.05,624000000.0,0.7868852459016393,6158000000.0,1312000000.0,1024000000.0,1059000000.0,4846000000.0,0.0,72000000.0,892038100.0,3482038100.0,5.368380565807671,0.9669499527856469,0.5235466060409224,2.457317073170732,0.009656084656084656,5.368380565807671,0.009146341463414634,1.1248904161412359,18.584127083333332,0.6799070884146341,0.0,0.0,0.0,0.12877557648587204,0.6864966949952785,0.001948684637869438,-9.911534444444445,0.7868852459016393,1.214380701754386,-0.5089895823956399,0.7057832072123226,0.1772030346848057,0.07586206896551724,1.2105263157894737,0.4897959183673469,1.2727835656767352,0.17723737459401875,0.07354192176340886,Airlines,Industrials,JBLU
2008Q4,2008,Q4,2009-02-13,2008-12-31,-57000000.0,811000000.0,49000000.0,-0.2332299483620711,580000000.0,0.7151664611590629,6023000000.0,1261000000.0,962000000.0,1081000000.0,4762000000.0,30000000.0,86000000.0,1735197400.0,4329197400.0,5.1597011383258184,0.8899167437557817,0.5238253362111904,2.5019825535289453,0.012907608695652174,5.1597011383258184,-0.04520222045995242,2.139577558569667,-7.610514912280701,1.3760486915146708,0.0,7.7,0.0,0.13465050639216336,0.6077705827937095,-0.00946372239747634,-6.067123776223776,0.7151664611590629,-10.661497418103554,-2.81344043268421,0.9173905704103437,0.1680395537504196,0.0338680926916221,-13.25,1.2272727272727273,0.016669781746816503,0.323595891282566,0.006893746998501203,Airlines,Industrials,JBLU
2008Q3,2008,Q3,2008-10-24,2008-09-30,-4000000.0,902000000.0,22000000.0,-0.02,561000000.0,0.6219512195121951,6084000000.0,1281000000.0,970000000.0,1103000000.0,4803000000.0,0.0,143000000.0,1118338650.0,3688338650.0,5.669973044390445,0.8794197642792384,0.5152859960552268,2.4473067915690865,0.004981884057971014,5.669973044390445,-0.00312256049960968,1.2398432926829268,-69.89616562500001,0.8730200234192038,0.0,0.0,0.0,0.1482577251808021,0.6065276518585675,-0.0006574621959237344,-9.242468181818182,0.6219512195121951,0.3333333333333333,-1.090536082305639,1.167363340935616,0.316687040822048,0.04275092936802974,0.42857142857142855,0.047619047619047616,-1.8852416931132623,0.18385281305951706,-0.03196039264085391,Airlines,Industrials,JBLU
2008Q2,2008,Q2,2008-07-25,2008-06-30,-7000000.0,859000000.0,21000000.0,-0.03,538000000.0,0.6263096623981373,6468000000.0,1378000000.0,1332000000.0,1360000000.0,5090000000.0,0.0,148000000.0,840305590.0,3329305590.0,6.1167509310511665,0.9794117647058823,0.5156153370439085,2.4201741654571842,0.0031190324633991085,6.1167509310511665,-0.0050798258345428155,0.9782370081490105,-30.01091392857143,0.6098008635703919,0.0,0.0,0.0,0.13280766852195425,0.8058823529411765,-0.0010822510822510823,-6.36595143939394,0.6263096623981373,0.25000000000000006,-1.1165201102613156,1.2179520171481275,0.8116137146680135,1.7448979591836735,0.125,0.23529411764705882,-1.3884003675377192,0.3502308561870381,0.18055148827623194,Airlines,Industrials,JBLU
2008Q1,2008,Q1,2008-04-25,2008-03-31,-8000000.0,816000000.0,17000000.0,-0.04,196000000.0,0.24019607843137256,6050000000.0,1329000000.0,1064000000.0,1267000000.0,4721000000.0,27000000.0,154000000.0,1160000000.0,3544000000.0,6.645,0.8397790055248618,0.511900826446281,2.3303235515425134,0.0023636553234384233,6.645,-0.006019563581640331,1.4215686274509804,-36.25,0.872836719337848,0.0,22.962962962962962,0.0,0.13487603305785123,0.6819258089976322,-0.001322314049586777,-6.4088397790055245,0.24019607843137256,-1.0,-1.321428572416177,1.6209848032054532,1.14022806469378,-0.005076142131979695,-1.0,-0.43333333333333335,-1.857142856322664,0.6276831842061665,0.28527827663025657,Airlines,Industrials,JBLU
2007Q4,2007,Q4,2008-02-21,2007-12-31,-4000000.0,739000000.0,30000000.0,-0.02,197000000.0,0.2665764546684709,5598000000.0,1036000000.0,1116000000.0,1256000000.0,4562000000.0,26000000.0,162000000.0,1180000000.0,3995000000.0,5.18,0.8885350318471338,0.5367988567345481,2.9005791505791505,0.00989853996535511,5.18,-0.003861003861003861,1.5967523680649527,-73.75,1.1389961389961392,0.0,20.846153846153847,0.0,0.13201143265451948,0.7372611464968153,-0.0007145409074669524,-12.040816326530612,0.2665764546684709,-1.1666666666666665,-1.1839793299478993,1.752315616181952,0.7424012468137544,-0.1722689075630252,-1.173913043478261,-0.620253164556962,-2.2477464020058506,0.6514301051832737,0.02266199320285632,Airlines,Industrials,JBLU
2007Q3,2007,Q3,2007-10-25,2007-09-30,23000000.0,765000000.0,79000000.0,0.12,238000000.0,0.3111111111111111,5461000000.0,1024000000.0,1106000000.0,1224000000.0,4437000000.0,0.0,166000000.0,1664846154.57,4413846154.57,5.787826084440075,0.9035947712418301,0.5464200695843252,2.9140625,0.009855289421157685,5.787826084440075,0.0224609375,2.176269483098039,18.096153854021736,1.6258263228222658,0.0,0.0,0.0,0.14008423365683942,0.7671568627450981,0.004211682841970335,-13.213064718809523,0.3111111111111111,0.09090909090909087,0.4624999993641305,2.577783530185932,1.0183744934845598,0.043859649122807015,0.09523809523809523,0.0821917808219178,1.4374999989402173,1.1127762992154488,0.215350670709811,Airlines,Industrials,JBLU
2007Q2,2007,Q2,2007-07-26,2007-06-30,21000000.0,730000000.0,73000000.0,0.11,228000000.0,0.31232876712328766,5356000000.0,993000000.0,1097000000.0,1049000000.0,4363000000.0,0.0,143000000.0,2056250000.0,4841250000.0,5.674285714285714,1.0457578646329837,0.5569454817027633,3.004028197381672,0.008966590239109073,5.674285714285714,0.021148036253776436,2.816780821917808,24.479166666666668,2.070745216515609,0.0,0.0,0.0,0.1362957430918596,0.8179218303145853,0.00392083644510829,-12.692901234567902,0.31232876712328766,1.9166666666666665,-0.05302858905800087,2.2159412642172533,0.7311176537852366,0.5510204081632653,1.9545454545454546,6.615384615384615,-0.14285714046043446,0.9997648493806597,0.18865215927155704,Airlines,Industrials,JBLU
2007Q1,2007,Q1,2007-04-24,2007-03-31,-22000000.0,608000000.0,-13000000.0,-0.12,147000000.0,0.24177631578947367,5145000000.0,960000000.0,1000000000.0,1024000000.0,4185000000.0,0.0,122000000.0,2110166662.83,4965166662.83,5.236363645884298,0.9765625,0.5657920310981536,3.0322916666666666,-0.001641838169867103,5.236363645884298,-0.022916666666666665,3.4706688533388155,-23.97916662306818,2.1980902737812498,0.0,0.0,0.0,0.11817298347910593,0.8369140625,-0.004275996112730806,-16.3578811072093,0.24177631578947367,-2.2941176447058824,-2.2752173108390323,2.4362690775802713,0.0,-0.3194444444444444,-2.2941176470588234,-1.203125,-2.200000002181818,0.7434252522943621,0.14825376090317796,Airlines,Industrials,JBLU
