Quarters,Year,Quarter,FillingDate,Date,NetIncome,Revenue,OperatingIncome,EPSDiluted,GrossProfit,GrossProfitRatio,TotalAssets,CommonStockEquity,CurrentAssets,CurrentLiability,TotalLiability,Inventory,RetainedEarnings,MarketCap,EnterpriseValue,bookValuePerShare,currentRatio,debtToAssets,debtToEquity,roic,shareholdersEquityPerShare,roe,priceToSalesRatio,peRatio,pbRatio,payoutRatio,inventoryTurnover,dividendYield,assetTurnover,quickRatio,returnOnAssets,priceToFreeCashFlowsRatio,grossProfitMargin,epsdilutedGrowth,fiveYNetIncomeGrowthPerShare,fiveYRevenueGrowthPerShare,fiveYShareholdersEquityGrowthPerShare,grossProfitGrowth,netIncomeGrowth,operatingIncomeGrowth,threeYNetIncomeGrowthPerShare,threeYRevenueGrowthPerShare,threeYShareholdersEquityGrowthPerShare,Industry,Sector,Symbol
2023Q1,2023,Q1,2023-05-22,2023-03-31,-522308.0,0.0,-3710314.0,-0.0133,-3710314.0,0.0,199922758.0,179411133.0,593666.0,4869560.0,20511625.0,0.0,-19918822.0,90217500.0,90404776.0,20.801290782608696,0.12191368419323306,0.0017506761286276372,0.0019508265409594176,-0.005094036551949274,20.801290782608696,-0.0029112351684440897,0.0,-43.182135827902314,0.5028534098828751,0.0,0.0,0.0,0.0,0.0334165715177552,-0.0026125489925464115,-285.2411590812084,0.0,0.9940625,0.0,0.0,0.0,-0.5426012958417317,0.9729876718512165,-3.741021571739258,0.0,0.0,0.0,Shell Companies,Financial Services,IVCB
2022Q4,2022,Q4,2023-04-24,2022-12-31,-19335912.0,0.0,-782598.0,-2.24,-2405232.0,0.0,358045355.0,343133814.0,1068711.0,1284291.0,14911541.0,0.0,-13843693.0,355350000.0,354870991.0,9.945907652173913,0.832140846583835,0.0,0.0,0.014518795773800736,9.945907652173913,-0.05635093718860363,0.0,-4.594430301503234,1.035601813349704,0.0,0.0,0.0,0.0,0.3729754393669348,-0.054004085599714036,-3572.9008516243202,0.0,-15.933333333333335,-13.373203522462818,0.0,12.97185272272067,-1.7946009566954155,-3.997815349175915,0.0907117818539256,-13.373203522462818,0.0,12.97185272272067,Shell Companies,Financial Services,IVCB
2022Q3,2022,Q3,2022-11-14,2022-09-30,6450001.0,0.0,-860671.0,0.15,-860671.0,0.0,355233271.0,340096363.0,1142754.0,666408.0,15136908.0,0.0,-13904344.0,87198750.0,86620284.0,39.431462376811595,1.7147963409803004,0.0,0.0,-0.0058407041479458695,39.431462376811595,0.01896521604378345,0.0,3.379795987628529,0.25639424435715,0.0,0.0,0.0,0.0,0.8680357978895812,0.018157085854719954,-273.8456392911316,0.0,-0.4,0.0,0.0,15969.563591492151,0.0,-0.40556585651910293,-1.3567694713177487,0.0,0.0,15969.563591492151,Shell Companies,Financial Services,IVCB
2022Q2,2022,Q2,2022-08-04,2022-06-30,10850657.0,0.0,-365191.0,0.25,0.0,0.0,354121250.0,337301698.0,1483058.0,282052.0,16819552.0,0.0,-14599165.0,86422500.0,85525611.0,39.10744324637681,5.258101343014763,0.0,0.0,-0.0022407831653167925,39.10744324637681,0.032168996077808064,0.0,1.9911812713276256,0.25621721003017306,0.0,0.0,0.0,0.0,3.179871087600868,0.030641078444176958,-271.15493222891564,0.0,-0.6268656716417911,0.0,0.0,0.0,0.0,-0.6258622103956631,0.07959483028036253,0.0,0.0,0.0,Shell Companies,Financial Services,IVCB
2022Q1,2022,Q1,2022-05-16,2022-03-31,29001767.0,0.0,-396772.0,0.67,0.0,0.0,354126886.0,332058965.0,1827870.0,406921.0,22067921.0,0.0,-19841898.0,86077500.0,84861891.0,38.49959014492754,4.491952983502941,0.0,0.0,-0.0021806245225018455,38.49959014492754,0.08733920796265808,0.0,0.7420022028312965,0.259223538807332,0.0,0.0,0.0,0.0,2.987334150854834,0.08189654089127817,-60.732536948228386,0.0,13.79028697571744,0.0,0.0,0.0,0.0,13.846768669697953,-2.0206772641451978,0.0,0.0,0.0,Shell Companies,Financial Services,IVCB
2021Q4,2021,Q4,2022-04-01,2021-12-31,1953406.0,0.0,-131352.0,0.0453,0.0,0.0,355603358.0,-35827142.0,3203768.0,1616500.0,39530500.0,0.0,-35828005.0,439874999.99999994,437242069.99999994,-0.8307743072463768,1.9819164862356944,0.0,0.0,0.007861144762567525,-0.8307743072463768,-0.054523076387170376,0.0,56.29590059618942,-12.277702753962345,0.0,0.0,0.0,0.0,1.6287844107639964,0.005493215843029244,3946.129003319278,0.0,0.0,0.0,0.0,0.0,0.0,0.0,0.0,0.0,0.0,0.0,Shell Companies,Financial Services,IVCB
2021Q3,2021,Q3,2021-09-30,2021-09-30,0.0,0.0,0.0,0.0,0.0,0.0,405545.0,20548.0,25000.0,384997.0,384997.0,0.0,-4452.0,84888153.6,85048937.6,0.002469008820566454,0.0649355709265267,0.4581094576434181,9.041463889429629,,0.002469008820566454,0.0,0.0,0.0,4131.212458633443,0.0,0.0,0.0,0.0,0.0649355709265267,0.0,0.0,0.0,0.0,0.0,0.0,0.0,0.0,0.0,0.0,0.0,0.0,0.0,Shell Companies,Financial Services,IVCB
2021Q2,2021,Q2,2021-06-30,2021-06-30,0.0,0.0,0.0,0.0,0.0,0.0,,,,,,,,87975000.0,,,0.0,0.0,0.0,0.0,,0.0,0.0,0.0,0.0,0.0,0.0,0.0,0.0,0.0,0.0,0.0,0.0,0.0,0.0,0.0,0.0,0.0,0.0,0.0,0.0,0.0,0.0,Shell Companies,Financial Services,IVCB
2021Q1,2021,Q1,2021-03-31,2021-03-31,,,,,,,100544.0,20548.0,25000.0,79996.0,79996.0,0.0,-4452.0,0.0,-25000.0,0.0,0.31251562578128905,0.0,0.0,,0.0,,0.0,0.0,0.0,0.0,0.0,,,0.31251562578128905,,0.0,0.0,0.0,0.0,0.0,0.0,0.0,0.0,0.0,0.0,0.0,0.0,Shell Companies,Financial Services,IVCB
