Quarters,Year,Quarter,FillingDate,Date,NetIncome,Revenue,OperatingIncome,EPSDiluted,GrossProfit,GrossProfitRatio,TotalAssets,CommonStockEquity,CurrentAssets,CurrentLiability,TotalLiability,Inventory,RetainedEarnings,MarketCap,EnterpriseValue,bookValuePerShare,currentRatio,debtToAssets,debtToEquity,roic,shareholdersEquityPerShare,roe,priceToSalesRatio,peRatio,pbRatio,payoutRatio,inventoryTurnover,dividendYield,assetTurnover,quickRatio,returnOnAssets,priceToFreeCashFlowsRatio,grossProfitMargin,epsdilutedGrowth,fiveYNetIncomeGrowthPerShare,fiveYRevenueGrowthPerShare,fiveYShareholdersEquityGrowthPerShare,grossProfitGrowth,netIncomeGrowth,operatingIncomeGrowth,threeYNetIncomeGrowthPerShare,threeYRevenueGrowthPerShare,threeYShareholdersEquityGrowthPerShare,Industry,Sector,Symbol
2022Q4,2022,Q4,2022-12-31,2022-12-31,7056000.0,-33914000.0,9226000.0,0.78,-54379000.0,1.6034381082,88923000.0,57360000.0,81722000.0,28527000.0,31563000.0,1807000.0,-1251209000.0,32148800.0,-19229200.0,6.333922261484099,2.864724646825814,0.035109026910922936,0.05442817294281729,0.10276098419209824,6.333922261484099,0.12301255230125523,-0.9479506988264433,1.1390589569160998,0.5604741980474198,0.0,11.32540121748755,0.0,-0.3813861430675978,2.3134223717881306,0.07934954961033704,2.4176574544087233,1.603438108155924,0.0,2.948153976284412,-2.8244550285049623,-0.38160517528508703,0.0,0.0,0.0,2.91643812738428,-3.3497177947071957,-0.431729904777322,Communication Equipment,Technology,UTSI
2020Q2,2020,Q2,2020-06-30,2020-06-30,-6021000.0,6854000.0,-4645000.0,-0.6765548626327321,1307000.0,0.19069156696819375,133574000.0,86464000.0,119872000.0,45110000.0,47110000.0,7289000.0,0.0,62296500.0,31574500.0,9.715602000112366,2.6573265351363333,0.01713656849386857,0.026473445595854923,-0.051629223117818555,9.715602000112366,-0.06963591783863804,9.089072074700905,-2.5866342800199305,0.7204906088082902,0.0,0.7610097407051721,0.0,0.0513123811520206,2.154023498115717,-0.04507613757168311,0.0,0.19069156696819375,0.0,-3.212502827861092,-0.7666780682285332,-0.1751100039640239,0.0,0.0,0.0,-3.4534110510631124,-0.7832079790148319,-0.12419951965564928,Communication Equipment,Technology,UTSI
2019Q4,2019,Q4,2020-03-16,2019-12-31,-3618000.0,14183000.0,-1132000.0,-0.41,5146000.0,0.3628287386,151303000.0,99188000.0,137078000.0,49033000.0,52115000.0,6142000.0,-1216703000.0,105008200.0,73001200.0,11.145971457467132,2.7956274345848713,0.01955678340812806,0.02983223777069807,-0.008483811987731387,11.145971457467132,-0.0364761866354801,7.40380737502644,-7.2559563294637925,1.0586784691696576,0.0,1.4713448388147183,0.0,0.09373905342260233,2.3709134664409683,-0.02391228197722451,31.79176506206479,0.36282873863075515,-0.7083333333333333,0.7279417839933867,-0.5405276677035629,-0.08392618550003399,-0.2848804891606448,-0.7294455066921606,0.5221612494723512,-1.2108555804803383,-0.4880955271525014,0.1918393839806197,Communication Equipment,Technology,UTSI
2019Q3,2019,Q3,2019-11-08,2019-09-30,-2092000.0,13078000.0,-2369000.0,-0.24,7196000.0,0.5502370393,162030000.0,100377000.0,147028000.0,58048000.0,61653000.0,9687000.0,0.0,106336360.00000001,79285360.00000001,11.28973118884265,2.532869349503859,0.03972721101030673,0.06412823654821323,-0.021210579931158706,11.28973118884265,-0.020841427817129422,8.130934393638173,-12.707500000000001,1.0593697759446885,0.0,0.6072055331888098,0.0,0.08071344812689009,2.084688533627343,-0.012911189285934703,-11.1568943447697,0.5502370393026457,-2.1999999999999997,0.7306038337972337,-0.5713595130289683,-0.1839923607987603,0.4303319419598489,-2.2148664343786293,-0.14777131782945738,-0.13822728001282256,-0.20330469769882148,0.05820368020948419,Communication Equipment,Technology,UTSI
2019Q2,2019,Q2,2019-06-30,2019-06-30,1722000.0,13908000.0,-2064000.0,0.2,5031000.0,0.3617342537,182230000.0,104879000.0,166344000.0,72089000.0,77351000.0,8895000.0,0.0,109518640.0,71696640.0,11.79807638224872,2.3074810303929865,0.011578774076716238,0.020118422181752305,-0.01722782856234831,11.79807638224872,0.01641892085164809,7.874506758700028,15.89991869918699,1.0442380266783629,0.0,0.9979763912310287,0.0,0.07632113263458266,1.7372830806364354,0.009449596663557044,-11.327952006619777,0.3617342536669543,4.0,1.3949931965722158,-0.5412246745622845,-0.2137599897239239,-0.27963917525773196,3.283582089552239,-6.56043956043956,-0.6410295383232865,-0.2987059226964674,0.10065924594944536,Communication Equipment,Technology,UTSI
2019Q1,2019,Q1,2019-04-17,2019-03-31,402000.0,24654000.0,-273000.0,0.04,6984000.0,0.2832806036,188550000.0,102093000.0,168753000.0,79428000.0,86457000.0,13116000.0,0.0,130277660.0,84593660.0,11.504084737168291,2.1246034144130532,0.012649164677804296,0.0233610531574153,-0.0009218837233014212,11.504084737168291,0.003937586318356792,5.28424028555204,81.01844527363184,1.276068486575965,0.0,1.347209515096066,0.0,0.1307557677008751,1.5971697638112505,0.00213206046141607,-14.873576892339308,0.28328060355317597,1.3636363636363635,1.1256994143768706,-0.21585430493957386,-0.2661131884006854,0.2118688183237897,1.4056508577194753,0.8775784753363228,1.3792179283897128,0.12622792652257725,0.1513341505299552,Communication Equipment,Technology,UTSI
2018Q4,2018,Q4,2019-02-15,2018-12-31,-991000.0,12726000.0,-2230000.0,-0.11,5763000.0,0.4528524281,177435000.0,102166000.0,160155000.0,69793000.0,75269000.0,26388000.0,-1212790000.0,96410302.0,39361302.0,11.525297535111964,2.2947143696359236,0.0,0.0,-0.02310980487428621,11.525297535111964,-0.009699900162480669,7.575852742417099,-24.321468718466196,0.9436632734960749,0.0,0.2638699408822192,0.0,0.07172203905655593,1.6980069634490564,-0.005585143855496379,22.620906147348663,0.45285242809995285,-1.4583333333333333,0.9318085803860557,-0.6329822013293711,-0.24949144758223227,-0.4168774663563695,-1.4615742897065673,-1.546836684649338,0.9210831317032836,-0.49482760164458284,0.17074748051290742,Communication Equipment,Technology,UTSI
2018Q3,2018,Q3,2018-11-09,2018-09-30,2147000.0,52092000.0,4078000.0,0.24,9883000.0,0.1897220302541657,211997000.0,100631000.0,191999000.0,105777000.0,111366000.0,20705000.0,0.0,137516360.0,86906360.0,11.298602144501206,1.8151299431823553,0.0,0.0,0.03425419461465867,11.298602144501206,0.021335373791376414,2.639874836827152,16.012617605961807,1.3665407280062805,0.0,2.0385897126297996,0.0,0.24572045830837227,1.4101080575172296,0.010127501804270815,-11.8517935016806,0.1897220302541657,25.648248947314364,4.422177590671577,0.38205155306374583,-0.365085561384675,0.3217868128928715,25.67816091954023,7.288617886178862,1.4317539880160033,0.9669408500891126,-0.004181070111113111,Communication Equipment,Technology,UTSI
2018Q2,2018,Q2,2018-08-03,2018-06-30,-87000.0,28536000.0,492000.0,-0.009737,7477000.0,0.2620199046818054,211945000.0,100245000.0,192517000.0,105682000.0,111700000.0,59360000.0,0.0,145819200.0,81511200.0,11.219362059317291,1.8216631025150924,0.0,0.0,-0.001209614348528824,11.219362059317291,-0.0008678737094119408,5.110008410428932,-419.0206896551724,1.4546281610055365,0.0,0.3547675202156334,0.0,0.1346387034372125,0.9398478454230617,-0.00041048385194272097,-10.675686360641336,0.2620199046818054,-1.0221295454545454,0.9549855231195022,-0.3495964407093169,-0.3696330125105611,-0.18239475123018042,-1.0215827338129497,-0.7867360208062418,-1.0318423792372997,-0.032445114278974355,-0.04743529793322277,Communication Equipment,Technology,UTSI
2018Q1,2018,Q1,2018-04-16,2018-03-31,4031000.0,22590000.0,2307000.0,0.44,9145000.0,0.40482514386896856,191790000.0,102789000.0,171914000.0,82861000.0,89001000.0,38892000.0,0.0,175870320.0,100768320.0,11.502154087170593,2.074727555786196,0.0,0.0,0.03272040089428444,11.502154087170593,0.03921625854906653,7.785317397078353,10.907362937236417,1.7109838601406764,0.0,0.345700915355343,0.0,0.11778507742843736,1.173833287071119,0.02101777986339225,-32.82387458006719,0.40482514386896856,2.1,1.8915116595038466,-0.3286223697899813,-0.3633680213271063,1.0041639272408502,2.1345341964537012,2.1940993788819876,1.7844175162661453,-0.280928004027214,-0.005536187625314143,Communication Equipment,Technology,UTSI
2017Q4,2017,Q4,2018-03-12,2017-12-31,-3553000.0,18235000.0,-1932000.0,-0.4,4563000.0,0.2502330682752948,187044000.0,90992000.0,166813000.0,88264000.0,96052000.0,17139000.0,-1226173000.0,200062050.0,120313050.0,10.242521457717743,1.8899324753013687,0.0,0.0,-0.04202760731238181,10.242521457717743,-0.03904738878143133,10.971321634219906,-14.076980720517872,2.198677356251099,0.0,0.7977128187175447,0.0,0.0974904300592374,1.1418698450104232,-0.01899553046342037,-23.639613612194257,0.2502330682752948,-2.666666666666667,0.3823280952086055,-0.4402532679629222,-0.4400102288622921,-0.567693036475604,-2.6223744292237443,-1.6305483028720626,0.7323708780875618,-0.4082450383788017,-0.15817964026964548,Communication Equipment,Technology,UTSI
2017Q3,2017,Q3,2017-10-17,2017-09-30,2190000.0,26034000.0,3064000.0,0.24,10555000.0,0.40543135899208727,177002000.0,93686000.0,159408000.0,76901000.0,83316000.0,29565000.0,0.0,85161600.0,-6063400.0,10.560928869349565,2.0728989219906113,0.0,0.0,0.023994618181958617,10.560928869349565,0.023375957987319344,3.2711684719981564,9.721643835616439,0.9090109514762078,0.0,0.5235582614578048,0.0,0.14708308380696264,1.4198905085759612,0.012372741550942928,47.924366910523354,0.40543135899208727,-0.14285714285714296,1.1423842938516142,-0.12863431038967119,-0.4420481656234215,0.18342863549725305,-0.1039279869067103,0.7588978185993112,1.2826518788109849,-0.14479390353581947,-0.23666928022458988,Communication Equipment,Technology,UTSI
2017Q2,2017,Q2,2017-09-13,2017-06-30,2444000.0,31485000.0,1742000.0,0.28,8919000.0,0.2832777513101477,180124000.0,98318000.0,158010000.0,75432000.0,81806000.0,33602000.0,0.0,82955340.0,-9355660.0,11.093396519139093,2.0947343302577157,0.0,0.0,0.016079774846713024,11.093396519139093,0.024858113468540857,2.63475750357313,8.485611702127658,0.8437451941658699,0.0,0.6715671686209154,0.0,0.17479625147120872,1.3831795524445858,0.013568430636672514,35.77203104786546,0.2832777513101477,-0.5882352941176471,2.8842257903963913,-0.2154946624723883,-0.4538270610649221,-0.020750988142292492,-0.5856924902525852,-0.5215600109859928,1.5622979564143467,0.04171256582467546,-0.260720823410869,Communication Equipment,Technology,UTSI
2017Q1,2017,Q1,2017-04-21,2017-03-31,5899000.0,22538000.0,3641000.0,0.68,9108000.0,0.4041174904605555,,,,,,,,69362440.0,,,0.0,0.0,0.0,0.0,,0.0,3.077577424793682,2.9395846753687067,0.0,0.0,0.0,0.0,0.0,0.0,0.0,8.27911673430413,0.4041174904605555,6.666666666666667,3.0221958825494384,-0.3114768192614489,0.0,-0.0945422010140173,4.625691456668715,-0.04032683183974697,2.850210714936321,-0.2809479318887978,0.0,Communication Equipment,Technology,UTSI
2016Q4,2016,Q4,2017-01-19,2016-12-31,-1627000.0,27546000.0,3794000.0,-0.12,10059000.0,0.3651709867131344,178703000.0,82741000.0,163018000.0,87168000.0,95962000.0,22577000.0,-1233154000.0,70780000.0,-13142000.0,9.35190731845154,1.8701587738619676,0.0,0.0,-0.11463482433134721,9.35190731845154,-0.01966377007771238,2.569520075510056,-10.875845113706207,0.8554404708669221,0.0,0.7745493201045311,0.0,0.15414402668114133,1.1878326908957415,-0.009104491810434072,56.353503184713375,0.3651709867131344,0.4000000000000001,-1.5697839117506367,-0.5296014429111364,-0.5543585296402626,1.521684632740035,0.11335149863760217,3.671830985915493,0.8878298493361959,-0.2040470011564656,-0.3910190689191601,Communication Equipment,Technology,UTSI
2016Q3,2016,Q3,2016-11-08,2016-09-30,-1835000.0,16389000.0,-1420000.0,-0.2,3989000.0,0.24339496003416927,194398000.0,94704000.0,150085000.0,80975000.0,99694000.0,44459000.0,0.0,73499490.0,-7625510.0,10.668769538400879,1.8534732942266132,0.0,0.0,-0.02071848595598817,10.668769538400879,-0.019376161513769218,4.484684239428885,-10.013554495912805,0.7760969969589457,0.0,0.27890865741469667,0.0,0.08430642290558545,1.0640074096943501,-0.009439397524665891,89.96265605875153,0.24339496003416927,-1.3846153846153846,-1.3344172885581955,-0.7127483847689617,-0.4660010151565707,-0.5164848484848484,-1.378819157720892,-2.1305732484076434,-5.6497633000967635,-0.5637265842855274,-0.40047841887354896,Communication Equipment,Technology,UTSI
2016Q2,2016,Q2,2016-08-12,2016-06-30,4844000.0,20026000.0,1256000.0,0.52,8250000.0,0.4119644462199141,214126000.0,96220000.0,169311000.0,97142000.0,117906000.0,54993000.0,0.0,68759990.0,-12697010.0,10.719099871887707,1.7429227316711617,0.0,0.0,0.023779903285133283,10.719099871887707,0.05034296404073997,3.4335359033256765,3.5487195499587116,0.7146122427769694,0.0,0.21413634462567963,0.0,0.09352437349971512,0.9762615552490169,0.022622194408899433,1206.3156140350877,0.4119644462199141,5.333333333333334,-0.39904127610739704,-0.6881351952870534,-0.4295418027138324,0.36228533685601055,5.435897435897436,1.6534859521331946,3.4947360968602994,-0.5456698623606662,-0.39774056144049136,Communication Equipment,Technology,UTSI
2016Q1,2016,Q1,2016-04-22,2016-03-31,-1092000.0,22550000.0,-1922000.0,-0.12,6056000.0,0.26855875831485587,214409000.0,91344000.0,169995000.0,97958000.0,123065000.0,51333000.0,0.0,67283280.0,-12884720.0,9.991959963901879,1.7353865942546807,0.0,0.0,-0.020424125649559175,9.991959963901879,-0.011954808197582763,2.983737472283814,-15.40368131868132,0.7365922228060957,0.0,0.3213137747647712,0.0,0.10517282390198172,0.9862798342146635,-0.005093069787182441,35.098215962441316,0.26855875831485587,0.9090909090909092,0.8505365253982075,-0.4805626746093778,-0.44056636457678555,-0.22922234949726358,0.9159418058655993,-1.8661559260928346,0.7639114162771681,-0.344858212444323,-0.4469556576594275,Communication Equipment,Technology,UTSI
2015Q4,2015,Q4,2016-01-12,2015-12-31,-12991000.0,26061000.0,2219000.0,-1.32,7857000.0,0.3014849775526649,204880000.0,90278000.0,161607000.0,97789000.0,114602000.0,17470000.0,-1226943000.0,90971360.0,13921360.0,9.844392345019356,1.6526091891726062,0.0,0.0,0.02530279271417858,9.844392345019356,-0.1438999534770376,3.490708721844902,-1.75066122700331,1.0076802764793193,0.0,1.0420148826559816,0.0,0.12720128855915658,0.9900806839215045,-0.06340784849668099,13.967658529095655,0.3014849775526649,-1.357142857142857,0.20637187373134766,-0.518395541274865,-0.47284006098588643,0.2922697368421053,-1.5343347639484979,3.304257528556594,-1.1878046252864054,-0.22503839077488688,-0.46177715721324386,Communication Equipment,Technology,UTSI
2015Q3,2015,Q3,2015-11-09,2015-09-30,-5126000.0,27300000.0,-963000.0,-0.56,6080000.0,0.22271062271062272,209415000.0,104168000.0,161281000.0,86060000.0,105327000.0,45160000.0,0.0,89239320.0,15161320.0,11.346040736303236,1.874052986288636,0.0,0.0,-0.009511425447430163,11.346040736303236,-0.0492089701251824,3.2688395604395604,-4.352288333983613,0.8566865064127179,0.0,0.46988485385296724,0.0,0.1303631545018265,1.0246223564954682,-0.024477711720745886,-18.787225263157893,0.22271062271062272,-2.7500000000000004,0.6327298986886218,-0.45290270197274163,-0.49246855100929704,-0.33069132540730956,-2.797335203366059,0.689455014511448,0.6779827294355765,-0.11711366749089233,-0.4005693703605385,Communication Equipment,Technology,UTSI
2015Q2,2015,Q2,2015-07-22,2015-06-30,2852000.0,30786000.0,-3101000.0,0.32,9084000.0,0.29506918729292536,229751000.0,109851000.0,175898000.0,97883000.0,119900000.0,56729000.0,0.0,74240930.0,706930.0,11.778057737153885,1.7970229764106127,0.0,0.0,0.047136725140805476,11.778057737153885,0.025962440032407535,2.4115159488079,6.507795406732117,0.6758329919618392,0.0,0.38255565936293606,0.0,0.1339972404907922,0.8834731260790945,0.012413438896892722,-15.56739987418746,0.29506918729292536,1.5714285714285714,1.3703977015299011,-0.5100870224339694,-0.4586372301199405,0.8741489581184237,1.52902986458913,0.013049013367281986,3.0893895902160935,-0.27107367787934206,-0.42011841024974067,Communication Equipment,Technology,UTSI
2015Q1,2015,Q1,2015-05-19,2015-03-31,-5391000.0,32957000.0,-3142000.0,-0.56,4847000.0,0.1470704250993719,258200000.0,108433000.0,188399000.0,117949000.0,149767000.0,66765000.0,0.0,99375000.0,31475000.0,11.566186666666667,1.5972920499537935,0.0,0.0,-0.028360906457763232,11.566186666666667,-0.04971733697306171,3.0152926540643867,-4.6083750695603785,0.91646454492636,0.0,0.4210289822511795,0.0,0.12764136328427575,0.7519436366565211,-0.020879163439194423,-10.409029014350057,0.1470704250993719,0.6216216216216216,0.6115040855177598,-0.5310620282373701,-0.4801113126295418,0.42558823529411766,0.6194140487116131,0.4819455894476505,-0.7440188735353536,-0.04985937644876901,-0.44364571243888734,Communication Equipment,Technology,UTSI
2014Q4,2014,Q4,2014-12-31,2014-12-31,-14165000.0,32879000.0,-6065000.0,-1.48,3400000.0,0.10340947109096991,279063000.0,115329000.0,205797000.0,129414000.0,163734000.0,20659000.0,-1206286000.0,107299450.0,29475450.0,12.167110642226032,1.5902220779822893,0.0,0.0,-0.05775906547758273,12.167110642226032,-0.12282253379462234,3.263464521427051,-1.8937424991175433,0.9303770083847082,0.0,1.4269325717604917,0.0,0.11781927378405593,0.7821873985812973,-0.05075914757599539,-11.100708669563419,0.10340947109096991,-0.6818181818181818,0.5908708410433874,-0.6784469559239792,-0.48614659001576793,-0.5599275174734663,-0.7230263958155942,-2.220924057355284,-5.630295528112961,-0.47592246916960684,-0.4202071414958159,Communication Equipment,Technology,UTSI
2014Q3,2014,Q3,2014-11-14,2014-09-30,-8221000.0,32300000.0,-1883000.0,-0.88,7726000.0,0.2391950464396285,303564000.0,130225000.0,221506000.0,136138000.0,173339000.0,87510000.0,0.0,114832500.0,24293500.0,13.835325365205843,1.6270695911501565,0.0,0.0,-0.016292801889779163,13.835325365205843,-0.06312919946246881,3.555185758513932,-3.492047804403357,0.8818007295066231,0.0,0.2808136213004228,0.0,0.10640260373430314,0.773149304382318,-0.027081603879247868,-904.1929133858267,0.2391950464396285,-0.8333333333333334,0.7308473733552392,-0.4813340613113942,-0.5023878299770631,0.20699890642087174,-0.7922389361238282,0.3329791002479632,-2.412948395332248,-0.46609800196391604,-0.30750686164827884,Communication Equipment,Technology,UTSI
2014Q2,2014,Q2,2014-08-15,2014-06-30,-4587000.0,31897000.0,-2823000.0,-0.48,6401000.0,0.20067717967206947,326569000.0,140352000.0,238177000.0,144470000.0,186217000.0,93291000.0,0.0,109620090.0,14507090.0,15.005693208243125,1.6486260123208971,0.0,0.0,-0.01951387617008201,15.005693208243125,-0.032682113543091654,3.436689657334546,-5.97449803793329,0.7810368929548563,0.0,0.273295387550782,0.0,0.09767307980855501,0.7927597425070949,-0.014046036212867725,-27.466822851415685,0.20067717967206947,-0.3333333333333333,0.9383412028907314,-0.5492018033437023,-0.5079186942752362,0.39121930015214085,-0.39422492401215803,0.14454545454545453,-1.5461522690427796,-0.5232765836829978,-0.2014142233105096,Communication Equipment,Technology,UTSI
2014Q1,2014,Q1,2014-04-18,2014-03-31,-3290000.0,32344000.0,-3300000.0,-0.36,4601000.0,0.14225204056393767,345904000.0,143110000.0,253930000.0,156038000.0,202794000.0,98888000.0,0.0,99328960.0,-1001040.0,15.675557259433704,1.6273600020507826,0.0,0.0,-0.020371836586084734,15.675557259433704,-0.022989308923205925,3.0710165718525846,-7.547793313069909,0.6940742086506884,0.0,0.2805497128064072,0.0,0.09350571256764882,0.7988502800599854,-0.009511309496276424,-31.7852672,0.14225204056393767,0.7804878048780487,0.9440073996127563,-0.688956338408814,-0.5936912496979699,-0.3574022346368715,0.7950666500560608,0.6089120644702536,0.5490891545565585,-0.25395902111273677,-0.12235096851756426,Communication Equipment,Technology,UTSI
2013Q4,2013,Q4,2013-12-31,2013-12-31,-16054000.0,38304000.0,-8438000.0,-1.64,7160000.0,0.18692564745196324,366967000.0,150380000.0,272485000.0,164550000.0,216587000.0,23355000.0,-1176022000.0,108500900.0,727900.0,15.356650497829971,1.6559404436341538,0.0,0.0,-0.06504975187449258,15.356650497829971,-0.10675621758212528,2.832625835421888,-1.6896240812258627,0.7215115041893869,0.0,1.3335046028687647,0.0,0.10437995787087122,0.8484472804618657,-0.04374780293595882,-23.561541802388707,0.18692564745196324,-42.0,0.7878031729361029,-0.830011540786983,-0.6553369578340483,-0.3944519621109608,-38.07621247113164,-45.410526315789475,0.08154652488704205,-0.3371076815509523,-0.1776627082531027,Communication Equipment,Technology,UTSI
2013Q3,2013,Q3,2013-11-04,2013-09-30,433000.0,41217000.0,190000.0,0.04,11824000.0,0.2868719217798481,390647000.0,173319000.0,289738000.0,161675000.0,217328000.0,119629000.0,0.0,107134500.0,-13301500.0,17.79547204681965,1.7921014380702025,0.0,0.0,-0.00037229322922517687,17.79547204681965,0.002498283511905792,2.5992794235388312,61.85594688221709,0.6181347688366539,0.0,0.24570129316470088,0.0,0.1055095777005839,0.8359610329364465,0.0011084175739222368,35.78306613226453,0.2868719217798481,1.2,1.008204105640627,-0.758098443779076,-0.6591634074154802,0.23785594639865998,1.2058963385639563,1.1503164556962024,1.0292447689638635,-0.22136911457632313,-0.20397238796282924,Communication Equipment,Technology,UTSI
2013Q2,2013,Q2,2013-08-19,2013-06-30,-2103000.0,47740000.0,-1264000.0,-0.2,9552000.0,0.20008378718056138,422611000.0,173038000.0,315516000.0,184848000.0,249573000.0,142150000.0,0.0,102666960.0,-21989040.0,17.798143433875904,1.7068943131654115,0.0,0.0,-0.013550382616567597,17.798143433875904,-0.012153399831250938,2.1505437788018433,-12.204821683309559,0.5933203111455287,0.0,0.2686457966936335,0.0,0.11296440461795836,0.7495726218298278,-0.004976207434259875,41.95625664078464,0.20008378718056138,0.6153846153846154,0.9427720662971538,-0.9203798960748512,-0.6893572901908455,-0.18240178036463237,0.5790632506004804,0.6602150537634408,0.7379877564266636,-0.2711944941705083,-0.18193199225953458,Communication Equipment,Technology,UTSI
2013Q1,2013,Q1,2013-03-31,2013-03-31,-4996000.0,37178000.0,-3720000.0,-0.52,11683000.0,0.3142449835924471,435299000.0,178400000.0,335209000.0,182834000.0,256899000.0,151589000.0,0.0,110986570.0,-25023430.0,18.067194976833683,1.8334062592296838,0.0,0.0,-0.02530909245379815,18.067194976833683,-0.028004484304932735,2.9852754317069237,-5.553771517213772,0.6221220291479821,0.0,0.16818502661802637,0.0,0.08540796096476215,0.8050581401708654,-0.011477168566893101,-17.030316096363357,0.3142449835924471,0.13333477777537037,-1.2030206319444336,-0.9346249286836962,-0.7016857689461886,-0.14735075171507808,0.3461588797277843,0.26858041683051515,0.6581727259884604,-0.497748885024212,-0.18789739853997983,Communication Equipment,Technology,UTSI
2012Q4,2012,Q4,2013-01-30,2012-12-31,-7641000.0,43274000.0,-5086000.0,-0.600001,13702000.0,0.3166335443915515,488091000.0,215842000.0,387340000.0,190968000.0,271435000.0,26028000.0,-1153301000.0,146041213.19280002,-33542786.807199985,18.290550980794592,2.0282979347325205,0.0,0.0,-0.022352295622288458,18.290550980794592,-0.035400895099192926,3.3748027266441745,-4.778210090066746,0.6766116566414322,0.0,1.136161057322883,0.0,0.08865969665492705,1.0722738888190693,-0.01565486763738729,-21.806960309511723,0.3166335443915515,0.6428569727893181,0.7317326796347005,-0.9537273055570198,-0.6988555149713782,-0.04302276854309261,0.6319541447907133,0.8034244192787848,0.8227297102054332,-0.6600594548111075,-0.22753542165108384,Communication Equipment,Technology,UTSI
2012Q3,2012,Q3,2012-10-01,2012-09-30,-20761000.0,40328000.0,-25873000.0,-1.680002,14318000.0,0.35503868280103157,505935000.0,226644000.0,407332000.0,191817000.0,279291000.0,129005000.0,0.0,146561613.12,-66529386.879999995,18.9280296589574,2.1235448370061047,0.0,0.0,-0.1178407696255376,18.9280296589574,-0.09160180723954749,3.6342395635786553,-1.764866975579211,0.6466600180018002,0.0,0.20162009224448665,0.0,0.07970984414994021,1.1752816486547073,-0.041034915552393095,-15.159455225486141,0.35503868280103157,-13.000016666666665,0.683985064787248,-0.9474652708791548,-0.7276139814570155,-0.340609744865064,-10.375890410958904,-13.101496725912067,0.46569601498788726,-0.4909527904487798,-0.3192196306030156,Communication Equipment,Technology,UTSI
2012Q2,2012,Q2,2012-06-30,2012-06-30,-1825000.0,56468000.0,2138000.0,-0.12,21714000.0,0.3845363745838351,538428000.0,253278000.0,458429000.0,192984000.0,285150000.0,129413000.0,0.0,178070229.12,-99615770.88,20.311142732133302,2.37547672345894,0.0,0.0,0.00925566517600587,20.311142732133302,-0.007205521205947615,3.1534715081107887,-24.39318207123288,0.7030623627792386,0.0,0.26855107292157665,0.0,0.10487567511347849,1.5053268664759774,-0.0033894968315169344,73.88806187551867,0.3845363745838351,0.6666666666666666,0.9760886335962218,-0.9151799819842393,-0.7165523602674494,0.17850746268656717,0.5610870610870611,1.5681636991761891,0.9815995430132527,-0.4014035040374213,-0.3339372265121504,Communication Equipment,Technology,UTSI
2012Q1,2012,Q1,2012-03-31,2012-03-31,-4158000.0,46658000.0,-3763000.0,-0.36,18425000.0,0.3948947661708603,590275000.0,262166000.0,495490000.0,222895000.0,328109000.0,147096000.0,0.0,219425379.6,-65938620.400000006,20.789246933584888,2.2229749433589805,0.0,0.0,-0.024385462678734444,20.789246933584888,-0.015860180191176583,4.702845805649621,-13.19296414141414,0.8369711541542381,0.0,0.19193587860988742,0.0,0.07904451315065011,1.3735121918392068,-0.007044174325526238,-12.784046818923327,0.3948947661708603,-2.107276936585366,0.9384621264995293,-0.921672266593165,-0.7101343182644555,-0.35464098073555167,-2.0216216216216214,-1.44254968834529,0.9487694985003051,-0.6751647665658609,-0.4611449659168073,Communication Equipment,Technology,UTSI
2011Q4,2011,Q4,2012-01-04,2011-12-31,4070000.0,83466000.0,8503000.0,0.3251219167538813,28550000.0,0.34205544772721824,600940000.0,264638000.0,503797000.0,223787000.0,329901000.0,34262000.0,-1118916000.0,208832430.23999998,-92793569.76000002,20.985271659978935,2.2512344327418483,0.0,0.0,0.028387701087822702,20.985271659978935,0.015379499542771635,2.502005969376752,12.827544855036853,0.7891248809316878,0.0,1.6028252874905142,0.0,0.13889240190368424,1.448547055905839,0.0067727227343828,-117.45356031496061,0.34205544772721824,-0.45813104185846143,1.0773663959351534,-0.905340684707026,-0.7269662661790754,-0.10627641258412897,-0.4919485707152665,-0.4006907245559628,1.041773994616674,-0.7123655635409772,-0.5290087788330318,Communication Equipment,Technology,UTSI
2011Q3,2011,Q3,2011-11-09,2011-09-30,8011000.0,83297000.0,14188000.0,0.600001,31945000.0,0.3835072091431864,641342000.0,258921000.0,520382000.0,256499000.0,375416000.0,42067000.0,-1122986000.0,158626152.72,-143262847.28,19.97900715397241,2.028787636598973,0.0,0.0,0.05707101459473805,19.97900715397241,0.03093993920925688,1.904344126679232,4.950260664086881,0.6126430560672946,0.0,1.220719328689947,0.0,0.12987922200635543,1.276617062834553,0.012490995443928512,-10.087513686486487,0.3835072091431864,-0.2857139455786362,1.144404123053485,-0.8924343218053802,-0.7454618657022356,-0.0813803019410496,-0.310407161917879,0.46328382838283827,1.114070505990799,-0.6326035691243497,-0.6173421697572398,Communication Equipment,Technology,UTSI
2011Q2,2011,Q2,2011-08-09,2011-06-30,11617000.0,92547000.0,9696000.0,0.840001,34775000.0,0.3757550217727209,707529000.0,243095000.0,561051000.0,321418000.0,456971000.0,45977000.0,-1130997000.0,242185076.64,-71371923.36000001,18.790333670164657,1.7455494091805686,0.0,0.0,0.03389948793640551,18.790333670164657,0.04778790184907135,2.616887383059418,5.211867879831281,0.9962569227668195,0.0,1.2565413141353285,0.0,0.13080311902409653,1.0631731888070985,0.016419114976205924,35.38131141563185,0.3757550217727209,2.0,1.4208829360665867,-0.8690735490985865,-0.7918116138660108,0.8241187578682333,2.1266608476384445,1.8706114752626382,1.2375680496531614,-0.8840080309528136,-0.6720399410644032,Communication Equipment,Technology,UTSI
2011Q1,2011,Q1,2011-05-09,2011-03-31,-10311000.0,61267000.0,-11137000.0,-0.840001,19064000.0,0.311162616090228,726304000.0,230433000.0,569638000.0,348556000.0,488066000.0,50900000.0,-1142614000.0,363824274.0,56991274.0,17.860849493511253,1.6342797140201288,0.0,0.0,-0.052159518806450166,17.860849493511253,-0.04474619520641575,5.938339954624839,-8.821265493162642,1.5788722708986995,0.0,0.8291355599214145,0.0,0.0843544851742521,0.9791970300324768,-0.014196534784332731,-9.02856971983026,0.311162616090228,0.5288116560186847,0.24475768297748188,-0.9200004580214179,-0.8053508690390437,1.3640873015873016,0.5522601936688523,0.5814416716776909,-1.3206860645383447,-0.9175455074362734,-0.7050928165962353,Communication Equipment,Technology,UTSI
2010Q4,2010,Q4,2011-05-20,2010-12-31,-23029000.0,76129000.0,-26608000.0,-1.7827287341244373,8064000.0,0.1059254686124867,784283000.0,240929000.0,604585000.0,390849000.0,535343000.0,48404000.0,-1132303000.0,318926810.4,-32580189.600000024,18.67439389159614,1.5468505740068415,0.0,0.0,-0.10983278285081768,18.67439389159614,-0.09558417625109472,4.189294623599417,-3.46223034434843,1.3237377418243548,0.0,1.4061854392198991,0.0,0.09706827764977694,0.9776256303585272,-0.029363125300433644,72.64847617312073,0.1059254686124867,-0.1427733644728899,0.6262086066582517,-0.9113935484824625,-0.7978804822301916,-0.33316794839990077,-0.34107849988353134,-0.14398727374349715,0.260464107959659,-0.9255414664481335,-0.6925357394858506,Communication Equipment,Technology,UTSI
2010Q3,2010,Q3,2010-11-08,2010-09-30,-17172000.0,61394000.0,-23259000.0,-1.560002,12093000.0,0.19697364563312375,810984000.0,252522000.0,624218000.0,385209000.0,557676000.0,51857000.0,-1109274000.0,294143204.88,43567204.879999995,22.35534518869012,1.6204657731257577,0.10659889714223708,0.3423464094217534,-0.07470854980618183,22.35534518869012,-0.06800199586570675,4.79107412581034,-4.282308480083858,1.1648220942333736,0.0,0.950710608018204,0.0,0.07570309648525742,0.9867137060660577,-0.02117427717439555,-22.231366100823823,0.19697364563312375,-0.857143027210682,0.9627928011646757,-0.9156882793756197,-0.7756937285499705,-0.4712749213011542,-0.9154489682097045,-3.5641679748822606,0.7229225397562986,-0.9152213061733098,-0.678292797569677,Communication Equipment,Technology,UTSI
2010Q2,2010,Q2,2010-08-06,2010-06-30,-8965000.0,73165000.0,-5096000.0,-0.840001,22872000.0,0.3126084876648671,813295000.0,236257000.0,593653000.0,441097000.0,576256000.0,59090000.0,-1092102000.0,239771997.11999997,80328997.11999997,21.75631275819604,1.3458559001761516,0.181235591021708,0.6238883927248716,-0.012568263197905095,21.75631275819604,-0.03794596562218262,3.2771406699924825,-6.686335669827105,1.014877853862531,0.0,0.8511254019292605,0.0,0.0899612071880437,0.8007309049936862,-0.011023060513097954,-5.681127760217983,0.3126084876648671,0.41666637731501577,0.8942166200960964,-0.9107821347619453,-0.8451368811312763,-0.15939578815832997,0.4383887740399674,0.7283437283437283,0.8651175213951379,-0.8737989263284962,-0.6963846110520567,Communication Equipment,Technology,UTSI
2010Q1,2010,Q1,2010-05-10,2010-03-31,-15963000.0,80847000.0,-18759000.0,-1.440001,27209000.0,0.33654928445087634,882989000.0,239929000.0,553357000.0,482317000.0,642272000.0,71565000.0,-1083137000.0,361067470.55999994,258360470.55999994,22.247429012481906,1.1472890236089544,0.14919098652418095,0.5490540951698211,-0.05919675959735044,22.247429012481906,-0.06653218243730437,4.466058982522542,-5.654755850404059,1.5048929915099882,0.0,0.7495004541326067,0.0,0.09156059701762989,0.5804025153581566,-0.018078367907187972,-8.098406875855106,0.33654928445087634,0.6058427618128807,-1.3716810635938563,-0.9206651195409421,-0.8488006935835432,-0.22206655992680696,0.5947654346060114,0.5379670451466713,0.7237468688310801,-0.8412959369001656,-0.6898028005454946,Communication Equipment,Technology,UTSI
2009Q4,2009,Q4,2010-03-15,2009-12-31,-39392000.0,116337000.0,-40601000.0,-3.6533668812556086,34976000.0,0.30064381924925004,929111000.0,255359000.0,587761000.0,493170000.0,672960000.0,72300000.0,-1067174000.0,283418578.44,17575578.439999998,23.678174370000555,1.1918020155321694,0.0,0.0,-0.1805148870109757,23.678174370000555,-0.154261255722336,2.4361860666855772,-1.79870645334078,1.1098828646728724,0.0,1.1253250345781467,0.0,0.12521324147491528,0.6299126062007016,-0.042397517627065014,13.248192326461927,0.30064381924925004,-0.12758132670111985,-0.15423648678579413,-0.8621168462120398,-0.8344960865720084,0.4459465046095333,-0.13915558126084443,-0.20142628869030005,0.12441030104445226,-0.8457211923731345,-0.6919296322175579,Communication Equipment,Technology,UTSI
2009Q3,2009,Q3,2009-11-09,2009-09-30,-34580000.0,70504000.0,-33794000.0,-3.240003,24189000.0,0.3430869170543515,1004078000.0,296280000.0,663191000.0,505980000.0,707022000.0,167452000.0,-1027782000.0,267258474.11999997,30146474.119999975,27.803430459846105,1.3107059567571842,0.0,0.0,-0.11302535240062632,27.803430459846105,-0.1167139192655596,3.7906852677862246,-1.9321752032967032,0.9020469627379505,0.0,0.2765867233595299,0.0,0.07021765241345791,0.5860152575200601,-0.034439555492700766,-5.10230000229095,0.3430869170543515,0.5909091253443177,-7.178673593049797,-0.9026013580165879,-0.8073990317512605,2.5272761712337415,0.58971560101088,0.6044617149277839,0.24193355832608374,-0.8892745287006533,-0.6457765262414584,Communication Equipment,Technology,UTSI
2009Q2,2009,Q2,2009-08-07,2009-06-30,-84283000.0,80163000.0,-85438000.0,-7.920008,-15838000.0,-0.19757244614098773,1080204000.0,323138000.0,725187000.0,551637000.0,756275000.0,187600000.0,-993202000.0,207270591.35999998,114575591.35999998,30.494337081433994,1.3146090635689773,0.16654354177544242,0.556731179867425,-0.17977967387848,30.494337081433994,-0.260826643724972,2.5856142030612626,-0.6148054511585965,0.6414305694780558,0.0,0.5117324093816631,0.0,0.07421098236999678,0.6220322422172552,-0.07802507674476303,-8.156727061508795,-0.19757244614098773,-0.22222232510278536,-2.7192154614440462,-0.8959965538279263,-0.7885389700048765,-1.7314797709218548,-0.24985912151140374,-0.4516693568940617,-2.7280352733251716,-0.8615440225295093,-0.6621365573039356,Communication Equipment,Technology,UTSI
2009Q1,2009,Q1,2009-05-08,2009-03-31,-67434000.0,119340000.0,-58855000.0,-6.480006,21652000.0,0.18143120496061674,1173619000.0,404229000.0,810296000.0,563712000.0,769390000.0,161005000.0,-908919000.0,99327382.56,-200242617.44,38.58040775095604,1.4374290417801998,0.0,0.0,-0.14964588556439942,38.58040775095604,-0.16682128199609628,0.8323058702865762,-0.36823925082302694,0.24572057561431765,0.0,0.6067389211515171,0.0,0.10168547032725271,0.7096496083106267,-0.05745816998531891,-7.604301221864952,0.18143120496061674,0.16075730178694067,-2.122440244190097,-0.8251815981460616,-0.725615203775098,-0.27556209850107066,0.16695697290886855,0.25815518806090554,-5.081999216469168,-0.8081203895847999,-0.5795472749730551,Communication Equipment,Technology,UTSI
2008Q4,2008,Q4,2009-03-02,2008-12-31,-80949000.0,241097000.0,-79336000.0,-7.721253951684564,29888000.0,0.12396670219870011,1310806000.0,466834000.0,932592000.0,620520000.0,843972000.0,171307000.0,-841486000.0,232602120.6,-77000879.4,44.5555473581525,1.5029201315026106,0.0,0.0,-0.16929838432885874,44.5555473581525,-0.1733999665834108,0.9647657191918605,-0.7183600804210059,0.49825445575943483,0.0,1.2329268506249016,0.0,0.18393034514642137,0.7789611938374267,-0.06175513386420264,-9.36589976243205,0.12396670219870011,-0.42986051895962385,-2.1120557966308624,-0.6585133274823389,-0.5159674882492544,-0.47864008233467653,-0.44696482196482196,-1.272391372841062,-0.6178847202020845,-0.6544675071005895,-0.5177596767918489,Communication Equipment,Technology,UTSI
2008Q3,2008,Q3,2008-11-07,2008-09-30,-55944000.0,180607000.0,-34913000.0,-5.400005,57327000.0,0.31741294634205763,1441139000.0,539010000.0,984288000.0,663662000.0,901340000.0,195407000.0,-760537000.0,417488648.64,88519648.63999999,52.21115465296403,1.4831164056402204,0.0,0.0,-0.07525112142298095,52.21115465296403,-0.103790282184004,2.311586198984535,-1.865654264264264,0.7745471301831135,0.0,0.6308883509802617,0.0,0.12532240123957508,0.7494673493434911,-0.03881929501595613,-4.435093417186321,0.31741294634205763,-0.45161268643797164,-1.785071491382999,-0.7435074470580324,-0.4359275252243853,-0.30044662468882705,-0.44259927797833937,-0.1233991891370101,0.8673693414741993,-0.7286180762665281,-0.47613023509777325,Communication Equipment,Technology,UTSI
2008Q2,2008,Q2,2008-08-11,2008-06-30,-38780000.0,632756000.0,-31078000.0,-3.720004,81948000.0,0.12950963720612685,1735576000.0,587837000.0,1264309000.0,898578000.0,1146943000.0,196053000.0,-704593000.0,673460229.84,448717229.84000003,57.294579501995436,1.407010854928565,0.016800186220597656,0.049602185639896774,-0.057188640466527454,57.294579501995436,-0.06597066873980371,1.0643284770748915,-4.3415435136668385,1.1456581158382342,0.0,2.809485190229173,0.0,0.36457982825298346,0.4543122578117871,-0.022344167008532038,-17.05480727917342,0.12950963720612685,-2.4761903061226516,-1.8047761214033196,0.27521553469720217,-0.325425271086253,-0.1100250871534226,-2.529360728792838,-0.006118683026320049,0.5156816102201168,-0.18334103827626538,-0.5921727466154164,Communication Equipment,Technology,UTSI
2008Q1,2008,Q1,2008-05-15,2008-03-31,25357000.0,585989000.0,-30889000.0,2.520003,92079000.0,0.15713434893829065,1749653000.0,616221000.0,1253214000.0,877873000.0,1132626000.0,330006000.0,-665813000.0,346752276.47999996,84444276.47999996,60.5643080218142,1.4275572890383916,0.020674956691412526,0.05870296533224281,-0.059334894999688435,60.5643080218142,0.04114919809613759,0.591738541986283,3.4187036763024015,0.5627076592326454,0.0,1.4966697575195602,0.0,0.3349172664522623,0.6547871958700177,0.014492587958869558,3.8926814306562783,0.15713434893829065,2.050836769287348,-0.4029349354455907,0.5589231776889754,-0.29875130502514824,-0.09730010587820086,2.032535222738008,0.41638483193833015,-0.3741979642503964,-0.3905011288745543,-0.588389230892555,Communication Equipment,Technology,UTSI
2007Q4,2007,Q4,2008-03-03,2007-12-31,-24558000.0,806330000.0,-52927000.0,-2.398091762347644,102004000.0,0.12650403680875075,1984588000.0,617976000.0,1492966000.0,1103216000.0,1362907000.0,334467000.0,-691170000.0,335763648.0,221476648.0,60.73679542581095,1.3532853040565038,0.1628358127732305,0.5229361658057918,-0.4430733211860941,60.73679542581095,-0.039739407355625464,0.4164097181054903,-3.4180679208404596,0.5433279739018991,0.0,2.1058161193779954,0.0,0.4062959163312486,0.7673955055039086,-0.012374356793450328,-10.02339387426115,0.12650403680875075,0.5655635587447471,-1.6378650814899356,1.3547362475181126,-0.2909906854221924,0.5831018267037077,0.556137941006362,-0.02730978260869565,0.23728378012886356,0.012953212154123215,-0.5754665382993878,Communication Equipment,Technology,UTSI
2007Q3,2007,Q3,2007-10-10,2007-09-30,-55328000.0,646494000.0,-51520000.0,-5.520006,64433000.0,0.09966527144876829,2198615000.0,700751000.0,1729737000.0,1233200000.0,1493332000.0,362174000.0,-666612000.0,461051407.08,366882407.08,69.48972550134918,1.4026410963347389,0.1889284845232112,0.5927654758965738,-0.04885332396503113,69.48972550134918,-0.07895529225074242,0.713156513563931,-2.083264382771833,0.6579389927092505,0.0,1.6071308266192492,0.0,0.29404602442901556,0.8023248459292897,-0.02516493337851329,-9.700831255496874,0.09966527144876829,0.09803911956949056,-2.632287016724669,1.208824750092794,-0.12342620795768436,-0.19186002759312681,0.1033756299933557,0.06901100489708885,-11.446626266676525,-0.05623370015509978,-0.5186281622971693,Communication Equipment,Technology,UTSI
2007Q2,2007,Q2,2007-10-19,2007-06-30,-61707000.0,538245000.0,-55339000.0,-6.120006,79730000.0,0.1481295692482048,2219073000.0,722438000.0,1650189000.0,1225538000.0,1491304000.0,466222000.0,-611284000.0,677498505.6,548470505.6,71.65747702573235,1.3465016996616996,0.17142067881498266,0.526543454247977,-0.05297878869742232,71.65747702573235,-0.08541494218188966,1.258717694730095,-2.744820302396811,0.937794669715602,0.0,0.9834692485554092,0.0,0.2425539853803818,0.697288864155987,-0.0278075574800829,-12.82242567897496,0.1481295692482048,-0.13333339506167122,-3.2108290364312415,1.1436747899397475,-0.12972396722343707,0.05904230590423059,-0.1431032566411026,-0.05891695369307309,-2.322983790012662,-0.2660211598272958,-0.5030958089612386,Communication Equipment,Technology,UTSI
2007Q1,2007,Q1,2007-10-17,2007-03-31,-53982000.0,475902000.0,-52260000.0,-5.400005,75285000.0,0.15819433412761452,2247360000.0,722581000.0,1724301000.0,1244979000.0,1518750000.0,442996000.0,-549577000.0,1002259905.72,823046905.72,71.72027681618313,1.385004084406243,0.16861428520575253,0.5244214835430214,-0.05155404180363747,71.72027681618313,-0.07470719545628794,2.1060216299154026,-4.6416393692341895,1.3870554383799185,0.0,0.9043354793271271,0.0,0.2117604656129859,0.7486190530121392,-0.0240201836821871,-8.957866987111881,0.15819433412761452,-0.2953570244035417,-3.803536812096245,1.3581537386849771,-0.10505078816969957,-0.03730083629574691,-0.2843988674486664,0.08650736772186195,-1.9344355490746512,-0.2750054941606182,-0.489923650718432,Communication Equipment,Technology,UTSI
2023Q1,2023,Q1,2023-03-24,2023-03-24,,,,,,,0.0,0.0,0.0,0.0,0.0,0.0,0.0,0.0,0.0,0.0,0.0,0.0,0.0,0.0,0.0,0.0,0.0,0.0,0.0,0.0,0.0,,0.0,0.0,0.0,0.0,0.0,0.0,-1.0,-1.0,-1.0,0.0,0.0,0.0,0.0,0.0,0.0,Communication Equipment,Technology,UTSI
2022Q2,2022,Q2,2022-06-30,2022-06-30,,,,,,,97243000.0,61384000.0,86741000.0,32100000.0,35859000.0,1420000.0,0.0,0.0,-48409000.0,0.0,2.7022118380062303,0.04347870797898049,0.06887788348755376,,0.0,,0.0,0.0,0.0,0.0,,,,2.278722741433022,,0.0,0.0,0.0,-1.0,-1.0,-1.0,0.0,0.0,0.0,-1.0,-1.0,-1.0,Communication Equipment,Technology,UTSI
2021Q4,2021,Q4,2021-12-31,2021-12-31,,,,,,,108279000.0,68351000.0,97793000.0,35427000.0,39928000.0,1537000.0,-1246207000.0,0.0,-48890000.0,0.0,2.7604087278064755,0.045318113392255194,0.07179119544703076,,0.0,,0.0,0.0,0.0,0.0,,,,2.3187399441104244,,0.0,0.0,0.0,1.0,-1.0,-1.0,0.0,0.0,0.0,1.0,-1.0,-1.0,Communication Equipment,Technology,UTSI
2021Q2,2021,Q2,2021-06-30,2021-06-30,,,,,,,120638000.0,75636000.0,106746000.0,40282000.0,45002000.0,6188000.0,0.0,0.0,-44424000.0,0.0,2.649967727520977,0.04222550108589333,0.06734888148500714,,0.0,,0.0,0.0,0.0,0.0,,,,2.157340747728514,,0.0,0.0,0.0,-1.0,-1.0,-1.0,0.0,0.0,0.0,1.0,-1.0,-1.0,Communication Equipment,Technology,UTSI
2020Q4,2020,Q4,2020-12-31,2020-12-31,,,,,,,118724000.0,77401000.0,109905000.0,40042000.0,41323000.0,6695000.0,-1240379000.0,0.0,-32748000.0,0.0,2.7447430198291793,0.012406926990330514,0.019030761876461546,,0.0,,0.0,0.0,0.0,0.0,,,,2.1741171769641876,,0.0,0.0,0.0,1.0,-1.0,-1.0,0.0,0.0,0.0,1.0,-1.0,-1.0,Communication Equipment,Technology,UTSI
