Quarters,Year,Quarter,FillingDate,Date,NetIncome,Revenue,OperatingIncome,EPSDiluted,GrossProfit,GrossProfitRatio,TotalAssets,CommonStockEquity,CurrentAssets,CurrentLiability,TotalLiability,Inventory,RetainedEarnings,MarketCap,EnterpriseValue,bookValuePerShare,currentRatio,debtToAssets,debtToEquity,roic,shareholdersEquityPerShare,roe,priceToSalesRatio,peRatio,pbRatio,payoutRatio,inventoryTurnover,dividendYield,assetTurnover,quickRatio,returnOnAssets,priceToFreeCashFlowsRatio,grossProfitMargin,epsdilutedGrowth,fiveYNetIncomeGrowthPerShare,fiveYRevenueGrowthPerShare,fiveYShareholdersEquityGrowthPerShare,grossProfitGrowth,netIncomeGrowth,operatingIncomeGrowth,threeYNetIncomeGrowthPerShare,threeYRevenueGrowthPerShare,threeYShareholdersEquityGrowthPerShare,Industry,Sector,Symbol
2023Q1,2023,Q1,2023-05-09,2023-03-31,-13208000.0,187000.0,-13380000.0,-0.3,187000.0,1.0,81682000.0,55017000.0,68755000.0,13810000.0,26665000.0,0.0,-263565000.0,159408900.20999998,121792900.20999998,1.2321187194771124,4.978638667632151,0.22899782081731593,0.3399858225639348,-0.16363075010863104,1.2321187194771124,-0.24007125070432775,852.4540118181817,-3.017279304398849,2.8974480653252632,0.0,0.0,0.0,0.0022893660782057246,4.807748008689355,-0.16170025219754658,-14.715120484630294,1.0,0.26829268292682923,0.2111050641938359,0.0,-0.5524921257813117,0.23655167397356291,0.08620166591081818,0.09994807547978048,0.38686122220667235,-0.8763650982862102,-0.27630645214794936,Biotechnology,Healthcare,CUE
2022Q4,2022,Q4,2023-03-21,2022-12-31,-14453955.0,151227.0,-14865809.0,-0.41,151227.0,1.0,91283452.0,65682575.0,77187474.0,11548535.0,25600877.0,0.0,-250456596.0,101600031.9,69301472.9,1.8424732281014176,6.683745946996741,0.2115996117237109,0.2940740828142015,-0.15612200677010651,1.8424732281014176,-0.22005767892017022,671.837911880815,-1.7573050403851402,1.54683387336748,0.0,0.0,0.0,0.0016566748593162318,6.610904067052661,-0.1583414593041464,-9.662665782190649,1.0,-0.32258064516129026,0.1983090580865366,0.0,-0.38270614108075834,1.2239264705882353,-0.32861062597665225,-0.3476392892756776,-0.09795419842513195,-0.9023817469467827,-0.18492074953819843,Biotechnology,Healthcare,CUE
2022Q3,2022,Q3,2022-11-14,2022-09-30,-10879000.0,68000.0,-11031000.0,-0.31,68000.0,1.0,76300000.0,50764000.0,61700000.0,10222000.0,25536000.0,0.0,-235864000.0,78905048.9,68791048.9,1.4346828444839859,6.03600078262571,0.25703800786369596,0.3863367740918761,-0.1368761589385241,1.4346828444839859,-0.21430541328500513,1160.3683661764708,-1.8132422304439746,1.554350502324482,0.0,0.0,0.0,0.000891218872870249,5.8676384269223245,-0.14258191349934468,-11.354878241473594,1.0,0.1842105263157895,-0.2611609070879231,0.0,5.759825264591849,1.6153846153846154,0.18362599429686327,0.15729564553093964,0.012517086854598597,-0.956153836111092,0.19194477541068175,Biotechnology,Healthcare,CUE
2022Q2,2022,Q2,2022-08-04,2022-06-30,-13326000.0,26000.0,-13090000.0,-0.38,26000.0,1.0,84749000.0,59756000.0,69004000.0,8323000.0,24993000.0,0.0,-224909000.0,88039784.07000001,41779784.07000001,1.6900591201097888,8.29076054307341,0.23440984554390024,0.3324519713501573,-0.1474400869710303,1.6900591201097888,-0.2230068947051342,3386.1455411538464,-1.6516543612111663,1.473321240879577,0.0,0.0,0.0,0.00030678828068767775,8.03340141775802,-0.15724079340169206,-6.817918692015799,1.0,0.13636363636363635,-0.762821529827798,0.0,3.027376663984481,-0.974,0.06628363228699552,0.08062930186823992,0.1758586038208587,-0.9854872075090451,0.7350909749451582,Biotechnology,Healthcare,CUE
2022Q1,2022,Q1,2022-05-10,2022-03-31,-14272000.0,1000000.0,-14238000.0,-0.44,1000000.0,1.0,90704000.0,64673000.0,75947000.0,11411000.0,26031000.0,0.0,-211701000.0,159265549.04,111346549.03999999,1.9816227797057044,6.655595478047498,0.22058564120656202,0.30937176255933696,-0.15032458478942703,1.9816227797057044,-0.22067941799514482,159.26554904,-2.789825340526906,2.462628129822337,0.0,0.0,0.0,0.011024872111483506,6.483130312856016,-0.1573469747750926,-13.729788710344828,1.0,-0.6296296296296295,-1.6943877484784617,0.0,0.0,-0.3619885540746601,-0.7020515373859222,-0.8047514473946895,0.19586820452475684,0.7157300894625587,0.659621734499574,Biotechnology,Healthcare,CUE
2021Q4,2021,Q4,2022-03-16,2021-12-31,-8385175.0,1567370.0,-7889175.0,-0.27,1567370.0,1.0,83400935.0,65492072.0,68468119.0,12787684.0,17908863.0,0.0,-197446214.0,356436663.18,302118717.18,2.078112076663505,5.3542235638603515,0.12053646640772073,0.1534972660507672,-0.11098180523399949,2.078112076663505,-0.12803343586380958,227.41067085627517,-10.626989394377578,5.442439860201705,0.0,0.0,0.0,0.018793194584689008,5.2795585971627075,-0.10054053950354394,-33.48330663242277,1.0,0.34146341463414626,-0.9320991565224107,0.0,1.8266540274001817,0.0,0.3546390364042177,0.3939794899370103,0.5256598560819098,2.1167098579743273,0.26738146661919027,Biotechnology,Healthcare,CUE
2021Q3,2021,Q3,2021-11-09,2021-09-30,-12993000.0,2395000.0,-13018000.0,-0.41,0.0,0.0,78875000.0,63520000.0,70255000.0,15355000.0,15355000.0,0.0,-189062000.0,459176143.46000004,395176143.46000004,2.01553676771237,4.57538261152719,0.046060221870047546,0.05719458438287154,-0.18390642217387618,2.01553676771237,-0.20454974811083124,191.72281564091858,-8.835067795351343,7.228843568324938,0.0,0.0,0.0,0.030364500792393025,4.454835558450016,-0.16472900158478607,-69.15303365361446,0.0,-0.2424242424242423,-3.2041093363981656,0.0,0.0,0.0,-0.2640334662904952,-0.26351548092788507,0.33911254090399573,2.4074721079200585,0.029777294469345492,Biotechnology,Healthcare,CUE
2021Q2,2021,Q2,2021-08-09,2021-06-30,-10279000.0,2739000.0,-10303000.0,-0.33,0.0,0.0,89672000.0,72910000.0,79677000.0,16673000.0,16762000.0,0.0,-176069000.0,363873700.1,294827700.1,2.3343305651564457,4.778804054459306,0.05435364439289856,0.06684954052941983,-0.12464613225580101,2.3343305651564457,-0.1409820326429845,132.8491055494706,-8.84992947027921,4.990724181868057,0.0,0.0,0.0,0.030544651619234545,4.547711869489594,-0.11462886965831029,-36.30749352424666,0.0,0.19512195121951212,-0.5392681498578656,0.0,4.5626624727341225,-1.0,0.17800879648140744,0.17694519891356447,0.09246461984391499,9.263586441540822,-0.045501657990490746,Biotechnology,Healthcare,CUE
2021Q1,2021,Q1,2021-05-10,2021-03-31,-12505000.0,1553000.0,-12518000.0,-0.41,1553000.0,1.0,88721000.0,69669000.0,77405000.0,16633000.0,19052000.0,0.0,-165790000.0,371301205.0,304118205.0,2.289143661680279,4.653700474959418,0.05623245905704399,0.07161004176893597,-0.1550562354456721,2.289143661680279,-0.1794915959752544,239.0864166130071,-7.42305487804878,5.329503868291493,0.0,0.0,0.0,0.01750431126790726,4.489268322010461,-0.14094746452361898,-29.840167564092262,1.0,-0.09492562272576725,-1.531596270471844,0.0,0.0,2.2672382054383844,-0.1262801923926145,-0.14063538621278163,-0.09583110942240172,0.0,-0.1685786461758604,Biotechnology,Healthcare,CUE
2020Q4,2020,Q4,2021-03-09,2020-12-31,-11102921.0,475325.0,-10974585.0,-0.3744546583715191,475325.0,1.0,99533800.0,78911472.0,87527404.0,16315966.0,20622328.0,0.0,-153285039.0,370932871.59,303212952.59,2.661350854370097,5.364524785109261,0.04799803684778437,0.060541602873660755,-0.1231055851776429,2.661350854370097,-0.1407009743779713,780.3773662020723,-8.35214606115814,4.700620355808342,0.0,0.0,0.0,0.00477551344367441,5.288449669483254,-0.11154925261569437,-52.19045726551585,1.0,-0.10133723050446783,-1.719169512296456,0.0,2.6199770913742944,-0.3248224431818182,-0.10686083142258997,-0.08326769321883329,0.25959643629636603,0.0,-0.10835310181141515,Biotechnology,Healthcare,CUE
2020Q3,2020,Q3,2020-11-09,2020-09-30,-10031000.0,704000.0,-10131000.0,-0.34,704000.0,1.0,106617000.0,87553000.0,93563000.0,14227000.0,19064000.0,0.0,-142182000.0,446246180.45000005,382719180.45000005,2.952793116730418,6.5764391649680185,0.04285432904696249,0.05218553333409478,-0.10098281567720585,2.952793116730418,-0.11457060294907084,633.8724154119319,-11.12167731158409,5.096869101572762,0.0,0.0,0.0,0.006603074556590412,6.48485274478105,-0.09408443306414549,-55.55162211502552,1.0,0.1052631578947368,-2.449773220831107,0.0,0.0,0.0,0.07403304717068218,0.07411807713397917,-0.3876747059143891,0.0,12.912737291262697,Biotechnology,Healthcare,CUE
2020Q2,2020,Q2,2020-08-07,2020-06-30,-10833000.0,1075000.0,-10942000.0,-0.38,0.0,0.0,101353000.0,80154000.0,88353000.0,14862000.0,21199000.0,0.0,-132151000.0,691709871.87,640391871.87,2.840171320222566,5.944893015744853,0.04192278472270185,0.05301045487436684,-0.11786629898528557,2.840171320222566,-0.13515233176135938,643.4510436,-15.963026674743839,8.629761108241636,0.0,0.0,0.0,0.010606494134362082,5.79706634369533,-0.10688386135585527,-98.7451637216274,0.0,0.2083333333333333,-0.7953794059886304,0.0,5.768070750116302,0.0,0.1548603526291153,0.15798383993843787,-0.7953794059886304,0.0,5.768070750116302,Biotechnology,Healthcare,CUE
2020Q1,2020,Q1,2020-05-07,2020-03-31,-12818000.0,900000.0,-12995000.0,-0.48,0.0,0.0,60649000.0,45236000.0,51190000.0,12090000.0,15413000.0,0.0,-121318000.0,377023773.39,358300773.39,1.702542081705836,4.234077750206782,0.07444475589045162,0.09980988593155894,-0.2386154976129269,1.702542081705836,-0.2833583871252984,418.9153037666666,-7.3534048484552965,8.33459575095057,0.0,0.0,0.0,0.014839486224010288,4.080645161290323,-0.21134726046595986,-34.45027169133772,0.0,-0.29729729729729726,-1.972427058754137,0.0,0.0,0.0,-0.43748590466456216,-0.4414469176496218,-1.972427058754137,0.0,0.0,Biotechnology,Healthcare,CUE
2019Q4,2019,Q4,2020-03-12,2019-12-31,-8916957.0,1049331.0,-9015247.0,-0.37,0.0,0.0,71605009.0,54583896.0,61024960.0,11655248.0,17021113.0,0.0,-108500118.0,383333625.0,344839353.0,2.2604835383277426,5.235835393635553,0.06211558467927851,0.08148533406263268,-0.1390574953222803,2.2604835383277426,-0.16336241370531704,365.3123990428187,-10.74732178813916,7.022833712712629,0.0,0.0,0.0,0.014654435697368602,5.162039709493955,-0.12452979371876065,-59.44757913875411,0.0,-0.1935483870967742,-1.6815786221683442,0.0,2.0747162144135665,0.0,-0.27567339055793993,-0.2708270369326191,-1.6815786221683442,0.0,2.0747162144135665,Biotechnology,Healthcare,CUE
2019Q3,2019,Q3,2019-11-07,2019-09-30,-6990000.0,984000.0,-7094000.0,-0.31,0.0,0.0,45209000.0,27022000.0,32990000.0,10392000.0,18187000.0,0.0,-99583000.0,189254098.53,164919098.53,1.203648754607502,3.1745573518090837,0.09807781636399832,0.16408852046480646,-0.18425974025974026,1.203648754607502,-0.25867811412922803,192.33140094512194,-6.768744582618025,7.003704334616239,0.0,0.0,0.0,0.021765577650467827,3.078233256351039,-0.15461523148045744,-20.51534943414634,0.0,0.3260869565217392,-2.175000405351969,0.0,0.0,0.0,0.2659105229993699,0.2315025457696891,-2.175000405351969,0.0,0.0,Biotechnology,Healthcare,CUE
2019Q2,2019,Q2,2019-08-08,2019-06-30,-9522000.0,1055000.0,-9231000.0,-0.46,0.0,0.0,41756000.0,20281000.0,29868000.0,11268000.0,21475000.0,0.0,-92592000.0,184269301.5,167831301.5,0.9740464013209493,2.650692225772098,0.0966567678896446,0.19900399388590306,-0.30023433268231814,0.9740464013209493,-0.46950347615995264,174.6628450236967,-4.8379883821676115,9.085809452196637,0.0,0.0,0.0,0.02526583006035061,2.5539581114660987,-0.22803908420346777,-27.60175277112043,0.0,0.14814814814814817,-1.1389794736686403,0.0,1.3211328524786867,0.0,0.15487707464276204,0.19217642425833553,-1.1389794736686403,0.0,1.3211328524786867,Biotechnology,Healthcare,CUE
2019Q1,2019,Q1,2019-05-08,2019-03-31,-11267000.0,370000.0,-11427000.0,-0.54,0.0,0.0,45188000.0,24738000.0,31968000.0,10573000.0,20450000.0,0.0,-83068000.0,169267963.60999998,155945963.60999998,1.1940207449158429,3.0235505532961318,0.08064087810923254,0.14730374322904033,-0.30906337056771155,1.1940207449158429,-0.4554531490015361,457.4809827297297,-3.755834818718381,6.842427181259601,0.0,0.0,0.0,0.008188014517128441,2.920552350326303,-0.24933610693104363,-19.9279448563692,0.0,0.03729932925823433,-2.350679283718752,0.0,0.0,0.0,0.0304882073135798,-0.04197650733705747,-2.350679283718752,0.0,0.0,Biotechnology,Healthcare,CUE
2018Q4,2018,Q4,2019-03-14,2018-12-31,-11621313.0,330604.0,-10966658.0,-0.5609220149227977,0.0,0.0,45363100.0,33971469.0,40610140.0,6216879.0,11391631.0,0.0,-71801161.0,97375695.10000001,76575411.10000001,1.639689494755658,6.53223908652557,0.0,0.0,-0.3228196578723163,1.639689494755658,-0.3420903876720786,294.5387687384303,-2.0947653483732864,2.866396360428217,0.0,0.0,0.0,0.007287949897604,6.307470999515995,-0.25618427752953393,-24.23357618583779,0.0,0.095287072705165,-3.0732355911585016,0.0,1.2303103697266748,0.0,0.0746625527510152,0.1404766831256368,-3.0732355911585016,0.0,1.2303103697266748,Biotechnology,Healthcare,CUE
2018Q3,2018,Q3,2018-11-13,2018-09-30,-12559000.0,449000.0,-12759000.0,-0.62,0.0,0.0,44582000.0,39404000.0,40611000.0,4585000.0,5178000.0,0.0,-60180000.0,175754778.21,159912778.21,1.9572550089589966,8.857360959651036,0.0,0.0,-0.32379961425236015,1.9572550089589966,-0.31872398741244545,391.4360316481069,-3.498582255951907,4.460328347629682,0.0,0.0,0.0,0.010071329236014535,8.545474372955288,-0.2817056211026872,-26.633547235944842,0.0,-0.7222222222222223,-5.361308992228059,0.0,0.0,0.0,-0.7204109589041096,-0.7075749464668094,-5.361308992228059,0.0,0.0,Biotechnology,Healthcare,CUE
2018Q2,2018,Q2,2018-08-13,2018-06-30,-7300000.0,172000.0,-7472000.0,-0.36,0.0,0.0,53114000.0,49232000.0,49250000.0,2963000.0,3882000.0,0.0,-47629000.0,238750884.76,193014884.76,2.4456098689935595,16.621667229159634,0.0,0.0,-0.151771205719857,2.4456098689935595,-0.14827754306142346,1388.0865393023255,-8.176400163013698,4.849506109034774,0.0,0.0,0.0,0.003238317581052077,15.43570705366183,-0.13744022291674513,-33.08631995011086,0.0,0.027027027027027053,-0.6960971258146766,0.0,4.8278388006657265,0.0,0.02964242988169613,0.006647168306301516,-0.6960971258146766,0.0,4.8278388006657265,Biotechnology,Healthcare,CUE
2018Q1,2018,Q1,2018-05-14,2018-03-31,-7523000.0,0.0,-7522000.0,-0.37,0.0,0.0,59326000.0,55242000.0,55929000.0,4084000.0,4084000.0,0.0,-40344000.0,281899200.0,231106200.0,2.7532894736842106,13.694662095984329,0.03892054074099046,0.041797907389305236,-0.13070146478775346,2.7532894736842106,-0.13618261467723833,0.0,-9.367911737338828,5.1029868578255675,0.0,0.0,0.0,0.0,13.353330068560235,-0.12680780770657046,-27.022546012269938,0.0,0.2684045652904046,-1.3102066082119308,0.0,0.0,0.0,0.2793270219125586,0.27942523385390916,-1.3102066082119308,0.0,0.0,Biotechnology,Healthcare,CUE
2017Q4,2017,Q4,2018-03-29,2017-12-31,-10438854.0,0.0,-10438889.0,-0.5057439979062613,0.0,0.0,66953834.0,61607178.0,65065013.0,5346656.0,5346656.0,0.0,-32820848.0,240050050.07000002,179016401.07000002,2.984758719821416,12.169291048460945,0.03733916118978339,0.0405796869968626,-0.16283494806151036,2.984758719821416,-0.16944217117037888,0.0,-5.748956017346348,3.8964623581687188,0.0,0.0,0.0,0.0,12.051662384862613,-0.15591122085704606,-125.33647134961846,0.0,-1.0744982296568018,-2.672550546211141,0.0,3.0598774007159313,0.0,-1.0744940381558028,-1.0745009936406995,-2.672550546211141,0.0,3.0598774007159313,Biotechnology,Healthcare,CUE
2017Q3,2017,Q3,2017-09-30,2017-09-30,-5032000.0,0.0,-5032000.0,-0.243791,0.0,0.0,6295430.0,4380690.0,4130611.0,1914740.0,1914740.0,0.0,-22381994.0,240050050.07000002,236649569.07000002,0.21223667599795723,2.1572699165421936,0.0,0.0,-1.1486774914454116,0.21223667599795723,-1.1486774914454116,0.0,-11.926174983604929,54.79731505082533,0.0,0.0,0.0,0.0,1.9557328932387688,-0.7993099756490025,-61.811250822046986,0.0,-0.14026529218622846,-1.4860100181460947,0.0,0.0,0.0,-0.14026739179696351,-0.14026739179696351,-1.4860100181460947,0.0,0.0,Biotechnology,Healthcare,CUE
2017Q2,2017,Q2,2017-06-30,2017-06-30,-4413000.0,0.0,-4413000.0,-0.213802,0.0,0.0,10241850.0,8661672.0,8168552.0,1580178.0,1580178.0,0.0,-17350063.0,240050050.07000002,232743510.07000002,0.4196426758945687,5.1693872462469415,0.0,0.0,-0.5094859283519394,0.4196426758945687,-0.5094859283519394,0.0,-13.599028442669386,27.714054523191365,0.0,0.0,0.0,0.0,4.957557313163454,-0.43087918686565413,-67.09782474236314,0.0,-0.317309706596345,0.0,0.0,0.0,0.0,-0.3173134328358209,-0.3173134328358209,0.0,0.0,0.0,Biotechnology,Healthcare,CUE
2017Q1,2017,Q1,2017-03-31,2017-03-31,-3350000.0,0.0,-3350000.0,-0.162302,0.0,0.0,,,,,,,,240050050.07000002,,,0.0,0.0,0.0,0.0,,0.0,0.0,-17.914182841044777,0.0,0.0,0.0,0.0,0.0,0.0,0.0,-59.713942803482595,0.0,-0.1785850177536651,0.0,0.0,0.0,0.0,-0.1785818950822879,-0.1785818950822879,0.0,0.0,0.0,Biotechnology,Healthcare,CUE
2016Q4,2016,Q4,2016-12-31,2016-12-31,-2842399.0,0.0,-2842399.0,-0.13770920006207188,0.0,0.0,16278617.0,15174640.0,15138251.0,1067613.0,1103977.0,0.0,-9587013.0,240050050.07000002,225124230.07000002,0.735184446529118,14.179530410364055,0.0,0.0,-0.18731245024593665,0.735184446529118,-0.18731245024593665,0.0,-21.113331561649158,15.819159470669486,0.0,0.0,0.0,0.0,14.027417238268923,-0.1746093663853631,-114.17710221381294,0.0,-0.4042592189126474,0.0,0.0,0.0,0.0,-0.40425921891264727,-0.40423701892983704,0.0,0.0,0.0,Biotechnology,Healthcare,CUE
2016Q3,2016,Q3,2016-09-30,2016-09-30,-2024127.0,0.0,-2024159.0,-0.09806537013066827,0.0,0.0,,,,,,,,240050050.07000002,,,0.0,0.0,0.0,0.0,,0.0,0.0,-29.64859048740519,0.0,0.0,0.0,0.0,0.0,0.0,0.0,-132.09842476307034,0.0,0.0,0.0,0.0,0.0,0.0,0.0,0.0,0.0,0.0,0.0,Biotechnology,Healthcare,CUE
