Quarters,Year,Quarter,FillingDate,Date,NetIncome,Revenue,OperatingIncome,EPSDiluted,GrossProfit,GrossProfitRatio,TotalAssets,CommonStockEquity,CurrentAssets,CurrentLiability,TotalLiability,Inventory,RetainedEarnings,MarketCap,EnterpriseValue,bookValuePerShare,currentRatio,debtToAssets,debtToEquity,roic,shareholdersEquityPerShare,roe,priceToSalesRatio,peRatio,pbRatio,payoutRatio,inventoryTurnover,dividendYield,assetTurnover,quickRatio,returnOnAssets,priceToFreeCashFlowsRatio,grossProfitMargin,epsdilutedGrowth,fiveYNetIncomeGrowthPerShare,fiveYRevenueGrowthPerShare,fiveYShareholdersEquityGrowthPerShare,grossProfitGrowth,netIncomeGrowth,operatingIncomeGrowth,threeYNetIncomeGrowthPerShare,threeYRevenueGrowthPerShare,threeYShareholdersEquityGrowthPerShare,Industry,Sector,Symbol
2023Q2,2023,Q2,2023-06-14,2023-04-30,581000.0,22298000.0,489000.0,0.06,6120000.0,0.2744640775,84119000.0,41805000.0,41028000.0,15892000.0,42314000.0,20386000.0,16068000.0,41163644.0,67375644.0,4.062322567943693,2.581676315127108,0.3630333218416767,0.7304867838775266,0.007696057143080042,4.062322567943693,0.01389785910776223,1.8460688851018028,17.712411359724612,0.9846583901447196,0.0,0.7935838320415972,0.0,0.2650768554072207,1.1841807198590486,0.006906881917283848,35.424822719449224,0.27446407749573953,1.5454545454545454,-0.8404625955528059,-0.12343378860976174,0.46031963924029984,0.20330318521431381,1.5,1.4183062446535502,3.9777940435264547,1.0238890981812132,0.24394513120201272,Electrical Equipment & Parts,Industrials,RFIL
2023Q1,2023,Q1,2023-03-13,2023-01-31,-1162000.0,18343000.0,-1169000.0,-0.11,5086000.0,0.2772719839,85140000.0,40998000.0,41796000.0,16744000.0,44142000.0,20937000.0,15487000.0,54383912.800000004,82163912.80000001,4.010549237273711,2.49617773530817,0.37056612638007985,0.7695497341333724,-0.011526748310358721,4.010549237273711,-0.028342845992487438,2.9648319685983755,-11.700497590361447,1.3265016049563394,0.0,0.6331852700960023,0.0,0.2154451491660794,1.0556020066889633,-0.013648108996946207,-225.65938921161828,0.277271983863054,-3.75,-3.2234286746617427,0.5409223523803397,0.6297632946459373,-0.2873756480313857,-3.57649667405765,-7.4944444444444445,-42.81554210296372,0.38249502246098604,0.20082114099765958,Electrical Equipment & Parts,Industrials,RFIL
2022Q4,2022,Q4,2023-01-24,2022-10-31,451000.0,22989000.0,180000.0,0.04,7137000.0,0.3104528253,89566000.0,41869000.0,46247000.0,19536000.0,47697000.0,21054000.0,16649000.0,55063418.21,83003418.21000001,4.113643819497998,2.3672706797706797,0.36254828841301384,0.7755618715517447,0.002257905045719657,4.113643819497998,0.0107716926604409,2.3952071951803036,30.52295909645233,1.3151357378967732,0.0,0.7529210601310915,0.0,0.25667105821405445,0.9901719901719902,0.005035392894625193,1079.6748668627451,0.3104528252642568,-0.5,0.286593769493483,1.2477272717057406,0.7068755811297334,-0.015314569536423841,-0.4150453955901427,-0.8345588235294118,-0.46704365384655416,0.36698254448126216,0.22701295078341724,Electrical Equipment & Parts,Industrials,RFIL
2022Q3,2022,Q3,2022-09-14,2022-07-31,771000.0,23842000.0,1088000.0,0.08,7248000.0,0.3040013422,87195000.0,41229000.0,47055000.0,16963000.0,45966000.0,19161000.0,16198000.0,68156352.12,96073352.12,4.071097724119217,2.7739786594352416,0.37849647342164117,0.8004802444881031,0.01011078303569882,4.071097724119217,0.018700429309466637,2.858667566479322,22.099984474708172,1.6531167896383616,0.0,0.8660299566828453,0.0,0.2734331096966569,1.2525496669221245,0.00884225012902116,32.878124515195374,0.3040013421692811,0.6,2.5044284675944413,1.6648141712185582,0.7051548080851233,0.19210526315789472,0.532803180914513,0.4584450402144772,-0.3132395693372203,0.42118667058679593,0.24428246280606353,Electrical Equipment & Parts,Industrials,RFIL
2022Q2,2022,Q2,2022-06-14,2022-04-30,503000.0,21505000.0,746000.0,0.05,6080000.0,0.2827249477,69647000.0,40177000.0,41552000.0,14602000.0,29470000.0,19168000.0,15427000.0,66912887.94,81525887.94,3.9748955423728494,2.8456375838926173,0.26368687811391733,0.4571023222241581,0.009764494206054358,3.9748955423728494,0.01251960076660776,3.111503740525459,33.25690255467197,1.6654525708738832,0.0,0.8047266277128547,0.0,0.3087713756514997,1.2640734146007395,0.00722213447815412,-28.340909758576874,0.2827249476865845,2.8181818181818183,11.930978818398314,1.4603020054147093,0.6723270854941619,0.4887365328109696,2.815884476534296,3.0607734806629834,-0.5611443795435718,0.46096605675040203,0.25393614718470486,Electrical Equipment & Parts,Industrials,RFIL
2022Q1,2022,Q1,2022-03-17,2022-01-31,-277000.0,16918000.0,-362000.0,-0.0275,4084000.0,0.2413996926,49736000.0,39452000.0,41084000.0,9739000.0,10284000.0,13477000.0,14924000.0,72685082.92,60421082.92,3.918870675479722,4.218502926378478,0.024991957535788967,0.03150664098144581,-0.006697495155246514,3.918870675479722,-0.00702119030720876,4.2963165220475235,-65.6002553429603,1.8423675078576498,0.0,0.9522890851079617,0.0,0.34015602380569404,2.4664749974330014,-0.005569406466141225,160.09930158590308,0.24139969263506325,-1.3454773869346732,-0.021383497121950708,1.2437471303952248,0.6447615650157932,-0.2342021376336021,-1.3407134071340714,-1.3223508459483526,-1.4002357818138058,0.4693927213627129,0.271478976939581,Electrical Equipment & Parts,Industrials,RFIL
2021Q4,2021,Q4,2022-01-14,2021-10-31,813000.0,21108000.0,1123000.0,0.0796,5333000.0,0.2526530226,49648000.0,39603000.0,40648000.0,9370000.0,10045000.0,11179000.0,15201000.0,76704687.57,65158687.56999999,3.9394057856534723,4.338100320170757,0.030353689977441187,0.03805267277731485,0.019093896776649723,3.9394057856534723,0.020528747822134687,3.633915461910176,23.58692729704797,1.936840329520491,0.0,1.4111280078719026,0.0,0.42515307766677407,2.8362860192102453,0.016375281985175637,175.5256008466819,0.25265302255069166,-0.11555555555555548,1.2349475254501496,1.2952235387798667,0.6269471506443838,0.05416090136390591,-0.12203023758099352,-0.061036789297658864,0.18189244418178768,4.3921990748304545,0.3200056490974647,Electrical Equipment & Parts,Industrials,RFIL
2021Q3,2021,Q3,2021-09-13,2021-07-31,926000.0,15257000.0,1196000.0,0.09,5059000.0,0.3315855017,46414000.0,38620000.0,37628000.0,7006000.0,7794000.0,10400000.0,14388000.0,95504561.46000001,84472561.46000001,3.8699031161437887,5.37082500713674,0.033308915413452836,0.04003107198342828,0.02216278505346784,3.8699031161437887,0.023977213878819265,6.259720879596252,25.784168860691146,2.472930125841533,0.0,0.9805769230769231,0.0,0.3287154737794631,3.297744790179846,0.019950876890593355,-42.146761456310685,0.33158550173690765,-0.8125000000000001,2.1018436962179217,0.7679001305025331,0.39270906943834744,0.06058700209643606,-0.808875128998968,-0.5543964232488823,-0.5067257392909151,0.015766553075629592,0.2999166313397035,Electrical Equipment & Parts,Industrials,RFIL
2021Q2,2021,Q2,2021-06-14,2021-04-30,4845000.0,11057000.0,2684000.0,0.48,4770000.0,0.4314009225,42767000.0,37240000.0,34337000.0,5167000.0,5527000.0,9574000.0,13462000.0,64263226.95,50550226.95,3.7377207992820844,6.645442229533579,0.02452825776884046,0.028168635875402793,0.0601803096295576,3.7377207992820844,0.13010204081632654,5.8119948403726145,3.3159559829721363,1.7256505625671323,0.0,0.6566743263003969,0.0,0.2585404634414385,4.088639442616605,0.11328828302195618,-77.70644129383314,0.43140092249253864,12.7359413202934,60.7340349035099,0.25677335342720703,0.30389593714724694,0.8303914044512664,13.022332506203474,5.556876061120543,0.3741406221356405,-0.5510405350486356,0.34363212125508263,Electrical Equipment & Parts,Industrials,RFIL
2021Q1,2021,Q1,2021-03-11,2021-01-31,-403000.0,10002000.0,-589000.0,-0.0409,2606000.0,0.2605478904,40635000.0,32158000.0,31802000.0,7315000.0,8477000.0,9019000.0,8617000.0,57313843.089999996,45878843.089999996,3.259910170508163,4.347505126452495,0.09976621139411837,0.1260650537968779,-0.010608881610321384,3.259910170508163,-0.01253187387275328,5.73023826134773,-35.55449323200992,1.782257699172834,0.0,0.8200465683556936,0.0,0.24614248800295313,2.822146274777854,-0.009917558754768057,-82.70395828282828,0.2605478904219156,-3.045,-0.0031040693602444255,0.26547018854798676,0.11530332452274694,-0.130173564753004,-3.5345911949685536,-197.33333333333334,-1.7990933950161578,-0.12929174931941603,0.32472677067761685,Electrical Equipment & Parts,Industrials,RFIL
2020Q4,2020,Q4,2020-12-29,2020-10-31,159000.0,10696000.0,3000.0,0.02,2996000.0,0.280104712,40822000.0,32064000.0,30865000.0,6664000.0,8758000.0,8586000.0,9020000.0,41651808.68,30151808.68,3.294788974335604,4.631602641056422,0.10526186860026457,0.13401322355289422,-0.00020992870345920252,3.294788974335604,0.004958832335329341,3.8941481563201195,65.49026522012579,1.2990209792914171,0.0,0.8968087584439786,0.0,0.26201557983440305,3.221188475390156,0.003894958600754495,247.9274326190476,0.2801047120418848,3.3809523809523814,-0.4725321893459197,0.07211367470153365,0.08906475257134154,0.09743589743589744,2.9390243902439024,1.0136363636363637,-0.5256074792860592,0.0937567237606903,0.3671078712777842,Electrical Equipment & Parts,Industrials,RFIL
2020Q3,2020,Q3,2020-09-10,2020-07-31,-82000.0,9544000.0,-220000.0,-0.0084,2730000.0,0.2860435876,40894000.0,31799000.0,31168000.0,6008000.0,9095000.0,9247000.0,8861000.0,43424709.0,32337709.0,3.273286874530351,5.187749667110519,0.11104318481928889,0.14280323280606308,-0.0021624558114022073,3.273286874530351,-0.0025786974433158276,4.549948554065382,-132.39240548780487,1.365599830183339,0.0,0.7368876392343463,0.0,0.23338387049444906,3.4414114513981358,-0.0020051841345918716,-34.51884658187599,0.2860435875943001,0.5578947368421053,-1.3418450672569937,-0.056618958390696514,0.06581383664548884,0.05568445475638051,0.5543478260869565,-0.1702127659574468,-1.3885425212564466,0.11203013480753435,0.3709965298253567,Electrical Equipment & Parts,Industrials,RFIL
2020Q2,2020,Q2,2020-06-11,2020-04-30,-184000.0,10390000.0,-188000.0,-0.019,2586000.0,0.2488931665,39412000.0,31693000.0,29247000.0,5736000.0,7719000.0,9100000.0,8943000.0,53862084.0,40809084.0,3.265676649273355,5.0988493723849375,0.025956561453364457,0.032278421102451646,-0.005664543172573209,3.265676649273355,-0.0058056984192092894,5.184031183830607,-73.18217934782608,1.6994946518158585,-1.059782608695652,0.8575824175824176,0.0036203575041767787,0.2636252917893028,3.316945606694561,-0.004668628844006902,-356.7025430463576,0.248893166506256,-8.307692307692308,-1.3601452310590136,0.12812467019497645,0.05415962959514379,-0.20504150015370426,-8.076923076923077,-189.0,-5.926549529721131,0.23801565478409292,0.37394290109709166,Electrical Equipment & Parts,Industrials,RFIL
2020Q1,2020,Q1,2020-03-12,2020-01-31,26000.0,12414000.0,1000.0,0.0026,3253000.0,0.2620428548,39832000.0,31944000.0,29246000.0,5464000.0,7888000.0,8390000.0,9322000.0,57291552.67,44092552.67,3.33983896547798,5.352489019033675,0.029900582446274353,0.037283996994740796,6.31202781176562e-05,3.33983896547798,0.0008139243676433759,4.615075936039955,550.8803141346154,1.7934996453168044,7.423076923076923,1.0918951132300359,0.003368733975699388,0.3116589676641896,3.685029282576867,0.0006527415143603133,10.317225404285972,0.2620428548413082,-0.9674999999999999,-0.5667937472744357,0.5601457561169585,0.04617959078173708,-0.212729912875121,-0.9667519181585678,-0.9990338164251208,1.1009082647915407,0.7329297345478439,0.4017402508664935,Electrical Equipment & Parts,Industrials,RFIL
2019Q4,2019,Q4,2019-12-20,2019-10-31,782000.0,15541000.0,1035000.0,0.08,4132000.0,0.2658773567,37700000.0,31533000.0,33660000.0,6080000.0,6167000.0,8245000.0,9489000.0,55869424.38,43329424.38,3.3525675640762707,5.536184210526316,0.0,0.0,0.024260298734658927,3.3525675640762707,0.024799416484318017,3.594969717521395,17.861069175191815,1.7717763733231853,0.24040920716112532,1.3837477258944815,0.003364989027295219,0.41222811671087534,4.067434210526316,0.020742705570291776,-67.39375679131484,0.265877356669455,-0.2727272727272727,1.7125251062957056,1.295457427479383,0.07449570001476355,-0.031411157993436474,-0.2466281310211946,-0.18887147335423196,1.241544247049786,0.8062026686630824,0.38458705259069464,Electrical Equipment & Parts,Industrials,RFIL
2019Q3,2019,Q3,2019-09-12,2019-07-31,1038000.0,15511000.0,1276000.0,0.11,4266000.0,0.2750306234,36113000.0,30636000.0,32081000.0,5386000.0,5477000.0,8086000.0,8895000.0,76968200.16000001,63656200.16000001,3.2718436896861953,5.956368362421092,0.0,0.0,0.032876851061675,3.2718436896861953,0.033881707794751276,4.962168793759268,18.537620462427746,2.5123449588719153,0.18015414258188825,1.3906752411575563,0.0024295748063650705,0.4295129177858389,4.314519123653918,0.02874311189876222,-185.91352695652176,0.27503062342853457,0.0,1.4585047947601553,1.4686547830224612,0.04082855931773263,0.04201270151441133,-0.021677662582469368,-0.0631424375917768,2.3163731687664684,0.9155833030984996,0.17747815478936196,Electrical Equipment & Parts,Industrials,RFIL
2019Q2,2019,Q2,2019-06-12,2019-04-30,1061000.0,13626000.0,1362000.0,0.11,4094000.0,0.3004550125,34405000.0,29660000.0,30462000.0,4658000.0,4745000.0,7932000.0,8044000.0,70829916.2,56973916.2,3.169934570669448,6.539716616573637,0.0,0.0,0.035408123461242925,3.169934570669448,0.03577208361429535,5.198144444444445,16.689424175306314,2.3880619082939987,0.176248821866164,1.2017145738779627,0.002640127364713725,0.3960470861793344,4.678832116788321,0.03083854090975149,151.02327547974414,0.30045501247614853,0.5714285714285713,0.9472364731909529,1.073841785669668,-0.0002419043316115287,0.3017488076311606,0.6578125,0.732824427480916,13.395549003194718,0.6491873906944217,0.1058249210354034,Electrical Equipment & Parts,Industrials,RFIL
2019Q1,2019,Q1,2019-03-12,2019-01-31,640000.0,10647000.0,786000.0,0.07,3145000.0,0.2953883723,32507000.0,28693000.0,28599000.0,3803000.0,3814000.0,8169000.0,7170000.0,76151333.72,62135333.72,3.08213564404529,7.520115698133053,0.0,0.0,0.02169777497737227,3.08213564404529,0.022305091834245287,7.152374727153188,29.746614734374997,2.654003893632593,0.290625,0.9183498592238952,0.0024425048244578534,0.32752945519426585,5.166710491717065,0.01968806718552927,-30.7806522716249,0.2953883723114492,0.023391812865497137,1.1126543906790378,0.5920831447257808,-0.024833788559268554,1.2674837779379957,0.004709576138147566,0.07084468664850137,2.6880297940469826,0.4274191214097556,0.05448185705617813,Electrical Equipment & Parts,Industrials,RFIL
2018Q4,2018,Q4,2018-12-20,2018-10-31,637000.0,3625000.0,734000.0,0.0684,1387000.0,0.3826206897,32502000.0,27783000.0,28530000.0,4719000.0,4719000.0,7113000.0,6716000.0,72241363.03999999,55907363.03999999,2.984385550430777,6.045772409408773,0.0,0.0,0.02211422360349211,2.984385550430777,0.02292768959435626,19.928651873103448,28.352183296703295,2.600200231796422,0.29199372056514916,0.31463517503163224,0.002574702250523871,0.11153159805550428,4.367238821784277,0.01959879392037413,79.73660379690948,0.38262068965517243,-0.62,-0.46265274768175185,-0.5760068558534625,-0.04387420654195318,-0.6955662862159789,-0.6320046216060081,-0.6574895006999534,1.2090429252130463,-0.6201664368120855,-0.013536485530827137,Electrical Equipment & Parts,Industrials,RFIL
2018Q3,2018,Q3,2018-09-12,2018-07-31,1731000.0,13850000.0,2143000.0,0.18,4556000.0,0.3289530686,32913000.0,27395000.0,25187000.0,5332000.0,5518000.0,6854000.0,6445000.0,91560845.25,79969845.25,2.977039467642966,4.723743435858965,0.0,0.0,0.06280571695402348,2.977039467642966,0.06318671290381457,6.610891353790613,13.223692266031195,3.342246586968425,0.10629693818601964,1.3559964983950978,0.0020095926320645237,0.42080636830431745,3.285821455363841,0.052593200255218304,34.16449449626866,0.32895306859205775,-0.4705882352941177,0.5997720712480851,0.22458245991324804,-0.0670378216324623,-0.4364176150420584,-0.4597378277153558,-0.4663844621513944,6.618249892193697,0.4452705999559113,-0.030647181723462907,Electrical Equipment & Parts,Industrials,RFIL
2018Q2,2018,Q2,2018-06-11,2018-04-30,3204000.0,22380000.0,4016000.0,0.34,8084000.0,0.3612153709,35743000.0,25186000.0,27874000.0,10428000.0,10557000.0,7075000.0,4898000.0,51154184.7,42665184.7,2.7818036947424947,2.672995780590717,0.0,0.0,0.12708695069874165,2.7818036947424947,0.12721353132692767,2.2857097721179627,3.9914313904494385,2.0310563289128885,0.05742821473158552,2.0206360424028267,0.003596968675761144,0.6261365861847075,1.9462984273110855,0.08963992949668466,20.16325766653528,0.3612153708668454,5.800000000000001,1.286213517596819,1.053238343914689,-0.12896993646031438,1.6306540839570451,6.057268722466961,6.249097472924188,5.72217482519568,1.6047082259487557,-0.10203444266025152,Electrical Equipment & Parts,Industrials,RFIL
2018Q1,2018,Q1,2018-03-13,2018-01-31,454000.0,10341000.0,554000.0,0.05,3073000.0,0.2971666183,26851000.0,21853000.0,18829000.0,4894000.0,4998000.0,6797000.0,1878000.0,27973209.599999998,22093209.599999998,2.460817009714895,3.8473641193297916,0.0,0.0,0.02066328456642848,2.460817009714895,0.020775179609206974,2.7050778067885117,15.403749779735682,1.2800626733171647,0.3876651982378855,1.0692952773282332,0.006291734217013124,0.38512532121708687,2.3212096444626074,0.016908122602510147,-160.76557241379308,0.2971666183154434,0.6666666666666669,-0.7560483227895985,-0.21615400804188423,-0.22958710569892293,0.14025974025974025,0.4885245901639344,0.15416666666666667,7.147216282019407,0.3997420043998096,-0.2291674662093104,Electrical Equipment & Parts,Industrials,RFIL
2017Q4,2017,Q4,2018-01-24,2017-10-31,305000.0,8899000.0,480000.0,0.03,2695000.0,0.3028430161,25060000.0,21343000.0,16793000.0,3598000.0,3717000.0,6109000.0,1600000.0,21696852.1,15657852.100000001,2.4100431601319716,4.667315175097277,0.0,0.0,0.013790047680940868,2.4100431601319716,0.01429039966265286,2.4381224969097652,17.784305,1.0165793046900622,0.580327868852459,1.0155508266492062,0.008157865444453113,0.3551077414205906,2.7857142857142856,0.012170790103750998,33.02412800608828,0.30284301606922126,0.4999999999999999,-0.7895298217131965,-0.3248784175307052,-0.15726064096049075,0.2161552346570397,0.5885416666666666,1.608695652173913,0.12363164176520544,0.3960102163920216,-0.22758275175125361,Electrical Equipment & Parts,Industrials,RFIL
2017Q3,2017,Q3,2017-09-12,2017-07-31,192000.0,7808000.0,184000.0,0.02,2216000.0,0.2838114754,24891000.0,21101000.0,16503000.0,3357000.0,3790000.0,6482000.0,1472000.0,16411332.3363,10913332.3363,2.3875238217760595,4.915996425379803,0.0,0.0,0.007889492937594923,2.3875238217760595,0.009099094829628928,2.101861211103996,21.368922312890625,0.7777514021278612,0.921875,0.8626966985498303,0.010785230374531881,0.313687678277289,2.792374143580578,0.00771363143304809,12.311577146511627,0.2838114754098361,4.263157894736842,-0.7971097058048278,-0.18811357952573232,-0.14137431254904462,0.13408393039918118,4.647058823529412,1.7878787878787878,-0.5182085103894357,0.3165718307132619,-0.2404884782273076,Electrical Equipment & Parts,Industrials,RFIL
2017Q2,2017,Q2,2017-06-13,2017-04-30,34000.0,7640000.0,66000.0,0.0038,1954000.0,0.2557591623,25538000.0,20999000.0,16937000.0,4086000.0,4539000.0,6690000.0,1457000.0,14135595.200000001,9818595.200000001,2.376864894942662,4.145129711209006,0.0,0.0,0.0016697223677317968,2.376864894942662,0.0016191247202247726,1.8502087958115185,103.93820000000001,0.6731556359826659,5.205882352941177,0.8499252615844544,0.012521580980191056,0.29916203304879,2.171071953010279,0.0013313493617354531,100.25244822695036,0.2557591623036649,1.141263940520446,-0.9560918300078773,-0.1092785202532181,-0.12092273601693497,0.052234787291330104,1.1428571428571428,1.1838440111420614,-0.93391407699147,0.23147989525916798,-0.2503662558161006,Electrical Equipment & Parts,Industrials,RFIL
2017Q1,2017,Q1,2017-03-15,2017-01-31,-238000.0,6617000.0,-359000.0,-0.0269,1857000.0,0.2806407738,24953000.0,21050000.0,16143000.0,3382000.0,3903000.0,6554000.0,1555000.0,14135595.200000001,9781595.200000001,2.3826375560047164,4.7732111176818455,0.0,0.0,-0.01197345833420918,2.3826375560047164,-0.011306413301662708,2.136254375094454,-14.848314285714286,0.6715247125890736,-0.7394957983193278,0.72627403112603,0.012450837584822745,0.2651785356470164,2.4036073329390892,-0.009537931310864426,-20.050489645390073,0.2806407737645459,0.9208823529411765,-2.6095530959798547,-0.056440512686430515,-0.10130123733650334,-0.053034166241713414,0.9217362709634989,0.32007575757575757,-1.8278573955212791,0.042628802940128246,-0.24615010270087226,Electrical Equipment & Parts,Industrials,RFIL
2016Q4,2016,Q4,2017-01-27,2016-10-31,-3041000.0,8082000.0,-528000.0,-0.34,1961000.0,0.2426379609,25837000.0,21392000.0,16793000.0,3908000.0,4445000.0,6022000.0,1925000.0,15460807.25,10202807.25,2.421348341950256,4.297082906857728,0.0,0.0,-0.022318863980432046,2.421348341950256,-0.14215594614809274,1.912992730759713,-1.271029862709635,0.7227378108638743,-0.058204537980927326,1.016439721022916,0.011448302610460395,0.31280721445988313,2.40992835209826,-0.11769942330765956,19.521221275252525,0.24263796090076714,-3.038004750593825,-47.51214860486057,0.07597808689254237,-0.12884440618596857,-0.07804419370004702,-3.0873655913978495,0.20839580209895053,-3.703100005841655,-0.003907287907660157,-0.22425786964712288,Electrical Equipment & Parts,Industrials,RFIL
2016Q3,2016,Q3,2016-09-14,2016-07-31,-744000.0,7640000.0,-667000.0,-0.0842,2127000.0,0.2784031414,29565000.0,24549000.0,17406000.0,3712000.0,5016000.0,6492000.0,5127000.0,20231570.63,15582570.629999999,2.778687380634669,4.689116379310345,0.0,0.0,-0.02891930075209133,2.778687380634669,-0.030306733471831847,2.6481113390052355,-6.79824281922043,0.8241301327956333,-0.23790322580645162,0.8491990141712877,0.00874870286825576,0.25841366480635886,2.4369612068965516,-0.025164890918315575,-57.15132946327683,0.27840314136125655,-11.658227848101264,-9.609063777357818,0.1337226113321879,-0.06060521318468159,-0.09566326530612244,-11.782608695652174,-7.551282051282051,-1.7161872309626283,-0.2964026175452715,-0.12919856796798987,Electrical Equipment & Parts,Industrials,RFIL
2016Q2,2016,Q2,2016-06-14,2016-04-30,69000.0,7735000.0,-78000.0,0.0079,2352000.0,0.3040723982,29890000.0,25110000.0,17684000.0,3260000.0,4780000.0,6810000.0,5901000.0,21912940.312,16891940.312,2.8665790672373186,5.424539877300614,0.0,0.0,0.0042867383512544795,2.8665790672373186,0.0027479091995221026,2.8329593163542337,79.39471127536231,0.8726778300278774,2.5652173913043477,0.7904552129221732,0.0080774189807413,0.25878220140515223,2.797239263803681,0.002308464369354299,-43.306206150197625,0.3040723981900452,1.194103194103194,-0.8835454414923393,0.20843159704046155,-0.045262077426131135,0.1329479768786127,1.1943661971830986,0.8723404255319149,-0.9491110718695824,-0.2665178762839224,-0.10242532505213865,Electrical Equipment & Parts,Industrials,RFIL
2016Q1,2016,Q1,2016-03-21,2016-01-31,-355000.0,6984000.0,-611000.0,-0.0407,2076000.0,0.2972508591,30916000.0,25478000.0,18419000.0,3918000.0,5438000.0,7020000.0,6191000.0,36435856.16,30669856.159999996,2.9228911084821894,4.701123021949974,0.0,0.0,-0.013933589763717716,2.9228911084821894,-0.013933589763717717,5.217046987399771,-25.659053633802817,1.4300909082345552,-1.7183098591549295,0.6991452991452991,0.016741750140886493,0.2259024453357485,2.4793261868300154,-0.01148272739034804,-23.016965356917243,0.2972508591065292,-2.3129032258064517,-1.6835452363304786,0.14163830737617625,-0.006539997486495774,-0.2748864827104436,-2.314814814814815,-2.8238805970149254,-1.1943369386251954,-0.4606738438904303,-0.08492464505780568,Electrical Equipment & Parts,Industrials,RFIL
2015Q4,2015,Q4,2016-01-28,2015-10-31,270000.0,8936000.0,335000.0,0.031,2863000.0,0.320389436,32252000.0,26371000.0,19657000.0,4361000.0,5881000.0,6928000.0,7155000.0,39312371.12,31717371.119999997,3.025337994418079,4.5074524191699155,0.0,0.0,0.009265120182415695,3.025337994418079,0.010238519585908764,4.399325326768128,36.400343629629624,1.4907425247430888,2.2555555555555555,0.8765877598152425,0.015491306747716723,0.27706808880069456,2.6542077505159365,0.008371573855884907,-282.8228138129496,0.32038943598925695,0.5499999999999999,-0.5798349164457376,0.20929378386595132,0.055205115555315376,0.009876543209876543,0.2796208530805687,1.518796992481203,-0.8107079211359324,-0.31124955533533566,0.057894499347536245,Electrical Equipment & Parts,Industrials,RFIL
2015Q3,2015,Q3,2015-09-11,2015-07-31,211000.0,8899000.0,133000.0,0.02,2835000.0,0.3185751208,33350000.0,26244000.0,20543000.0,4861000.0,7106000.0,7263000.0,7494000.0,36488431.0,28580431.0,3.071161925268861,4.226085167660975,0.0,0.0,0.006683653296046688,3.071161925268861,0.00803993293705228,4.100284413979098,43.232738151658765,1.3903532616979117,2.838862559241706,0.8349167010877048,0.01641616215287525,0.2668365817091454,2.43221559349928,0.006326836581709145,36.091425321463895,0.3185751208000899,-0.6,-0.5491406059960713,0.40373938409085847,0.08052666299314169,-0.07624633431085044,-0.5290178571428571,-0.8160442600276625,-0.7693940501244967,-0.04297190023210798,0.10448260046911226,Electrical Equipment & Parts,Industrials,RFIL
2015Q2,2015,Q2,2015-06-15,2015-04-30,448000.0,8076000.0,723000.0,0.05,3069000.0,0.3800148588,30808000.0,26363000.0,21134000.0,3316000.0,4445000.0,5551000.0,7883000.0,34890877.0,24497877.0,3.0978957622647316,6.373341375150784,0.0,0.0,0.01672426406453834,3.0978957622647316,0.016993513636536055,4.3203166171371965,19.47035546875,1.3234790046656297,1.3303571428571428,0.9019996397045578,0.017081829155512485,0.262139703972994,4.389324487334138,0.014541677486367177,-147.21889029535865,0.3800148588410104,7.333333333333334,-0.08956296176508084,0.43220206447004333,0.11439912932853638,0.2276,7.615384615384615,26.807692307692307,-0.3993651572463511,-0.022513056302206912,0.14574864418707603,Electrical Equipment & Parts,Industrials,RFIL
2015Q1,2015,Q1,2015-03-17,2015-01-31,52000.0,6894000.0,26000.0,0.006,2500000.0,0.3626341746,31702000.0,26455000.0,21920000.0,4118000.0,5247000.0,5964000.0,8030000.0,37207871.190000005,26285871.190000005,3.1924145671608364,5.322972316658572,0.0,0.0,0.0016485693905048742,3.1924145671608364,0.0019656019656019656,5.397138263707572,178.88399610576926,1.4064589374409375,11.115384615384615,0.7367538564721663,0.015534347478480398,0.21746262065484828,3.4813016027197667,0.0016402750615103147,-55.4513728614009,0.3626341746446185,-0.8045602605863191,-0.7506281393133852,0.4307577665566088,0.17507867627757306,-0.04979095400988218,-0.7952755905511811,-0.9514925373134329,-0.6250811040161272,0.048057391733740365,0.20413573360575651,Electrical Equipment & Parts,Industrials,RFIL
2014Q4,2014,Q4,2015-01-29,2014-10-31,254000.0,5965000.0,536000.0,0.0307,2631000.0,0.4410729254,29029000.0,25856000.0,23439000.0,2362000.0,3173000.0,5259000.0,8543000.0,37539344.43,22821344.43,3.1201312057649058,9.923370025402201,0.0,0.0,0.009696998705395402,3.1201312057649058,0.009823638613861386,6.293268135792121,36.948173651574805,1.4518620215810645,2.279527559055118,0.6339608290549534,0.015423817565052773,0.2054841710014124,7.259102455546147,0.008749870818836335,35.149198904494384,0.4410729253981559,-0.23249999999999998,-0.3491925515823863,0.07601641234477548,0.16544478636950014,0.05747588424437299,-0.3172043010752688,-0.1464968152866242,5.319897493421006,-0.15335633381692795,0.12256452582387545,Electrical Equipment & Parts,Industrials,RFIL
2014Q3,2014,Q3,2014-09-11,2014-07-31,372000.0,5536000.0,628000.0,0.04,2488000.0,0.4494219653,29068000.0,25934000.0,23370000.0,2184000.0,3134000.0,5612000.0,9023000.0,44055224.28,29818224.28,3.1434991482467605,10.70054945054945,0.0,0.0,0.013652099302347754,3.1434991482467605,0.014344104264671859,7.957952362716763,29.60700556451613,1.698743899128557,1.553763440860215,0.5431218816821097,0.013119896889559089,0.19044997935874503,7.704212454212454,0.012797578092748039,32.95080350037397,0.44942196531791906,-0.20000000000000004,23.469510021019712,0.16917384410496425,0.20575555901811463,-0.09593023255813954,-0.2217573221757322,-0.17693315858453473,3.6096068589602726,-0.12027387565537581,0.06272721890251676,Electrical Equipment & Parts,Industrials,RFIL
2014Q2,2014,Q2,2014-06-12,2014-04-30,478000.0,5764000.0,763000.0,0.05,2752000.0,0.4774462179,28489000.0,26026000.0,22690000.0,1513000.0,2463000.0,5574000.0,9229000.0,50152578.580000006,36736578.580000006,3.1707015771152,14.996695307336418,0.0,0.0,0.01751395457689164,3.1707015771152,0.018366249135479906,8.701002529493408,26.230428127615063,1.927018311688312,1.202928870292887,0.5403659849300323,0.0114650136898305,0.20232370388571028,10.645736946463979,0.016778405700445784,47.628279753086424,0.4774462179042332,0.6666666666666669,0.6077768103502492,0.18046667522760615,0.24440605578508967,0.06584043377226956,0.8037735849056604,1.2507374631268438,-0.13907359135726277,-0.03901533563115521,0.05602844569507225,Electrical Equipment & Parts,Industrials,RFIL
2014Q1,2014,Q1,2014-03-13,2014-01-31,265000.0,5850000.0,339000.0,0.03,2582000.0,0.4413675214,28507000.0,25739000.0,22610000.0,1818000.0,2768000.0,6030000.0,9327000.0,53910896.800000004,41133896.800000004,3.1606259608725336,12.436743674367436,0.0,0.0,0.010049301042681234,3.1606259608725336,0.01029566028206224,9.215537914529916,50.85933660377359,2.094521807374024,2.150943396226415,0.5419568822553897,0.010573001634801222,0.20521275476198828,8.414741474147414,0.009295962395201179,60.71046936936938,0.4413675213675214,-0.7692307692307693,0.25111507987874276,0.2522795755090514,0.2680868475647188,-0.1341381623071764,-0.7444551591128254,-0.7477678571428571,-0.45384122949997924,0.023562340372180978,0.07426358303960306,Electrical Equipment & Parts,Industrials,RFIL
2013Q4,2013,Q4,2014-01-17,2013-10-31,1037000.0,7479000.0,1344000.0,0.13,2982000.0,0.3987164059,28953000.0,25419000.0,22910000.0,2584000.0,3534000.0,5995000.0,9632000.0,74840051.6,62959051.599999994,3.1213314930424234,8.86609907120743,0.0,0.0,0.04061493808218699,3.1213314930424234,0.0407962547700539,10.006692285064847,18.042442526518805,2.944256327943664,0.5390549662487946,0.7501251042535446,0.007469262621406318,0.2583152004973578,5.820820433436532,0.035816668393603424,84.3743535512965,0.39871640593662255,0.18181818181818185,0.7850296947768967,0.22216218207275762,0.20917619099778934,-0.25,0.13086150490730644,-0.13624678663239073,0.7273052039305489,0.08334385404130396,0.08868660786967875,Electrical Equipment & Parts,Industrials,RFIL
2013Q3,2013,Q3,2013-09-12,2013-07-31,917000.0,9585000.0,1556000.0,0.11,3976000.0,0.4148148148,28978000.0,24885000.0,22900000.0,3016000.0,4093000.0,7310000.0,9940000.0,47493522.72,36711522.72,3.190954077958528,7.592838196286472,0.0,0.0,0.046235217210435615,3.190954077958528,0.03684950773558369,4.9549841126760565,12.948070534351144,1.9085201012658226,0.5954198473282443,0.7673050615595075,0.011496304521754793,0.33076816895575956,4.749336870026525,0.03164469597625785,17.67529688128024,0.4148148148148148,-0.21428571428571436,0.9405781348261323,0.7370164650006654,0.3061891718673865,-0.02044838630204484,-0.22156196943972836,-0.04598405885959534,1.1470305623508412,0.6567142909840956,0.12267312682285308,Electrical Equipment & Parts,Industrials,RFIL
2013Q2,2013,Q2,2013-06-12,2013-04-30,1178000.0,9162000.0,1631000.0,0.14,4059000.0,0.4430255403,28353000.0,24305000.0,22194000.0,2966000.0,4048000.0,7311000.0,9569000.0,45661854.0,37175854.0,3.1936942376452784,7.482805124747134,0.0,0.0,0.04828974884815589,3.1936942376452784,0.04846739354042378,4.98383038637852,9.690546264855689,1.8787020777617773,0.4616171477079796,0.6979893311448502,0.011908955777397914,0.32314040842238917,4.543492919757249,0.041547631643917754,42.33252769441717,0.4430255402750491,-0.26315789473684204,0.8816461538306457,0.7587788204597449,0.34940296588582737,-0.1778081528049321,-0.2053898581303862,-0.2084541561009937,1.6769664737096492,0.816870656834427,0.14886050109433033,Electrical Equipment & Parts,Industrials,RFIL
2013Q1,2013,Q1,2013-03-12,2013-01-31,1482488.0,10509231.0,2060525.0,0.19,4936804.0,0.4697588244,27478596.0,22595745.0,21176246.0,3800597.0,4882851.0,6737372.0,8935272.0,38624558.7,31675593.700000003,3.1941534570853234,5.571820953392322,0.0,0.0,0.0655174973522494,3.1941534570853234,0.0656091666816031,3.6752982877624447,6.513469029766177,1.709373100997555,0.4723242279195515,0.8270920768513301,0.01812875081469863,0.38245152699941437,3.3489328123976314,0.05395064580446541,63.59490889153425,0.4697588244087507,0.1875,6.570044979348461,1.5557307186247311,0.4010528434834077,0.13338342733419792,0.2806830825794591,0.09616795398118795,7.328233307907085,1.5549556475598523,0.17571873490018355,Electrical Equipment & Parts,Industrials,RFIL
2012Q4,2012,Q4,2013-01-22,2012-10-31,1157576.0,10529299.0,1879753.0,0.16,4355811.0,0.4136848047,25463418.0,20230305.0,19044246.0,4140476.0,5233113.0,6984546.0,8152999.0,31196758.95,25704990.95,2.8597728755409704,4.599530585372309,0.0,0.0,0.0571641561871897,2.8597728755409704,0.05721989856307159,2.962852413061876,6.737518519302405,1.5420805049651995,0.30092451813099097,0.8838782076888032,0.011165999665487687,0.41350689840617627,2.574288560059278,0.04546035414412943,-13706.836094024604,0.41368480465793595,0.6,1.1990870673953196,1.4467888812589211,0.2600336540586206,0.2987545310043392,0.5743207405009751,0.7179778936651294,2.474448720911061,1.2249768688251277,0.06819462650868527,Electrical Equipment & Parts,Industrials,RFIL
2012Q3,2012,Q3,2012-09-14,2012-07-31,735286.0,7472413.0,1094166.0,0.1,3353837.0,0.4488291801,23204389.0,19094817.0,16731427.0,3011508.0,4109572.0,6756169.0,7343768.0,27982635.7677,22352635.7677,2.780634048888078,5.5558301688057945,0.0,0.0,0.038130279391103396,2.780634048888078,0.03850709854930791,3.7447924475935688,9.514201197799226,1.4654571325663923,0.4667272326686487,0.6096022760827919,0.012263962653444031,0.3220258460586917,2.912197809203894,0.03168736742001696,20.96503167886515,0.44882918007877776,0.25000000000000006,0.6024320897818943,0.6388102726953734,0.2677369893727328,0.10974502087738972,0.22069155576805588,0.21746745103886292,57.10628709388624,0.8959565150210835,0.06657097836714937,Electrical Equipment & Parts,Industrials,RFIL
2012Q2,2012,Q2,2012-06-14,2012-04-30,602352.0,6672187.0,898723.0,0.08,3022169.0,0.4529502845,22061067.0,18581824.0,15491172.0,2291574.0,3479243.0,6448990.0,6951656.0,25771646.25,21958922.25,2.7038179604067785,6.760057497597721,0.0,0.0,0.03219014816727503,2.7038179604067785,0.03241619337262047,3.8625485541697198,10.696256611582596,1.3869276907369266,0.5686658299466093,0.5659828903440693,0.013291234742134488,0.3024417178008661,3.346574450574147,0.027303847089535607,50.56952571287292,0.4529502845169058,3.0,2.2363348311158617,0.8901855731251587,0.29484224695094574,0.20789983065567866,4.1391713876185925,3.476826899128269,1.419855223362042,0.6320713159174074,0.061168123785380946,Electrical Equipment & Parts,Industrials,RFIL
2012Q1,2012,Q1,2012-03-15,2012-01-31,117208.0,5558754.0,200750.0,0.02,2502003.0,0.4501014076,22229676.0,18566223.0,15772200.0,2466240.0,3663453.0,6281622.0,7024744.0,26751188.779999997,25154215.779999997,2.6512082301562674,6.395241339042429,0.0,0.0,0.005683657590355852,2.6512082301562674,0.0063129695253579575,4.812443360508488,57.05922117090983,1.4408524975704535,3.009120537847246,0.48661810596053057,0.013184199135990697,0.2500600548564001,3.073520419748281,0.005272591467370015,-275.1104381003311,0.4501014076176064,3.816901408450704,2.310357591508129,0.6402474499986625,0.2605413006807535,-0.004811662225050714,3.3588794075028177,147.42596644784828,-0.35650158164227674,0.3837630507820524,0.06370140865652554,Electrical Equipment & Parts,Industrials,RFIL
2011Q4,2011,Q4,2012-01-27,2011-10-31,-49688.0,5953893.0,-1371.0,-0.0071,2514100.0,0.4222615354,24377946.0,19464411.0,16413206.0,3494849.0,4699918.0,6189601.0,8010701.0,22129255.64,21758439.64,2.7794671343947654,4.69639918634539,0.0,0.0,-0.0001651411355380898,2.7794671343947654,-0.0025527615502981315,3.716770798534673,-111.34104632909354,1.1369085681554916,-43.09618016422476,0.555737437679747,0.09676615584526727,0.24423275857613272,1.249490607462583,-0.0020382357069787587,54.46464020871021,0.4222615354357225,-1.71,-1.0976445526518734,0.3430072925290875,0.3446304958396427,0.04079859278366947,-1.7830924650517723,-1.1292908336476801,-1.0994619681284434,0.1314234531238416,0.07674096457313516,Electrical Equipment & Parts,Industrials,RFIL
2011Q3,2011,Q3,2011-09-14,2011-07-31,63451.0,4947753.0,10604.0,0.01,2415549.0,0.4882113153,26271976.0,19187002.0,16454669.0,4161397.0,6867385.0,6295128.0,8134752.0,28930133.419999998,29160781.419999998,2.957954865871476,3.9541214164377974,0.0,0.0,0.022043256415576674,2.957954865871476,0.003306978338773301,5.847125638648493,113.98612086491939,1.507798530484335,2.715276354982585,0.4022482148099292,0.005955278446137218,0.18832816381988168,2.069660260724944,0.002415159027246371,-35.093584587521875,0.48821131531828693,-0.8333333333333333,-0.8459089043531157,0.24895204496614856,0.4898910144576102,0.07993406522660496,-0.8439135868067855,-0.982944364917247,-0.8385634818384056,0.07800640636348136,0.21081298015595692,Electrical Equipment & Parts,Industrials,RFIL
2011Q2,2011,Q2,2011-06-08,2011-04-30,406512.0,4391562.0,621730.0,0.06,2236756.0,0.5093303931,19990564.0,18044436.0,17648408.0,1642033.0,1946128.0,5309633.0,10401373.0,22837426.2,13877434.2,3.002477433293249,10.747900925255461,0.0,0.0,0.02214512918893799,3.002477433293249,0.02252838492707669,5.200296887531134,14.044742959617427,1.2656215023844468,0.32105325304050064,0.4058295554513843,0.005714829633472445,0.21968174584769093,6.753333215593109,0.02033519414459742,72.83759340943232,0.5093303931494079,0.1999999999999999,0.09802394641606037,0.2416485913611842,0.572447281272609,0.03077833405838243,0.15652943301858074,0.17654294354304573,-0.17774832418547823,0.0675265588363111,0.2686098455306103,Electrical Equipment & Parts,Industrials,RFIL
2011Q1,2011,Q1,2011-03-09,2011-01-31,351493.0,4140295.0,528438.0,0.05,2169968.0,0.5241095139,19216770.0,17356835.0,17169507.0,1548976.0,1859935.0,5035381.0,10005068.0,21532831.9,12748554.899999999,2.9421326486090296,11.084424161510572,0.0,0.0,0.01985695543736137,2.9421326486090296,0.020250984698535188,5.200796537444795,15.315263675236775,1.240596681365007,0.2412821876964833,0.39129650765254903,0.0039385901675106656,0.21545218056936727,7.095590893596802,0.01829095108074874,-152.89512404675006,0.5241095139356012,-0.32157394843962006,0.3956955147275678,0.2925105680535405,0.5606553129452547,-0.15233274047834922,-0.1918029017497873,-0.30781986796604843,1.1522194704175335,0.20736350175121007,0.2905088526962841,Electrical Equipment & Parts,Industrials,RFIL
2010Q4,2010,Q4,2011-01-12,2010-10-31,434910.0,5001116.0,763440.0,0.0737,2559929.0,0.5118715503,19109363.0,16913960.0,17533406.0,1879213.0,2195403.0,4607843.0,9858686.0,19202566.53,9896112.530000001,2.8670615312795897,9.330185561721848,0.0,0.0,0.025096450639662014,2.8670615312795897,0.025713079609978977,3.8396562947150197,11.038241549975858,1.1353087349148279,0.19340323285277414,0.529789534929901,0.004380299886923501,0.2617102412047958,6.313428014812584,0.022759000391588145,48.194132470974445,0.5118715502699798,0.474,4.8413375300918755,0.536626737521941,0.5901727024523803,0.269236909639725,0.39273705447209145,0.7212660134285083,-0.009270929728298839,0.39356288145316703,0.26324508095271293,Electrical Equipment & Parts,Industrials,RFIL
2010Q3,2010,Q3,2010-09-13,2010-07-31,312270.0,4230032.0,443534.0,0.05,2016904.0,0.4768058492,17745153.0,16206285.0,16338677.0,1185804.0,1538868.0,4481907.0,9507834.0,15309483.36,6400834.359999999,2.8422824076932143,13.778564585715683,0.0,0.0,0.018121894408656566,2.8422824076932143,0.019268450480785695,3.6192358261119537,12.256607551157652,0.944663342647621,0.0,0.49379159362298236,0.0,0.23837675561320887,9.184168715909205,0.017597481408021674,17.90350417665075,0.47680584922289004,0.0,0.7259827869890515,0.38674894356091716,0.5577322573558333,0.030817123724897234,-0.05286049657565409,-0.2336491228676431,-0.18038665914561902,0.11729249669341663,0.29584349437026947,Electrical Equipment & Parts,Industrials,RFIL
2010Q2,2010,Q2,2010-06-08,2010-04-30,329698.0,3778159.0,578761.0,0.05,1956607.0,0.5178731229,17080897.0,15850475.0,15527880.0,847118.0,1230422.0,4893923.0,9195628.0,14482714.24,6420725.24,2.7798799198015525,18.33024442875727,0.0,0.0,0.02031880342697004,2.7798799198015525,0.020800512287486653,3.8332728294388883,10.981803225982567,0.9137085317632436,0.0,0.37220691866218575,0.0,0.2211920720557006,11.581109125293052,0.019302147890710893,15.579729750953918,0.5178731228622194,1.0,1.1602312944633437,0.12857354522151876,0.5451610860293251,0.2004165797514019,1.2996463670667997,1.6489736137492277,1.135079506600501,0.29006357743203687,0.3312678643010885,Electrical Equipment & Parts,Industrials,RFIL
2010Q1,2010,Q1,2010-03-11,2010-01-31,143369.0,3312871.0,218485.0,0.025,1629940.0,0.4920022542,16893129.0,15478903.0,16038573.0,1026649.0,1414226.0,5191669.0,8865919.0,13303769.91,5433193.91,2.7167666570835936,15.62225551283837,0.0,0.0,0.008274749003941942,2.7167666570835936,0.009262219680554882,4.015782658002681,23.19847719869707,0.8594775682747027,0.0,0.32415991851560644,0.0,0.19610760090685392,9.600616179434256,0.00848682325222284,79.346855713144,0.49200225423809135,-0.4692144373673036,-0.2666738501152375,0.21994529598388632,0.5158883144681553,-0.1476461879817872,-0.46571289087975193,-0.6717793484710778,3.9769673695452274,0.20151258614572803,0.2917116568261419,Electrical Equipment & Parts,Industrials,RFIL
2009Q4,2009,Q4,2010-01-29,2009-10-31,268337.0,3811456.0,665665.0,0.0471,1912281.0,0.5017192905,16598200.0,15253482.0,15769656.0,973188.0,1344718.0,4984921.0,8722552.0,11537530.65,3834622.6500000004,2.6772020796321785,16.20412088928347,0.0,0.0,0.02339931393562153,2.6772020796321785,0.017591852142350185,3.0270664675126775,10.749105276201194,0.7563866827259507,0.0,0.3809839714611325,0.0,0.22963068284512778,10.240747933595564,0.016166632526418527,16.199141360036283,0.5017192904758706,26.70588235294118,-0.23957115420764513,0.24664963055683917,0.5409525115626862,0.1775622378276923,24.36985912829725,22.43643277118614,-0.35185981771927816,0.05672051542378972,0.2951574477179824,Electrical Equipment & Parts,Industrials,RFIL
2009Q3,2009,Q3,2009-09-14,2009-07-31,10577.0,3294290.0,28403.0,0.0017,1623932.0,0.4929535651,16121066.0,14964254.0,15308406.0,776881.0,1156812.0,5299080.0,8461499.0,12914676.0,5920557.0,2.6070782960408763,19.7049561000977,0.0,0.0,0.0003923572596159613,2.6070782960408763,0.0007068177270981901,3.9203215260344413,305.25375815448615,0.8630350701077381,0.0,0.3152166036368577,0.0,0.20434690857291943,11.530952616938759,0.0006560980520767051,27.681404017172976,0.4929535651081113,-0.9514285714285714,-0.9588583828054401,0.2502736045690477,0.5637956388619387,-0.057315197887926106,-0.9507159398545288,-0.8988010617640247,-0.9709720639772343,-0.060246046770336306,0.3131581458780553,Electrical Equipment & Parts,Industrials,RFIL
2009Q2,2009,Q2,2009-06-12,2009-04-30,214613.0,3524716.0,280665.0,0.035,1722667.0,0.4887392346,16337204.0,15097297.0,15249952.0,899162.0,1239907.0,5707534.0,8629697.0,10019580.84,3298773.84,2.547963795559336,16.960182925879874,0.0,0.0,0.01229770520082372,2.547963795559336,0.014215326094465785,2.8426633067742193,11.671684427318011,0.6636672008240946,0.0,0.3157316277047145,0.0,0.21574781094733222,9.562779565862437,0.013136458356032036,20.847979908531382,0.48873923459365237,0.4000000000000001,-0.40588806791999177,0.21544189047385764,0.5394735941043094,0.04677745329303403,0.32119133951821915,0.9881489562155997,-0.4120341786831907,0.010791138685227358,0.33441094300374735,Electrical Equipment & Parts,Industrials,RFIL
2009Q1,2009,Q1,2009-03-17,2009-01-31,162439.0,3582583.0,141169.0,0.025,1645686.0,0.4593573966,16841643.0,15566263.0,15720320.0,960256.0,1275380.0,5779150.0,9080045.0,13052886.0,11893101.0,2.4924365132737694,16.370967741935484,0.0,0.0,0.006590748234069779,2.4924365132737694,0.010435324136563798,3.6434287775049454,20.0889041424781,0.8385369051004727,0.5834805680901753,0.3351525743405172,0.007261229432326308,0.21272170417102418,9.21711189516129,0.009645080352314796,-75.16821864796226,0.45935739660462854,-0.6493688639551192,-0.38665099622117366,0.29162276086163197,0.5308622885552428,-0.3020653223559408,-0.6354011420157656,-0.8200355163705482,-0.3907264339025624,0.05644551573467443,0.32211383754518186,Electrical Equipment & Parts,Industrials,RFIL
2008Q4,2008,Q4,2009-01-29,2008-10-31,445528.0,4693063.0,784427.0,0.0713,2357937.0,0.5024302891,17767773.0,16121690.0,16705149.0,1323198.0,1646083.0,5949708.0,9677617.0,14052150.0,12991312.0,2.58137028853236,12.624829390612742,0.0,0.0,0.025090235429650016,2.58137028853236,0.027635316148617174,2.994238517573704,7.88511047566034,0.8716300834465865,0.22256738072579052,0.39247741233687433,0.007056571414338731,0.26413343979574705,7.554347875374661,0.02507506146099458,66.8977977091605,0.5024302891310004,0.2963636363636364,0.3064018833433788,0.36092441230927336,0.7667288206671352,0.018144000842862676,0.11462252822031863,0.1961959107489234,4.717115925408019,0.36209020084932747,0.4317183370367958,Electrical Equipment & Parts,Industrials,RFIL
2008Q3,2008,Q3,2008-09-11,2008-07-31,399712.0,4667638.0,655768.0,0.055,2315917.0,0.4961646554,17917229.0,16115380.0,17044118.0,1467903.0,1801849.0,6090226.0,9862780.0,23913001.25,22090874.25,2.4429494185720415,11.611201830093679,0.0,0.0,0.023351419656120493,2.4429494185720415,0.024803138368440582,5.123148206866085,14.95639438520735,1.4838620777170628,0.24698532943719478,0.386146753831467,0.004128423654057225,0.2605111538173676,7.0252210125600945,0.02230880679149661,-59.56108479228468,0.4961646554424315,-0.26666666666666666,0.6921242233022806,0.6761846323095412,0.7585584000579858,-0.01893489620289628,-0.26218638786751136,-0.18645161210283615,0.9096050435964507,0.32263961746821346,0.338875089293764,Electrical Equipment & Parts,Industrials,RFIL
2008Q2,2008,Q2,2008-06-13,2008-04-30,541752.0,4507879.0,806059.0,0.075,2360615.0,0.5236642332,17457955.0,15586448.0,16816295.0,1619297.0,1871507.0,5645405.0,9542974.0,20580006.25,16687195.25,2.366746122829773,10.384935561543065,0.0,0.0,0.03204144086255422,2.366746122829773,0.034757887108082614,4.565341316836587,9.496968285303977,1.320378206118546,0.0,0.3803560594855462,0.0,0.2582134620005608,6.5528238488677495,0.031031813290846495,30.91794765283572,0.5236642332236513,1.9999999999999998,6.072888098047248,1.1476755092068167,0.6448359987649344,0.2616370392817383,1.9727229328197278,3.0827170874022447,2.073301927125904,0.16584992640324442,0.31552589140915466,Electrical Equipment & Parts,Industrials,RFIL
2008Q1,2008,Q1,2008-03-17,2008-01-31,182241.0,3826566.0,197432.0,0.025,1871073.0,0.488969222,16638294.0,15008093.0,15930311.0,1334623.0,1630201.0,5447579.0,9105101.0,18432416.799999997,14587404.799999997,2.279823685410586,11.936187972183905,0.0,0.0,0.007117202238040094,2.279823685410586,0.01214284852845728,4.816960376483771,25.285771039447763,1.2281651506290638,0.0,0.3589655147727091,0.0,0.22998547807846165,7.396102120224213,0.010953106129751042,85.86916243122748,0.4889692220126348,-0.6639784946236559,0.3966455109445023,0.6988423273942169,0.5973050980504331,-0.08949288532875518,-0.6279634253144349,-0.679614171286139,-0.19322655496887337,0.2195753257468963,0.27208498924657304,Electrical Equipment & Parts,Industrials,RFIL
2007Q4,2007,Q4,2008-02-08,2007-10-31,489847.0,4004574.0,616232.0,0.0744,2054979.0,0.5131579539,16128158.0,14940793.0,15351272.0,1069700.0,1187365.0,4955302.0,9207571.0,24883762.68,21483196.68,2.269600392282796,14.351006824343274,0.0,0.0,0.028191244582940995,2.269600392282796,0.0327858768942184,6.213835149506539,12.699762721829469,1.6654914287347398,0.1327332820247955,0.3934361619130378,0.0026129087001885844,0.24829704669311894,9.191619145554828,0.0303721602925765,64.59908848061932,0.5131579538797385,0.23999999999999994,4.308208395230534,0.6688375779697059,0.6084756818995415,0.0028871733079949224,0.12850030755478967,-0.2353663772244819,0.2014399383178988,0.1336354406233858,0.3063438323685801,Electrical Equipment & Parts,Industrials,RFIL
2007Q3,2007,Q3,2007-09-14,2007-07-31,434069.0,4313346.0,805918.0,0.06,2049063.0,0.4750518507,15561633.0,14248477.0,14918578.0,1188256.0,1313156.0,4737444.0,9357288.0,18615919.6212,13656849.621199999,2.1933840159258238,12.555020130342283,0.0,0.0,0.02741592993785019,2.1933840159258238,0.030464238388425654,4.315888319926108,10.721751392750923,1.3065199614807956,0.1497250437142482,0.477954567906238,0.003491151730478444,0.27717823701407174,8.157474483612958,0.02789353790826451,14.48909275534451,0.4750518506978109,1.3999999999999997,10.182616443779215,1.094991808610645,0.5742607187732699,0.34679185508465665,1.4334632095304836,2.2556687121025436,0.4918489435263632,0.44645443443727323,0.3156506897637529,Electrical Equipment & Parts,Industrials,RFIL
2007Q2,2007,Q2,2007-06-14,2007-04-30,178375.0,3382991.0,247543.0,0.025,1521440.0,0.4497322044,14598821.0,13753352.0,13899953.0,756969.0,845469.0,5159658.0,8988210.0,18870030.27,12216899.27,2.0881446884928607,18.36264496960906,0.0,0.0,0.00954164547027862,2.0881446884928607,0.012969565528461716,5.577913234176502,26.447134225648217,1.3720313615182684,0.0,0.36078961047418256,0.0,0.23173042535421182,11.003185070987055,0.012218452435302823,40.76938923793556,0.4497322044309311,4.0,0.14399831457929183,0.6749552816364026,0.505067354089153,0.2058584124523364,4.416464229321025,10.679862225158063,-0.5557737573124263,0.049467244809756186,0.2616519960787907,Electrical Equipment & Parts,Industrials,RFIL
2007Q1,2007,Q1,2007-03-23,2007-01-31,32932.0,3152128.0,21194.0,0.005,1261707.0,0.4002714991,14561085.0,13699422.0,13879081.0,785663.0,861663.0,5517542.0,8876200.0,27161361.72,21675951.72,2.1032299605927123,17.665437980406356,0.0,0.0,0.0003921142895722762,2.1032299605927123,0.002403897040327687,8.616833364634939,206.19277389772864,1.982664795638823,0.0,0.34262013773524513,0.0,0.21647617605418826,10.084526062701183,0.0022616446507935364,-66.004776892682,0.400271499126939,-0.9312242090784043,-0.58053444582329,0.5102731783166858,0.5425234471853093,-0.3603117657974283,-0.9304208931699144,-0.9707799548891254,-0.880771456580572,0.08965257164758077,0.29181040868392005,Electrical Equipment & Parts,Industrials,RFIL
