Quarters,Year,Quarter,FillingDate,Date,NetIncome,Revenue,OperatingIncome,EPSDiluted,GrossProfit,GrossProfitRatio,TotalAssets,CommonStockEquity,CurrentAssets,CurrentLiability,TotalLiability,Inventory,RetainedEarnings,MarketCap,EnterpriseValue,bookValuePerShare,currentRatio,debtToAssets,debtToEquity,roic,shareholdersEquityPerShare,roe,priceToSalesRatio,peRatio,pbRatio,payoutRatio,inventoryTurnover,dividendYield,assetTurnover,quickRatio,returnOnAssets,priceToFreeCashFlowsRatio,grossProfitMargin,epsdilutedGrowth,fiveYNetIncomeGrowthPerShare,fiveYRevenueGrowthPerShare,fiveYShareholdersEquityGrowthPerShare,grossProfitGrowth,netIncomeGrowth,operatingIncomeGrowth,threeYNetIncomeGrowthPerShare,threeYRevenueGrowthPerShare,threeYShareholdersEquityGrowthPerShare,Industry,Sector,Symbol
2023Q1,2023,Q1,2023-05-04,2023-03-31,-184000000.0,0.0,-208000000.0,-0.0002,0.0,0.0,1867000000.0,1629000000.0,980000000.0,103000000.0,238000000.0,0.0,-3010000000.0,240084000000.0,240046000000.0,0.0013923076923076923,9.514563106796116,0.07337975361542581,0.08410067526089625,-0.10260919922356751,0.0013923076923076923,-0.11295273173726213,0.0,-326.2010869565217,147.38121546961327,0.0,0.0,0.0,0.0,9.37864077669903,-0.09855382967327263,-1739.7391304347825,0.0,0.33333333333333326,0.0,0.0,0.0,-1.0,0.37376838279088287,0.333657961505933,0.0,0.0,0.0,Information Technology Services,,AUROW
2022Q4,2022,Q4,2023-02-21,2022-12-31,-293821000.0,2372000.0,-312152000.0,-0.0003,2372000.0,1.0,2001000000.0,1784000000.0,1118000000.0,83000000.0,217000000.0,0.0,-2814000000.0,148590000.0,22590000.0,1.5608048993875765,13.46987951807229,0.06796601699150424,0.07623318385650224,-0.1518233525620462,1.5608048993875765,-0.16469786995515695,62.6433389544688,-0.12642901630584608,0.08329035874439462,0.0,0.0,0.0,0.001185407296351824,13.265060240963855,-0.14683708145927035,-1.0367274604747219,1.0,-0.4999999999999998,0.0,0.0,0.0,-0.1812219537452537,-0.4824919018739215,-0.5599488266101628,0.0,0.0,0.0,Information Technology Services,,AUROW
2022Q3,2022,Q3,2022-11-03,2022-09-30,-198194000.0,2897000.0,-200104000.0,-0.0002,2897000.0,1.0,2254163000.0,2032353000.0,1251841000.0,75661000.0,221810000.0,0.0,-2520395000.0,541478123579.99994,541129653579.99994,0.001764071101681127,16.5453932673372,0.06129237326670698,0.06798179253308849,-0.08667511145642877,0.001764071101681127,-0.09751947619335814,186909.94945806003,-683.0152824757561,266.4291703163771,0.0,0.0,0.0,0.0012851776912317344,16.353603573835926,-0.08792354412702187,-3736.032425655815,1.0,0.8,0.0,0.0,0.0,-0.860271065451213,0.821728547862207,-1.2620246070364183,0.0,0.0,0.0,Information Technology Services,,AUROW
2022Q2,2022,Q2,2022-08-12,2022-06-30,-1111754000.0,20733000.0,763684000.0,-0.001,20733000.0,1.0,2401432000.0,2189954000.0,1398308000.0,66478000.0,211478000.0,0.0,-2322201000.0,452445204800.0,452033278800.0,0.0019361053906786813,21.034146634976985,0.05725125675013908,0.06277985747645841,0.29843272427657974,0.0019361053906786813,-0.5076608915073102,21822.46683065644,-101.74130356175917,206.60032347711416,0.0,0.0,0.0,0.008633598619490371,20.740154637624478,-0.462954603753094,-4843.441077354572,1.0,-9.0,0.0,0.0,0.0,-0.506333634934997,-13.47445578585564,6.335075169060526,0.0,0.0,0.0,Information Technology Services,,AUROW
2022Q1,2022,Q1,2022-05-12,2022-03-31,-76808000.0,41998000.0,-143144000.0,-0.0001,41998000.0,1.0,3533987000.0,3294503000.0,1518908000.0,49016000.0,239484000.0,0.0,-1168024000.0,1666698758800.0,1666339830800.0,0.002925462333403641,30.988003917088296,0.04113908738204187,0.04412956977122194,-0.03992659064376098,0.002925462333403641,-0.023313986965560512,39685.193552073906,-5424.886596448287,505.90294159695713,0.0,0.0,0.0,0.011884027869938401,30.515851966704748,-0.021734092400453087,-11793.291813254462,1.0,0.0,0.0,0.0,0.0,0.0,0.0,0.0,0.0,0.0,0.0,Information Technology Services,,AUROW
2021Q3,2021,Q3,2021-11-15,2021-09-30,-390525.0,0.0,-7194644.0,0.0,0.0,0.0,978936543.0,904985112.0,1380189.0,7597619.0,73951431.0,0.0,-72517332.0,0.0,-262793.0,0.0,0.18166072818339535,0.0,0.0,-0.007950013657241248,0.0,-0.0004315264359840651,0.0,0.0,0.0,0.0,0.0,,0.0,0.03458886264236204,-0.00039892779853045084,0.0,0.0,0.0,0.0,0.0,0.0,0.0,0.997852039469342,0.9603509131589679,0.0,0.0,0.0,Information Technology Services,,AUROW
2021Q2,2021,Q2,2021-06-30,2021-06-30,-181812000.0,0.0,-181458000.0,0.0,0.0,0.0,,,,,,,,0.0,,0.0,0.0,0.0,0.0,0.0,0.0,0.0,0.0,0.0,0.0,0.0,0.0,,0.0,0.0,0.0,0.0,0.0,0.0,0.0,0.0,0.0,0.0,0.036088623097354985,0.05386648869330358,0.0,0.0,0.0,Information Technology Services,,AUROW
2021Q1,2021,Q1,2021-03-31,2021-03-31,-188619000.0,0.0,-191789000.0,0.0,0.0,0.0,,,,,,,,0.0,,0.0,0.0,0.0,0.0,0.0,0.0,0.0,0.0,0.0,0.0,0.0,0.0,,0.0,0.0,0.0,0.0,0.0,0.0,0.0,0.0,0.0,0.0,0.0,0.0,0.0,0.0,0.0,Information Technology Services,,AUROW
2021Q4,2021,Q4,2022-03-11,2021-12-31,,,,,,,3690087000.0,3341702000.0,1677444000.0,90721000.0,348385000.0,0.0,-1091216000.0,0.0,-1463310000.0,0.0,18.490140099866625,0.039789034784274736,0.04393719128755347,,0.0,,0.0,0.0,0.0,0.0,0.0,,,17.74820603829323,,0.0,0.0,0.0,0.0,0.0,0.0,0.0,0.0,0.0,0.0,0.0,0.0,Information Technology Services,,AUROW
