Quarters,Year,Quarter,FillingDate,Date,NetIncome,Revenue,OperatingIncome,EPSDiluted,GrossProfit,GrossProfitRatio,TotalAssets,CommonStockEquity,CurrentAssets,CurrentLiability,TotalLiability,Inventory,RetainedEarnings,MarketCap,EnterpriseValue,bookValuePerShare,currentRatio,debtToAssets,debtToEquity,roic,shareholdersEquityPerShare,roe,priceToSalesRatio,peRatio,pbRatio,payoutRatio,inventoryTurnover,dividendYield,assetTurnover,quickRatio,returnOnAssets,priceToFreeCashFlowsRatio,grossProfitMargin,epsdilutedGrowth,fiveYNetIncomeGrowthPerShare,fiveYRevenueGrowthPerShare,fiveYShareholdersEquityGrowthPerShare,grossProfitGrowth,netIncomeGrowth,operatingIncomeGrowth,threeYNetIncomeGrowthPerShare,threeYRevenueGrowthPerShare,threeYShareholdersEquityGrowthPerShare,Industry,Sector,Symbol
2023Q1,2023,Q1,2023-03-31,2023-03-31,14465000.0,65412000.0,31243000.0,0.25,24012000.0,0.3670886076,916360000.0,103368000.0,121999000.0,89504000.0,759374000.0,12510000.0,-561588000.0,41167454.5,668300454.5,4.544757072604526,1.3630563997139793,0.751106552010127,6.658579057348502,0.038031514529757206,4.544757072604526,0.1399369243866574,0.629356303124809,0.711501114759765,0.39826111078863863,0.0,3.3093525179856114,0.0,0.07138242612073857,1.097872720772256,0.0157852808939718,-12.860810527960012,0.3670886075949367,-0.10714285714285723,1.191423597679404,-0.697410882583456,-0.8826825999731767,1.5593690044766575,1.2492613901415022,0.5174607800281704,1.1535493325845874,-0.5938625337944845,21.82555836471506,Marine Shipping,Industrials,NM
2022Q4,2022,Q4,2022-12-31,2022-12-31,6431000.0,52621000.0,20589000.0,0.28,9382000.0,0.1782938371,924311000.0,88881000.0,147570000.0,107863000.0,782220000.0,10468000.0,-576053000.0,39644288.25,657644288.25,3.923434039706842,1.3681243800005563,0.7535786115279381,7.8367817643815885,0.028031943912679793,3.923434039706842,0.07235517152147253,0.7533929087246537,1.541140112346447,0.44603782866979447,0.0,4.130588460068781,0.0,0.056929972703992485,1.1630865078850023,0.006957614915326119,-112.62581889204546,0.17829383706124932,1.0912052117263844,1.0676545119011307,-0.777755530122314,-0.9065125896451115,-0.6323091393635366,1.0917626243168814,1.242089668065893,1.032826075379267,-0.7486768677257485,0.1508670358348641,Marine Shipping,Industrials,NM
2022Q3,2022,Q3,2022-09-30,2022-09-30,-70083000.0,74437000.0,-85047000.0,-3.07,25516000.0,0.3427865175,912376000.0,90448000.0,156340000.0,90547000.0,763894000.0,8555000.0,-588988000.0,43044167.5,647854167.5,3.9924386968338976,1.7266171159729202,0.7627052881706665,7.693636122412878,-0.1061680309446645,3.9924386968338976,-0.7748430037148417,0.5782630613807649,-0.1535471066449781,0.4758996052980718,0.0,5.718410286382233,0.0,0.08158588125948074,1.5235181728825913,-0.07681372592001544,4.08156338896264,0.34278651745771593,-3.2408759124087587,-0.28334316154880096,-0.679660138108175,-0.9171937594309958,-0.676053119366224,-2.5587855871886123,-2.1836743215031316,0.020898292862900385,-0.7125761154415191,-0.6797353393985421,Marine Shipping,Industrials,NM
2022Q2,2022,Q2,2022-06-30,2022-06-30,44960000.0,159221000.0,71850000.0,1.37,78766000.0,0.4946960514,1728332000.0,51447000.0,153668000.0,367204000.0,1619448000.0,11789000.0,-627946000.0,48481325.5,1477996325.5,2.270906970148743,0.41848128016034686,0.8538492604430168,28.68456858514588,0.04120924547017049,2.270906970148743,0.8739090714716116,0.3044907738300852,0.2695803241770463,0.9423547631543142,0.0,6.824582237679192,0.0,0.09212408264152952,0.31306303852899203,0.0260135205504498,0.7263772848495745,0.49469605140025497,6.956521739130435,1.618155778421425,-0.31239200270918616,-0.9556278868302234,0.4202820152187241,9.767550702028082,0.46992635024549917,1.6656666806563807,-0.41651915714787435,-0.8562426349459672,Marine Shipping,Industrials,NM
2022Q1,2022,Q1,2022-03-31,2022-03-31,-5128000.0,127790000.0,48880000.0,-0.23,55458000.0,0.4339776195,1704326000.0,6443000.0,137223000.0,390275000.0,1642764000.0,10911000.0,-672906000.0,82152257.88,1560043257.88,0.28469199269194817,0.35160591890333737,0.8915066718456446,235.82461586217602,0.02832241195069166,0.28469199269194817,-0.7959025298773863,0.6428692220048516,-4.005082774960998,12.750622051839205,0.0,6.629273210521492,0.0,0.07497978673094231,0.2621561719300493,-0.003008814041445123,6.289408810289388,0.4339776195320448,-1.2254901960784315,0.946436138590784,-0.3179493632465449,-0.9948003230252612,-0.2701742380375849,-1.309418934411392,-0.24860111910471622,0.4779661011463854,-0.5081243573408591,-0.985347359686535,Marine Shipping,Industrials,NM
2021Q4,2021,Q4,2021-12-31,2021-12-31,16573000.0,156794000.0,65052000.0,1.02,75988000.0,0.4846358917,1808778000.0,11397000.0,229447000.0,497448000.0,1742134000.0,11663000.0,-667906000.0,58760054.46,1605639054.46,0.7157061099837517,0.46124821086827167,0.8848349548700836,140.4290602790208,0.03322313274363755,0.7157061099837517,1.4541546020882687,0.37475958557087646,0.8863822853436312,5.155747517767834,0.0,6.928406070479293,0.0,0.08668504371459626,0.24691425033370323,0.009162539570914728,0.7660624538485608,0.48463589167952853,-0.7158774373259053,1.0476368426565392,0.09839820472348598,-0.9882909576339508,-0.09309208955936411,-0.7228966024612092,-0.15438911203837305,1.063350543651167,-0.05521819790797932,-0.9652850335522035,Marine Shipping,Industrials,NM
2021Q3,2021,Q3,2021-09-30,2021-09-30,59808000.0,168449000.0,76929000.0,3.59,83788000.0,0.4974087112419783,1754077000.0,-23122000.0,143125000.0,430368000.0,1706745000.0,15912000.0,-699685000.0,75958119.17999999,1625996119.18,-1.4520098863774946,0.3325642241058815,0.9103180761163848,-69.05838595277226,0.04011744807807545,-1.4520098863774946,-2.5866274543724592,0.45092650701399234,0.31750818945626,-3.2851015993426174,0.0,5.320575666163902,0.0,0.09603284234386518,0.25145689270577737,0.034096564746017424,2.3985764550966273,0.4974087112419783,1.0514285714285714,2.4533209604692794,-0.004507298558420042,-1.0166314573111654,0.3610122963468317,1.3984600577478346,0.45097040683528544,25.69881183959199,-0.10692300869269619,-1.0383947952036598,Marine Shipping,Industrials,NM
2021Q2,2021,Q2,2021-06-30,2021-06-30,24936000.0,143624000.0,53019000.0,1.75,61563000.0,0.4286400601570768,1829093000.0,-116153000.0,206295000.0,799212000.0,1837211000.0,16093000.0,-759493000.0,119851409.04,1750941409.04,-8.848263850165244,0.2581230011561388,0.9317454060564444,-14.67244926949799,0.02849712855720582,-8.848263850165244,-0.21468235861320845,0.8344803726396703,1.2015901612127047,-1.0318408395822751,0.0,5.099173553719008,0.0,0.07852197783272911,0.17826308914280567,0.013632986403643773,-326.57059683923706,0.4286400601570768,139.78787576687117,1.7623076328531273,0.09695041822688258,-1.0981389054872985,0.6892956123260983,151.98159509202455,0.7897312989467999,1.8969323724165068,-0.010532790694434503,-1.233641342663898,Marine Shipping,Industrials,NM
2021Q1,2021,Q1,2021-03-31,2021-03-31,163000.0,116951000.0,29624000.0,0.012430047619283655,36443000.0,0.3116091354498893,1898795000.0,-141240000.0,150775000.0,1073698000.0,1931609000.0,13762000.0,-784429000.0,114873252.6,1869573252.6,-10.770674391089715,0.14042589256941895,0.9550335870907601,-12.839231096006797,0.04167670345320418,-10.770674391089715,-0.0011540640045312942,0.9822340347666971,176.18597024539878,-0.8133195454545454,0.0,5.8500217991570995,0.0,0.06159222032920879,0.1091666371735814,8.584391679986518e-05,-2.434632231947947,0.3116091354498893,1.0016996542754117,1.0176562623896441,-0.06817468074946866,-1.1164779083012557,0.7032622920171995,1.0017275184144985,1.795508162687553,1.003741323552904,-0.06165953878747475,-1.2780319158783975,Marine Shipping,Industrials,NM
2020Q4,2020,Q4,2020-12-31,2020-12-31,-94355000.0,102353000.0,10597000.0,-7.31328,21396000.0,0.20904125917169014,1971325000.0,-141558000.0,194857000.0,592782000.0,2005608000.0,14121000.0,-784592000.0,29029230.0,1793343230.0,-10.971889368061088,0.32871612160963054,0.9431194754796901,-13.133803811865102,0.005411166692822512,-10.971889368061088,0.6665465745489482,0.2836187507938214,-0.07691492236765407,-0.2050695121434324,0.0,5.733092557184335,0.0,0.05192091613508681,0.2590969361417857,-0.04786374646494109,-1.9089386466758729,0.20904125917169014,-7.310545454545454,-0.28050667929959017,-0.24721425619311327,-1.1176409403985343,-0.477292160359612,-8.379224652087474,-0.6816474900111155,-0.7429011353665045,-0.24096461773605954,-1.2614376878365994,Marine Shipping,Industrials,NM
2020Q3,2020,Q3,2020-09-30,2020-09-30,-10060000.0,126155000.0,33287000.0,-0.88,40933000.0,0.3244659347627918,2068521000.0,-47497000.0,203231000.0,270144000.0,2005249000.0,13360000.0,-690237000.0,22707308.8,1792597308.8,-3.681401470173339,0.7523061774461028,0.9054029424888604,-39.430806156178285,0.016531261515350375,-3.681401470173339,0.2118028507063604,0.17999531370139907,-0.5642969383697813,-0.4780788007663642,0.0,6.378892215568862,0.0,0.06098801994275137,0.5916548211324331,-0.00486337823014608,0.7931575954451779,0.3244659347627918,0.6890459363957597,0.6239043123499174,-0.20547429796318778,-1.0373304039381448,2.936622427389883,0.7147798474667574,20.310499359795134,0.6765286575711321,-0.04668965944125956,-1.0763550899383896,Marine Shipping,Industrials,NM
2020Q2,2020,Q2,2020-06-30,2020-06-30,-35271000.0,97127000.0,1562000.0,-2.83,10398000.0,0.10705571056451862,2115924000.0,-37757000.0,137923000.0,279996000.0,2041571000.0,14570000.0,-680177000.0,27222966.799999997,1875229966.8,-2.9264727311058545,0.4925891798454264,0.8989079948051064,-50.37532113250523,0.0007175361528763705,-2.9264727311058545,0.9341579044945308,0.28028217488442964,-0.1929557341725497,-0.7210044971793309,0.0,5.952573781743308,0.0,0.04590287741903774,0.3878483978342548,-0.016669313264559598,-1.4127123404255317,0.10705571056451862,0.33096926713947994,-0.16127107613907374,-0.337879689369738,-1.0285178960133843,5.3713235294117645,0.3379446269357109,1.2930581613508443,0.148475560284313,-0.2634736984899118,-1.0571814613807755,Marine Shipping,Industrials,NM
2020Q1,2020,Q1,2020-04-21,2020-03-31,-53275000.0,91083000.0,-5330000.0,-4.23,1632000.0,0.017917723395145087,2137900000.0,-2807000.0,145353000.0,223737000.0,2032931000.0,9177000.0,-644906000.0,29712580.59,1888150580.59,-0.21822978251112587,0.6496600919829979,0.8947546657935357,-681.47345920912,-0.0023928447232162173,-0.21822978251112587,18.979337370858566,0.326214338460525,-0.13943022332238386,-10.585172992518704,0.0,9.74730304020922,0.0,0.042603957154216755,0.5424538632412162,-0.024919313344871134,-0.3886537683453237,0.017917723395145087,0.5108712620099606,-0.6317109666733327,-0.370785020847074,-1.0020545275342396,-0.95301163192445,0.5210633248228991,-1.2293656941216973,0.020889279337039154,-0.1446545265556872,-1.0039857965958079,Marine Shipping,Industrials,NM
2019Q4,2019,Q4,2020-01-16,2019-12-31,-111236000.0,118881000.0,23238000.0,-8.64803,34732000.0,0.2921577039224098,2142855000.0,43850000.0,168001000.0,225273000.0,1983830000.0,10489000.0,-597916000.0,57624398.720000006,1856312398.72,3.409111493805796,0.7457662480634608,0.8757844091177425,42.79769669327252,0.010463195084647782,3.409111493805796,-2.536738882554162,0.4847233680739564,-0.1295093286346147,1.314125398403649,0.0,8.022595099628182,0.0,0.05547785547785548,0.658592019460832,-0.05191018524351858,11.189203634951458,0.2921577039224098,-1.7367183544303797,-17.168694622151634,-0.3501225583987621,-0.9690579466263323,-0.2821742275498605,-1.8420756789902655,-0.3899506458048934,0.6041645984770996,0.03102751413502802,-0.9442265053284741,Marine Shipping,Industrials,NM
2019Q3,2019,Q3,2019-11-18,2019-09-30,-39139000.0,141609000.0,38092000.0,-3.16,48385000.0,0.3416802604354243,2349796000.0,154424000.0,205342000.0,217786000.0,2081220000.0,11723000.0,-486680000.0,59584134.739999995,1912490134.74,12.466060692853489,0.9428613409493724,0.8280991200938295,12.600787442366471,0.015828083731179027,12.466060692853489,-0.25345153603066883,0.42076516845680706,-0.38059310879174224,0.385847632103818,0.0,7.952230657681481,0.0,0.06026438039727704,0.751269594923457,-0.016656339529048478,3.3462953352802423,0.3416802604354243,-1.1208053691275168,-0.9762383567516937,-0.22238264195529847,-0.8889028979700085,0.6000330687830688,-0.07433229941533309,0.92422711658921,-0.2225939589745095,0.07579807269363621,-0.8572125725887175,Marine Shipping,Industrials,NM
2019Q2,2019,Q2,2019-09-12,2019-06-30,-36431000.0,147189000.0,19796000.0,-1.49,30240000.0,0.20545013554001998,2938181000.0,193033000.0,265118000.0,393371000.0,2473149000.0,14432000.0,-447541000.0,52544925.0,2081265925.0,15.79680435360789,0.6739642729128482,0.7281260072133064,11.082902923334352,0.007413479361973533,15.79680435360789,-0.1887293882393166,0.3569894829097283,-0.3605783879113941,0.2722069542513456,0.0,8.10345066518847,0.0,0.050095280038908424,0.5244184243373304,-0.012399168056699026,-1.505973603508068,0.20545013554001998,-2.7579005147058826,0.1632473329830146,-0.1472094217756016,-0.8486181331875942,0.4120943264067243,-5.868589743589744,0.7381684081130916,-0.1964226251281781,0.20766194316036654,-0.8247926242128146,Marine Shipping,Industrials,NM
2019Q1,2019,Q1,2019-04-29,2019-03-31,-5304000.0,140280000.0,11389000.0,-0.39649798981350015,21415000.0,0.15265896777872826,2993180000.0,237425000.0,284828000.0,394697000.0,2484320000.0,29226000.0,-423678000.0,32260493.76,2061225493.76,19.42939883881058,0.7216371039050208,0.7154785211714632,9.019926292513425,0.004678224115980374,19.42939883881058,-0.02233968621670001,0.22997215397775878,-1.5205738009049776,0.1358765663262083,0.0,4.067097789639362,0.0,0.04686654327504527,0.49079167057261647,-0.0017720284112549196,3.721792081218274,0.15265896777872826,0.9735794649222472,-3.166771141996261,-0.03715802516283091,-0.8203913170292315,0.019567701390211387,0.9735794732830891,-0.22381244462618416,0.38345835910661635,0.19942764113371467,-0.7898835621502307,Marine Shipping,Industrials,NM
2018Q4,2018,Q4,2018-12-31,2018-12-31,-200753000.0,127353000.0,14673000.0,-15.00719,21004000.0,0.1649274065000432,2682496000.0,251933000.0,298710000.0,320466000.0,2160816000.0,27746000.0,-434739000.0,33482482.160000004,1711607482.16,20.61664415145021,0.9321113628278819,0.676984047692895,7.208293474852441,0.00710309838236507,20.61664415145021,-0.7968507500009924,0.2629108239303354,-0.041696116820172054,0.13290232784113237,0.0,3.832948893534203,0.0,0.04747556007539247,0.7492401690038881,-0.07483813582573842,-1.093555495460187,0.1649274065000432,-97.68973580973017,-1.3948267788737914,-0.1858726314573241,-0.8026523660114514,-0.4983520420348698,-109.54680616740089,-0.585121723640682,-1.8765033761558207,-0.011069197473056075,-0.778947697659191,Marine Shipping,Industrials,NM
2018Q3,2018,Q3,2018-11-29,2018-09-30,-1816000.0,141453000.0,35367000.0,-0.1520643446541721,41870000.0,0.29599937788523395,2488857000.0,451633000.0,276738000.0,232941000.0,1932657000.0,29309000.0,-233986000.0,82999075.35000001,1549405075.35,37.817883353082436,1.1880175666799748,0.6425965814829859,3.5412182015043188,0.04466146173662971,37.817883353082436,-0.004020963924248228,0.5867607993467796,-11.426084161618943,0.18377548883717534,0.0,3.3976935412330684,0.0,0.05683452283518097,0.8700743965210075,-0.0007296522058117441,-48.45246663747811,0.29599937788523395,0.9338850675416643,0.8812888039904756,-0.01335183938466598,-0.6629453996107975,0.4391778090949713,0.92819863988613,0.7031204854088414,0.9266532684215447,-0.03754552959637527,-0.6165164617077928,Marine Shipping,Industrials,NM
2018Q2,2018,Q2,2018-08-24,2018-06-30,-25292000.0,132051000.0,20766000.0,-2.3,29093000.0,0.2203163929088004,2573128000.0,452269000.0,251704000.0,247470000.0,2018727000.0,29454000.0,-232170000.0,101736564.447,1649902564.447,37.87113936806044,1.017109144542773,0.647701940983892,3.6850193137270075,0.009598365096304212,37.87113936806044,-0.05592247091885581,0.770433881204989,-1.0056200028368654,0.22494702145625725,0.0,3.4955523867725944,0.0,0.051319250344327993,0.7644967066715157,-0.00982928171470677,20.351383166033205,0.2203163929088004,0.3428571428571429,-0.35735580273470824,-0.10373330281498168,-0.6699736048708875,0.932191007504815,0.3809628704995472,1.5542435424354244,0.10037076933024411,-0.027469616157004027,-0.6309532622917621,Marine Shipping,Industrials,NM
2018Q1,2018,Q1,2018-04-13,2018-03-31,-40857000.0,116882000.0,8130000.0,-3.5,15057000.0,0.1288222309679848,2601000000.0,476395000.0,246903000.0,241483000.0,2023918000.0,30192000.0,-206876000.0,110419791.24,1661843791.24,38.738985619911595,1.0224446441364403,0.6426332179930796,3.508619947732449,0.0037449789708047594,38.738985619911595,-0.08576286484954712,0.9447116856316626,-0.6756479381746089,0.2317820112301766,0.0,3.372582140964494,0.0,0.04493733179546328,0.768294248456413,-0.015708189158016146,-41.26300121076233,0.1288222309679848,0.16588021086548269,-2.32921690805035,-0.2773516991547586,-0.668876459909083,-0.36902317395130535,0.2082130191275363,-0.4677926158680283,-0.30886752177367294,-0.15546276246300475,-0.6352912435287634,Marine Shipping,Industrials,NM
2017Q4,2017,Q4,2018-01-17,2017-12-31,-51601000.0,128530000.0,15276000.0,-4.19604,23863000.0,0.18566093519022797,2629981000.0,516098000.0,256076000.0,236194000.0,2012817000.0,30170000.0,-166021000.0,147570720.0,1702426720.0,41.967512254463486,1.0841765667205772,0.6397338992182833,3.260016508492573,0.0066115114091120294,41.967512254463486,-0.09998294897480711,1.148142223605384,-0.7149605627797911,0.2859354618696449,0.0,3.4692409678488563,0.0,0.04887107549446175,0.8648483873426082,-0.019620293834822382,109.88139985107968,0.18566093519022797,-0.6138615384615385,-1.2723518518226808,-0.17557253309525836,-0.6475031766127185,1.7077045274027005,-0.8212974728222504,6.267364414843007,-7.815479152095721,-0.26509202092862155,-0.6190910721174446,Marine Shipping,Industrials,NM
2017Q3,2017,Q3,2017-10-20,2017-09-30,-28332000.0,120555000.0,2102000.0,-2.6,8813000.0,0.07310356268922898,2660607000.0,566687000.0,232865000.0,228340000.0,1967472000.0,25525000.0,-114334000.0,196283834.1,1725300834.1,48.2142247903033,1.019816939651397,0.6176090643977108,2.899687128873611,0.0009488069562065885,48.2142247903033,-0.04999585308997736,1.6281683389324375,-1.7319976890088946,0.34637080804747594,0.0,4.377747306562194,0.0,0.04531108878537868,0.7421301567837435,-0.010648697834742222,-9.773631135786486,0.07310356268922898,0.23529411764705876,-6.269051787003663,-0.36682184171990917,-0.53780616976365,0.32208220822082206,0.2395727092168125,2.7670250896057347,-0.5077326211566219,-0.3022853901810492,-0.570316495098086,Marine Shipping,Industrials,NM
2017Q2,2017,Q2,2017-08-22,2017-06-30,-37258000.0,118618000.0,558000.0,-3.4,6666000.0,0.05619720447149674,2696440000.0,593938000.0,239572000.0,236396000.0,1976721000.0,24449000.0,-85999000.0,158990966.0,1675052966.0,51.17869778840139,1.013435083503951,0.6105346308465978,2.7717876276648403,0.0002485542107940331,51.17869778840139,-0.06273045334698235,1.3403612099344113,-1.0668243464490847,0.26768949957739696,0.0,4.579001186142582,0.0,0.04399059500674964,0.7749454305487402,-0.01381747785969649,21.39275645855759,0.05619720447149674,0.24444444444444446,-7.14790223006197,-0.3988606890393378,-0.5098091080741586,1.6034217434597628,0.23524702887990312,-0.9679880672365326,0.09893526870205972,-0.27635081715276155,-0.5095510054559446,Marine Shipping,Industrials,NM
2017Q1,2017,Q1,2017-04-27,2017-03-31,-48719000.0,95346000.0,17431000.0,-4.5,-11047000.0,-0.11586222809556772,2745544000.0,630571000.0,254022000.0,236836000.0,1990795000.0,28956000.0,-48975000.0,215365786.9,1742939786.9,54.75186133197278,1.072564981675083,0.6050931982878439,2.6346121213947358,0.007487812391482215,54.75186133197278,-0.0772617199332034,2.25878156293919,-1.1051426902235268,0.34154090007310833,0.0,3.6742989363171707,0.0,0.034727543976712814,0.8004568562211826,-0.017744752952420357,17.229262952,-0.11586222809556772,0.7766515721480455,-5.5254826115696964,-0.44889969461868323,-0.47585994774143653,-0.8178377488892545,0.7990463580529535,2.27568793911007,-22.117372000839147,-0.30562558022591024,-0.4938644378234512,Marine Shipping,Industrials,NM
2016Q4,2016,Q4,2017-01-24,2016-12-31,-242439000.0,99475000.0,-13664000.0,-20.147891987772596,-6077000.0,-0.06109072631314401,2752895000.0,678287000.0,273140000.0,251783000.0,1949342000.0,28489000.0,-256000.0,156465740.1,1689185740.1,61.12422242650422,1.0848230420639995,0.6061662359080169,2.4601857325881227,-0.005765040748530331,61.12422242650422,-0.3574283452284947,1.5729152058306106,-0.16134547257248213,0.2306777810867671,0.0,3.7050089508231245,0.0,0.03613468730191308,0.8745268743322623,-0.0880669259089068,-5.901472488967676,-0.06109072631314401,-5.715963995924199,-19.71021258045084,-0.4613991865591758,-0.4159893253689052,-0.7563583815028901,-7.815001999781842,-2.417133374818502,-2.184795001756942,-0.2997323565565934,-0.4149037745111454,Marine Shipping,Industrials,NM
2016Q3,2016,Q3,2016-11-30,2016-09-30,-27503000.0,113087000.0,9642000.0,-3.0,-3460000.0,-0.030595912881233034,3001661000.0,929132000.0,296170000.0,249464000.0,1945206000.0,29153000.0,200619000.0,128772616.5,1635555616.5,87.3050304138225,1.1872254112817882,0.5548054893607239,1.7923588898025253,0.0038985387793560723,87.3050304138225,-0.02960074564216925,1.1387039757001247,-1.1705324555503034,0.1385945339305933,0.0,3.997770383836998,0.0,0.037674807381646365,0.9323710034313568,-0.00916259364398578,-6.35819960005925,-0.030595912881233034,-0.03448275862068969,-2.6017125812133526,-0.3827465500415471,-0.15638055938508222,-1.4423986702467715,-0.04114930345245306,5.747375787263821,-1.017465909626331,-0.11485762830282488,-0.2218876486724466,Marine Shipping,Industrials,NM
2016Q2,2016,Q2,2016-08-25,2016-06-30,-26416000.0,105733000.0,1429000.0,-2.9,7821000.0,0.07396933786045984,3001695000.0,955784000.0,286966000.0,245040000.0,1919604000.0,27357000.0,228122000.0,85867322.39999999,1592789322.4,90.16061271755692,1.1710985961475677,0.5488402385985252,1.7236645518234246,0.0005311613351653172,90.16061271755692,-0.027638043742100726,0.8121146888861566,-0.8126450105996366,0.08983967339901065,0.0,3.5790474101692435,0.0,0.03522443152951916,0.9157933398628796,-0.00880036112929528,-5.217043708609271,0.07396933786045984,-3.1193052913596784,-1.4946948273135936,-0.39108068990409933,-0.13776151128084194,0.5025936599423632,-2.5386470194239785,0.15896188158961883,-0.5970669948607471,-0.19155278769057926,-0.214299266028889,Marine Shipping,Industrials,NM
2016Q1,2016,Q1,2016-04-25,2016-03-31,-7465000.0,101487000.0,1233000.0,-0.7040022030129219,5205000.0,0.05128735700138934,3014180000.0,980517000.0,294625000.0,235965000.0,1910018000.0,26685000.0,254536000.0,119821358.00000001,1608260358.0,92.46967556485214,1.2485961901129405,0.5451572235234791,1.675852636925214,0.0005779369909967924,92.46967556485214,-0.007613330518491775,1.180657207327047,-4.012771533824515,0.1222022239288049,-0.49310113864701943,3.6080944350758855,0.03072073344386566,0.03366985382425734,1.0043481024728245,-0.0024766271423737134,-2.3289799020370086,0.05128735700138934,0.8767339136487134,0.8137938913732422,-0.46897575944248004,-0.08640551895058729,1.3047067088162978,0.8767338177014531,-0.9638055539247343,0.29454618673312555,-0.27229908234843786,-0.20961052969971167,Marine Shipping,Industrials,NM
2015Q4,2015,Q4,2016-02-25,2015-12-31,-60560000.0,111746000.0,34066000.0,-5.71124,-17082000.0,-0.15286453206378753,2958813000.0,988960000.0,302959000.0,226856000.0,1848261000.0,24443000.0,262603000.0,185564050.0,1624109050.0,93.26591007255985,1.3354683147018374,0.5414188054466437,1.619840033975085,0.012570095420631764,93.26591007255985,-0.061236045947257726,1.6605878510192758,-0.766033892007926,0.1876355464326161,-0.06573645970937912,5.270547805097574,0.021453508909726856,0.03776717217343577,1.1107134040977535,-0.02046766727062508,22.02279254687871,-0.15286453206378753,-1.284496,-2.080519333059802,-0.44040194625281937,-0.11228274441436463,-3.6434540389972145,-1.745115815239563,213.25157232704402,-1.370698848693676,-0.16872812398601653,-0.21663364672265836,Marine Shipping,Industrials,NM
2015Q3,2015,Q3,2015-10-13,2015-09-30,-22061000.0,130955000.0,159000.0,-2.5,6462000.0,0.04934519491428353,3002091000.0,1049371000.0,315321000.0,201135000.0,1831619000.0,22838000.0,327144000.0,264958534.49999997,1697913534.5,98.61670600385963,1.5677082556491908,0.5350653927545834,1.530740796153124,6.268521625460807e-05,98.61670600385963,-0.02102307001051106,2.0232792524149517,-3.002567137709079,0.2524927165892711,-0.48615203299941073,5.4511340747876345,0.04047803185596197,0.04362126264660199,1.3159867750515823,-0.007348544730989167,27.61710803627267,0.04934519491428353,0.07407407407407414,-2.424058803984181,-0.2727813188116617,-0.030979494311037612,6.194533762057878,0.11090960383669851,-0.9839588377723971,-5.531791538261541,-0.24028224114468916,-0.054635156502965077,Marine Shipping,Industrials,NM
2015Q2,2015,Q2,2015-08-25,2015-06-30,-24813000.0,119839000.0,9912000.0,-2.7,-1244000.0,-0.010380593963567787,2985184000.0,1081621000.0,291526000.0,150840000.0,1786312000.0,26846000.0,359768000.0,392094770.40000004,1817192770.4,102.61881625952948,1.93268363829223,0.5378107346146838,1.4843128970314001,0.0033910641258572435,102.61881625952948,-0.02294056790687311,3.2718461469137763,-3.9504974247370335,0.36250661775242904,-0.4131302140007254,4.510280861208374,0.026144189552802052,0.0401445941020721,1.651723680721294,-0.00831205044647164,-80.52880887245841,-0.010380593963567787,0.06896551724137923,-1.5085472897296173,-0.3095478281399102,0.025761196770719343,0.661588683351469,0.06990778918959442,1.9451702107371032,-5.508068020849756,-0.3313074583488794,-0.017114322083573972,Marine Shipping,Industrials,NM
2015Q1,2015,Q1,2015-04-03,2015-03-31,-26678000.0,118280000.0,-10487000.0,-2.9,-3676000.0,-0.031078796077105175,3035985000.0,1116358000.0,335526000.0,161694000.0,1805781000.0,24581000.0,395006000.0,439316704.2,1844544704.2,106.2189622062634,2.07506772050911,0.5286603853444599,1.4377153207125313,-0.003801338974897309,106.2189622062634,-0.02389735192474099,3.7142095383834968,-4.11684444298673,0.3935267218938728,-0.3895719319289302,4.961392945771124,0.02365719286482802,0.03895934927214726,1.7782972775736885,-0.00878726344168367,-95.6283639965172,-0.031078796077105175,-5.092629271230677,-1.8144000586844313,-0.2678602853127872,0.09736680007402748,-1.2585455056970039,-4.355952619955832,-4.507357859531773,-3.7155229275656247,-0.2508424509278536,0.016835063635183264,Marine Shipping,Industrials,NM
2014Q4,2014,Q4,2014-12-31,2014-12-31,-4981000.0,148825000.0,2990000.0,-0.47598497641958387,14218000.0,0.09553502435746683,3159389000.0,1152963000.0,417131000.0,199237000.0,1892879000.0,32521000.0,432065000.0,430095717.6,1849481717.6,110.17728696399371,2.093642245165306,0.5276153078965585,1.44578967408321,0.0008514039456368625,110.17728696399371,-0.004320173327331406,2.8899426682345037,-21.586815779963864,0.37303514301846635,-2.1210600281068057,4.139079364103194,0.024564299451653036,0.04710562706903139,1.8345939760185106,-0.001576570659706671,-7.565447978891821,0.09553502435746683,0.7620075117902081,-1.382837163934198,-0.03971931751410037,0.19555404104832405,-0.1876821116380049,0.6998493522145225,-0.6923551805741331,-1.4076332759939636,-0.14551233471843714,0.052687611138674026,Marine Shipping,Industrials,NM
2014Q3,2014,Q3,2014-10-14,2014-09-30,-16595000.0,152592000.0,9719000.0,-2.0,17503000.0,0.11470457166823948,3141262000.0,1164713000.0,458641000.0,187782000.0,1863666000.0,43703000.0,447410000.0,622792920.0,1973953920.0,112.20869370191299,2.4424119457669,0.5224820470244125,1.4091480047015874,0.003428124435157262,112.20869370191299,-0.014248145251233565,4.081425762818497,-9.382237420909913,0.5347179262187337,-0.4708647182886412,3.091069262979658,0.012546706536098708,0.0485766548603714,2.088948887539807,-0.005282908588968383,-13.257400855737915,0.11470457166823948,0.4594594594594595,-1.7487531256725966,-0.08593894106260215,0.25380859724905236,-0.2124988751912175,0.5475736095965104,-0.23224583300418675,-1.9908947061545972,-0.14605806447207817,0.08426095225265846,Marine Shipping,Industrials,NM
2014Q2,2014,Q2,2014-07-02,2014-06-30,-36680000.0,145408000.0,12659000.0,-3.7,22226000.0,0.1528526628521127,3077037000.0,1074269000.0,413728000.0,204639000.0,1890996000.0,39774000.0,474188000.0,1041833152.8000001,2457304152.8,104.35070386061149,2.0217456105629914,0.5355496212752723,1.5339789196188292,0.004700833557754621,104.35070386061149,-0.03414414825337043,7.16489569212148,-7.100825741548528,0.9698065873631279,-0.18999454743729552,3.0970483230250916,0.00668917089197087,0.047255850352140714,1.714575423062075,-0.011920558641316305,-14.829098622181736,0.1528526628521127,-38.0,-2.606915970616207,-0.008376346479215379,0.21423371307704667,0.30656633942742934,-18.86653677545056,1.1168896321070234,-1.7073345652328182,-0.137691367569513,-0.0020565468491625136,Marine Shipping,Industrials,NM
2014Q1,2014,Q1,2014-04-29,2014-03-31,2053000.0,122191000.0,5980000.0,0.1,17011000.0,0.13921647257162967,2982844000.0,1108658000.0,369836000.0,164567000.0,1746985000.0,26977000.0,518750000.0,1009489464.0,2331250464.0,108.17627810328489,2.2473278360789224,0.5165291916037178,1.3897216274089936,0.001970866537395684,108.17627810328489,0.0018517883783817912,8.261569706443192,122.9285757428154,0.9105508317262854,3.595713589868485,3.898876820995663,0.007312607276503482,0.04096459620415952,1.8984790389324713,0.0006882693161291707,-58.37898820263706,0.13921647257162967,1.0144927536231882,-0.8328757323628517,-0.18940441758123006,0.3271355624594745,-0.2782162253903598,1.0293373726403636,-0.1340863017665798,1.0529838235021642,-0.33849461398435404,0.06877470967566202,Marine Shipping,Industrials,NM
2013Q4,2013,Q4,2013-12-31,2013-12-31,-69979000.0,130586000.0,6906000.0,-6.9,23568000.0,0.18047876495183252,2919613000.0,1065695000.0,339986000.0,149767000.0,1730278000.0,26588000.0,524079000.0,1138442425.2,2485619425.2,104.468666458127,2.270099554641543,0.525757352087417,1.4403820980674584,0.002658815970213761,104.468666458127,-0.0656651293287479,8.717951581333374,-4.067085930064733,1.0682628943553267,0.0,4.025048894238002,0.0,0.044727160757264746,1.9432585282472106,-0.023968587617605484,-6.549962459941661,0.18047876495183252,-4.307692307692308,-11.340530562447665,-0.29650651159033403,0.2971552878038499,1.1372993561258729,-4.363197424892704,2.653968253968254,-2.297846481827718,-0.32024917258913366,-0.005653428881463901,Marine Shipping,Industrials,NM
2013Q3,2013,Q3,2013-10-08,2013-09-30,-13048000.0,122284000.0,1890000.0,-1.3,11027000.0,0.09017532956069478,2981832000.0,1142892000.0,392298000.0,192844000.0,1718418000.0,0.0,0.0,725250818.4,2137128818.4,112.20105973754252,2.034276409947937,0.5453161009741662,1.4227424813543188,0.0006176871873975912,112.20105973754252,-0.01141665179212034,5.930872545876811,-13.895823467198037,0.6345751115590974,0.0,0.0,0.0,0.04100968800388486,1.110550496774595,-0.004375833380284335,11.622609269230768,0.09017532956069478,0.18750000000000003,-1.4360625484579315,-0.6623507401557718,0.418856967072542,0.19043506423404943,0.17838927019709086,-0.9324565792295046,-1.87986695744674,-0.2906135149187985,0.10250212211971142,Marine Shipping,Industrials,NM
2013Q2,2013,Q2,2013-08-22,2013-06-30,-15881000.0,125572000.0,27982000.0,-1.6,9263000.0,0.07376644474882936,2973691000.0,1167983000.0,468921000.0,181294000.0,1685186000.0,40049000.0,620306000.0,567951204.6,1740032204.6,114.75184993383496,2.586522444206648,0.4853153875100002,1.2356155868706993,0.010713554386288784,114.75184993383496,-0.013596944476075422,4.52291278788265,-8.940734283105597,0.48626667049092326,-0.4150872111328002,2.9041673949411972,0.01160663089823474,0.042227655798803575,2.0551590234646486,-0.005340501080979833,35.682050926682166,0.07376644474882936,-0.6000000000000001,-1.2088948544710627,-0.6310661663188829,0.43020837039147913,-0.21573109812886293,-0.5638601674052192,8.821691821691822,-1.3370553292636294,-0.25079698059370487,0.14704105163417178,Marine Shipping,Industrials,NM
2013Q1,2013,Q1,2013-04-24,2013-03-31,-10155000.0,133837000.0,2849000.0,-1.0,11811000.0,0.08824913887788878,2994341000.0,1190509000.0,517978000.0,172011000.0,1685004000.0,41094000.0,642779000.0,461987630.59999996,1594546630.6,116.9925448649014,3.0113074163861615,0.48205498304969274,1.2124536647769988,0.0007324030677232201,116.9925448649014,-0.008529964914166965,3.451867798889694,-11.373403018217626,0.38805891480030813,-0.651206302314131,2.969435927385993,0.014314236057384173,0.04469664610677274,2.57042863537797,-0.003391397305784478,64.03154963270963,0.08824913887788878,-1.0757575757575757,-1.7452474641245117,-0.5864231062991556,0.6043071408265172,1.164751011298647,-1.0650498683628957,1.1104648908533985,-1.3201779325237357,-0.1443704338474898,0.20867057937931505,Marine Shipping,Industrials,NM
2012Q4,2012,Q4,2013-02-20,2012-12-31,156111000.0,128457000.0,-25791000.0,13.2,-71690000.0,-0.5580855850595919,2941462000.0,1206376000.0,470567000.0,189376000.0,1618423000.0,31555000.0,659547000.0,341471585.6,1466927585.6,119.05784526277726,2.484829123014532,0.47028450478027595,1.1466773211668668,-0.009861462365217885,119.05784526277726,0.12940492848000956,2.6582559580248644,0.5468410067195778,0.2830556854579335,0.08148048503949114,6.342798288702266,0.03725053719374535,0.04367114040568942,2.103640376816492,0.05307258771318481,2.061478747192775,-0.5580855850595919,31.999999999999996,-0.16605394455033137,-0.5629181779293156,0.6464309574889073,-2.1415968661422338,32.71727861771058,-2.0249165474487363,11.391665467751825,-0.1439902671407009,0.2919186153942656,Marine Shipping,Industrials,NM
2012Q3,2012,Q3,2012-10-26,2012-09-30,4630000.0,163944000.0,25164000.0,0.4,62798000.0,0.3830454301468794,2864734000.0,1055736000.0,378738000.0,189534000.0,1692049000.0,0.0,510010000.0,364339944.0,1613847944.0,104.31602854942525,1.9982588875874514,0.4931588761818724,1.338183977812635,0.010771059401334635,104.31602854942525,0.00438556608849182,2.2223438735177865,19.672783153347734,0.34510516265429997,1.4198704103671707,0.0,0.01804358843509072,0.05722834999689325,1.6740057192904703,0.001616205902537548,18.437323212388037,0.3830454301468794,-0.19999999999999996,-0.8724869374312276,-0.22544753650843088,0.8669514774623017,-0.04594208623256662,-0.1239356669820246,-0.08417949557811988,-0.7857452235421021,0.007226397100527636,0.16561675491564126,Marine Shipping,Industrials,NM
2012Q2,2012,Q2,2012-07-05,2012-06-30,5285000.0,172079000.0,27477000.0,0.5,65822000.0,0.38251035861435734,2878470000.0,1056643000.0,402598000.0,209761000.0,1705214000.0,0.0,511954000.0,336002392.8,1606534392.8,104.40564814930092,1.919317699667717,0.5001361834585735,1.3624535439121823,0.008823541933486976,104.40564814930092,0.005001689312284281,1.9526054474979515,15.894152923368022,0.3179904592184873,1.2429517502365184,0.0,0.019550456010919218,0.05978141165271828,1.6286726321861547,0.0018360448432674303,-1135.143218918919,0.38251035861435734,-0.4444444444444445,-0.8006976421664111,0.1072319952426267,0.7665042894808384,0.02384544789932959,-0.4412728618247172,0.06080611535788742,-0.7644830296419552,0.19371272761309552,0.21487304951848413,Marine Shipping,Industrials,NM
2012Q1,2012,Q1,2012-05-18,2012-03-31,9459000.0,152014000.0,25902000.0,0.9,64289000.0,0.4229149946715434,2930899000.0,1057057000.0,370973000.0,248371000.0,1758117000.0,0.0,513238000.0,425007072.0,1748783072.0,104.46036530893302,1.4936244569615615,0.5063371341011751,1.4039195615752036,0.011182346153315674,104.46036530893302,0.008948429460284544,2.795841646164169,11.232875356803044,0.40206637106608256,0.6947880325615816,0.0,0.015463272102916915,0.051865997429457654,1.238981201509033,0.0032273374142200053,-47.47091164972635,0.4229149946715434,-0.15094339622641512,-0.5178105331222458,0.12484255470645508,1.259425240640164,-0.017648676731251145,-0.1994752877454299,-0.019569249403838147,-0.22014387569653568,0.021332834907471884,0.2815477487275767,Marine Shipping,Industrials,NM
2011Q4,2011,Q4,2012-01-26,2011-12-31,11816000.0,168420000.0,26419000.0,1.06,65444000.0,0.38857617860111626,2913824000.0,1059106000.0,370974000.0,252003000.0,1738132000.0,21735000.0,510348000.0,361256011.20000005,1674938011.2,104.66285135132999,1.4721015226009213,0.5095633778841825,1.4019163332093294,0.010187961930986677,104.66285135132999,0.01115657922814147,2.144970972568579,7.643365165876777,0.3410952361708838,0.5524712254570074,4.737796181274442,0.018070287545709354,0.05780033385681496,1.3122462827823478,0.004055152267261166,43.90035377324098,0.38857617860111626,-0.2933333333333333,2.5564443784866313,1.4158138340359874,1.9105945218405922,-0.09622714467215379,-0.27464702271332103,-0.2527295355546756,3.1005672642851976,-0.08534537079650427,0.2995664218746657,Marine Shipping,Industrials,NM
2011Q3,2011,Q3,2011-10-26,2011-09-30,16290000.0,173810000.0,35354000.0,1.5,72412000.0,0.4166158448880962,2924073000.0,1044856000.0,410425000.0,277411000.0,1762226000.0,0.0,505109000.0,320053819.5,1604421819.5,103.48864216569676,1.4794835100266392,0.5059056323149251,1.4157979664183389,0.01411505456360843,103.48864216569676,0.015590665125146431,1.8414004919164606,4.91181429558011,0.30631380735718605,0.4007366482504604,0.0,0.02039656958382276,0.05944106046600068,1.2424381152874255,0.00557099634653444,-4.21889509240463,0.4166158448880962,-0.6739130434782609,-0.40667793654182116,1.0796092805250426,1.2908231218856054,0.018481532532560692,-0.679646017699115,0.07819457151570601,-0.4507495687445857,-0.5158104556881251,0.30868265676946044,Marine Shipping,Industrials,NM
2011Q2,2011,Q2,2011-07-22,2011-06-30,50850000.0,165353000.0,32790000.0,4.6,71098000.0,0.42997707933935275,2990982000.0,1055586000.0,521161000.0,227011000.0,1802502000.0,0.0,495348000.0,519889925.0,1714046925.0,104.56574822064498,2.295752188219954,0.5137145592985849,1.4556000174310761,0.012236198717826871,104.56574822064498,0.048172294820128345,3.1441215157874365,2.555997664700098,0.4925130922539708,0.12827925270403145,0.0,0.012546886727993431,0.05528384991952476,2.0568210351040257,0.017001105322599734,-40.95556365211911,0.42997707933935275,2.2105263157894735,4.0946524860583615,0.5431570981721962,0.9057972364591478,-0.19790162454873647,2.3335955940204562,-0.22928663767775298,-0.32560629492798876,-0.5101756104283307,0.3032540080847866,Marine Shipping,Industrials,NM
2011Q1,2011,Q1,2011-04-06,2011-03-31,-38130000.0,181772000.0,42545000.0,-3.8,88640000.0,0.4876438615408314,2869951000.0,1020781000.0,317185000.0,205396000.0,1716254000.0,0.0,451021000.0,574859307.0,1910689307.0,101.21523004236583,1.5442608424701552,0.5282285307310125,1.4851275640906325,0.016166148575246137,101.21523004236583,-0.03735375168620889,3.16252947098563,-3.769074921321794,0.5631563547910864,-0.2008654602675059,0.0,0.01332325998159407,0.06333627298863291,1.3072163041149778,-0.01328594111885534,-82.28733280847409,0.4876438615408314,-1.718336483931947,-4.44050850520562,0.6618627895252089,1.135771329002104,-0.03387539782883551,-1.715290674770668,9.29397532059037,-3.8234179279688614,-0.43324567490627125,0.38795439063982085,Marine Shipping,Industrials,NM
2010Q4,2010,Q4,2010-12-31,2010-12-31,53307000.0,189927000.0,4133000.0,5.29,91748000.0,0.4830698110326599,3676767000.0,1059583000.0,349965000.0,201603000.0,2359224000.0,19425000.0,495684000.0,532501252.79999995,2433262252.8,105.06263056814352,1.7359116679811313,0.5733762841104699,1.9896232763266304,0.0012749904942904412,105.06263056814352,0.05030941417519911,2.8037153895970555,2.497332680511002,0.5025573766283529,0.12932635488772581,5.054259974259974,0.012946448414440238,0.05165597928832586,1.4113976478524626,0.014498335086232007,-12.02007297352204,0.4830698110326599,3.408333333333333,-0.5282938543670116,-0.6020635742336812,1.2926448269039634,0.23031123865205905,2.641188524590164,-0.8461738871520024,-0.7138942051574426,-0.3507235706569173,0.4528934826665517,Marine Shipping,Industrials,NM
2010Q3,2010,Q3,2010-10-07,2010-09-30,14640000.0,170177000.0,26868000.0,1.2,74573000.0,0.43820845355130245,3795991000.0,1023387000.0,429412000.0,360954000.0,2528151000.0,0.0,449304000.0,590283267.1,2754159267.1,101.76947280774445,1.1896585160435955,0.6051320985745224,2.244581961662597,0.007566750098348628,101.76947280774445,0.014305438705006024,3.468643042831875,10.079973823428963,0.5767937907165129,0.4549863387978142,0.0,0.011284412707012342,0.0448307174595514,0.6257196207827036,0.0038567003978671184,-15.553826436721035,0.43820845355130245,-0.7,1.153826196371873,2.3012098807616157,1.1720372748872705,0.03421351898593737,-0.6852222150551506,-0.3245003142677561,-0.5942143566331294,-0.19083313327689702,0.821375585909658,Marine Shipping,Industrials,NM
2010Q2,2010,Q2,2010-07-22,2010-06-30,46509000.0,165445000.0,39775000.0,4.0,72106000.0,0.43583063858079724,3251778000.0,1005120000.0,546471000.0,211008000.0,2039781000.0,0.0,441327000.0,469195740.6,2085609740.6,100.041624290909,2.589811760691538,0.565372543882147,1.8291010028653296,0.013946344423918252,100.041624290909,0.04627208691499522,2.835962045392729,2.5220696026575506,0.4668056954393506,0.13863983315057302,0.0,0.01374266525044409,0.05087831949167502,1.5591351986654534,0.014302636895876656,-1.7105079095303717,0.43583063858079724,0.4814814814814814,-0.24012640021878917,-0.003886754487586421,0.8823083858528492,0.24699086884338683,0.48586307146736524,1.2064126033172464,0.7667355700730433,0.07233753078303655,0.6926666475342839,Marine Shipping,Industrials,NM
2010Q1,2010,Q1,2010-04-08,2010-03-31,31301000.0,154369000.0,18027000.0,2.7,57824000.0,0.37458297974334226,2959962000.0,972063000.0,487442000.0,192105000.0,1854094000.0,0.0,401389000.0,666825585.6,2099529585.6,96.7944011055355,2.5373727909216313,0.5552855070436715,1.6908616005341217,0.007070629557152992,96.7944011055355,0.032200587821982735,4.319685854025096,5.325912795118367,0.685990090765722,0.22472125491198364,0.0,0.010548485468911496,0.052152358712713204,1.679555451445824,0.010574797919703022,-15.247652472960922,0.37458297974334226,1.4770642201834863,1037.9455377448653,1081.4450706184502,0.0,0.022456413339463167,1.5068877142399488,-0.6863123825433285,0.6078050815128441,0.15098836256404155,1.0936142848410355,Marine Shipping,Industrials,NM
2009Q4,2009,Q4,2010-01-11,2009-12-31,12486000.0,148730000.0,57468000.0,1.09,56554000.0,0.38024608350702616,2935182000.0,925480000.0,427680000.0,196080000.0,1874432000.0,13716000.0,376585000.0,607574517.0,2159695517.0,92.15584003830101,2.1811505507955937,0.5880568905096856,1.8650365215887972,0.020853749269253086,92.15584003830101,0.013491377447378657,4.0850838230350295,12.165115269101394,0.6564966471452652,0.515857760691975,6.720326625838437,0.010601168778117138,0.05067147454570108,1.317406160750714,0.0042539099790064126,-5.090908852486489,0.38024608350702616,-0.45499999999999996,-0.8890433953176404,-0.6870549402340924,1.0109967625050427,-0.011656559654672235,-0.4142977765268787,3.3496821071752954,2.6572542602314986,1.1496664053018926,1.5627840222956846,Marine Shipping,Industrials,NM
2009Q3,2009,Q3,2009-10-08,2009-09-30,21318000.0,160570000.0,13212000.0,2.0,57221000.0,0.35636171140312634,2801365000.0,893502000.0,468870000.0,232177000.0,1774659000.0,0.0,370934000.0,490209539.1,1775332539.1,89.49427683627873,2.0194506777157084,0.5440122940066717,1.7056223712985534,0.005569583416604629,89.49427683627873,0.023858928127749014,3.052933543625833,5.748774968336617,0.5486384351685838,0.2820621071395065,0.0,0.012266183173504875,0.05731848580959639,1.847336299461187,0.007609861621031176,-1.6253093037366135,0.35636171140312634,-0.04761904761904766,2.1589164628616144,2.1373197649293956,0.910051214912902,0.11303248395253841,-0.03699688304648326,-0.24007822385827676,-0.214801686206906,0.9428303577638888,0.9810440485316841,Marine Shipping,Industrials,NM
2009Q2,2009,Q2,2009-07-07,2009-06-30,22137000.0,142208000.0,17386000.0,2.1,51410000.0,0.3615127137713771,2454890000.0,858012000.0,452666000.0,235800000.0,1465941000.0,0.0,355754000.0,422319012.29999995,1555079012.3,85.93955408812647,1.9197031382527565,0.5475846168260085,1.5667146846431053,0.0082278892528686,85.93955408812647,0.0258003384568048,2.9697275279871733,4.769379458598726,0.4922064170431183,0.27253015313728146,0.0,0.014285409428156119,0.057928461153045556,1.2341178965224766,0.009017511986280445,-3.4841640799927394,0.3615127137713771,0.7500000000000001,-0.6360346553100269,-0.1383795236475155,0.6169743792458083,0.06661963941160605,0.8458267322604853,-0.1979887443491097,1.242571402073065,0.3419180575469945,0.566319444662533,Marine Shipping,Industrials,NM
2009Q1,2009,Q1,2009-04-14,2009-03-31,11993000.0,147168000.0,21678000.0,1.2,48199000.0,0.32751005653402915,2356306000.0,815569000.0,523027000.0,277920000.0,1411410000.0,0.0,339629000.0,230129237.0,1276536237.0,81.5110989135205,1.8819336499712147,0.5376313602732412,1.55330082433246,0.01097107381026088,81.5110989135205,0.01470507093820388,1.5637179074255272,4.797157446010173,0.28217016218125013,0.7584424247477696,0.0,0.03952561664296484,0.06245708324810105,1.1081786125503743,0.005089746408149027,-11.5986712867295,0.32751005653402915,3.1673560062853325,398.5421638939379,1034.7605801139077,0.0,0.2731186771969677,3.1562387630348794,3.935807150595883,0.0907529946117175,0.3562017977072751,0.7199888592070866,Marine Shipping,Industrials,NM
2008Q4,2008,Q4,2009-02-25,2008-12-31,-5562000.0,182068000.0,-7384000.0,-0.55367,37859000.0,0.20793879209965507,2253624000.0,805820000.0,505409000.0,271532000.0,1318845000.0,10344000.0,333669000.0,316177560.40000004,1323731560.4,80.5367464021966,1.8613238955261258,0.5063746214985286,1.416169864237671,-0.0049424566113630535,80.5367464021966,-0.006902285870293614,1.7365905068435972,-14.211504872348078,0.39236747710406794,-0.038834951456310676,13.94131863882444,0.0006831604359485089,0.08078898698274424,0.926579556000766,-0.0024680248346662975,-2.643116795265125,0.20793879209965507,-1.1909206896551723,-1.0496090632787882,-0.6154937904498997,0.7574484287723379,0.057809443978765016,-1.181314382579215,-1.2647733792312106,-1.0496090632787882,-0.6154937904498997,0.7574484287723379,Marine Shipping,Industrials,NM
2008Q3,2008,Q3,2008-10-06,2008-09-30,30676000.0,371285000.0,27888000.0,2.9,35790000.0,0.09639495266439528,2206276000.0,825791000.0,546212000.0,334323000.0,1256004000.0,0.0,348111000.0,533620743.6,1470411743.6,79.07848524650196,1.6337852914696267,0.4795179750856194,1.2811340884073572,0.014698568103725718,79.07848524650196,0.03714741381293814,1.4372267761961837,4.348845543747555,0.6461934600885696,0.3133720172121528,0.0,0.018014666999538284,0.1682858354983692,0.6469761278763352,0.013903972123161381,-1.70072361957031,0.09639495266439528,-0.5972222222222223,3.3458914528946995,5.935699118396411,0.6877499004195946,0.0,-0.6125104211403886,0.6549759658180523,3.3458914528946995,5.935699118396411,0.6877499004195946,Marine Shipping,Industrials,NM
2008Q2,2008,Q2,2008-07-02,2008-06-30,79166000.0,354432000.0,16851000.0,7.2,0.0,0.0,2190534000.0,850405000.0,702711000.0,408868000.0,1216554000.0,0.0,327046000.0,1027044359.7,1449022359.7,80.23435767085105,1.7186744866313823,0.32240449132494636,0.8304725395546828,0.03769619400920538,80.23435767085105,0.09309211493347287,2.897719053866468,3.2433252902129706,1.2077120427325803,0.1213778642346462,0.0,0.009355973682389718,0.16180164288707685,0.9520823346410089,0.036140046217041144,-302.9629379646018,0.0,4.538461538461538,0.226068717783925,1.022831692507635,0.5096296701280555,0.0,4.557848918843022,0.3872561126204001,0.226068717783925,1.022831692507635,0.5096296701280555,Marine Shipping,Industrials,NM
2008Q1,2008,Q1,2008-04-08,2008-03-31,14244000.0,338277000.0,12147000.0,1.3,0.0,0.0,2145574000.0,775707000.0,742403000.0,398871000.0,1247617000.0,0.0,257488000.0,987131510.4,1388549510.4,72.92403174408888,1.8612609089154137,0.3226763560706832,0.8925096718219637,0.008569246748746305,72.92403174408888,0.018362603405667345,2.9181159534937344,17.325391575400168,1.272557177387854,0.672704296545914,0.0,0.009706913313016657,0.157662704712119,0.9515206670828413,0.006638782908443148,-108.32124551739274,0.0,-0.9267605633802817,445.3583578519027,2238.419126802385,0.0,-1.0,-0.9275173522766594,-0.9860955784466012,445.3583578519027,2238.419126802385,0.0,Marine Shipping,Industrials,NM
2007Q4,2007,Q4,2007-12-31,2007-12-31,196516000.0,308530000.0,873607000.0,17.75,586349000.0,1.9004602469776035,1971004000.0,769204000.0,848245000.0,450491000.0,1201800000.0,0.0,252826000.0,1303056142.5,1489538142.5,72.31268625096865,1.88293439824547,0.3115412246753431,0.798291480543523,0.6300433392597521,72.31268625096865,0.2554796906932361,4.223434163614559,1.657697264472104,1.6940319375614272,0.03558997740641983,0.0,0.00536738193534896,0.15653443625685184,1.1821212854418846,0.09970350136275725,-3.7175050211258163,1.9004602469776035,4.220588235294118,0.6487123089994244,-0.3871078514756214,0.5779854850034728,8.488769136162087,4.38105147864184,9.502423404835131,0.6487123089994244,-0.3871078514756214,0.5779854850034728,Marine Shipping,Industrials,NM
2007Q3,2007,Q3,2007-10-29,2007-09-30,36520000.0,212887000.0,-102748000.0,3.4,61794000.0,0.290266667292977,1813806000.0,568757000.0,597364000.0,437747000.0,1245049000.0,0.0,63304000.0,1398606279.0,1755102279.0,55.87506146181116,1.3646329957715302,0.3338493752915141,1.0646690941825772,-0.08260081511247146,55.87506146181116,0.06421019873162001,6.569712002141982,9.574248897864184,2.4590576977514123,0.18841730558598027,0.0,0.004919897832090313,0.11737032516156634,0.7689144642910174,0.020134457599103765,31.301335638512153,0.290266667292977,0.4166666666666667,4.307792997557087,3.079764034494618,0.19252574355908034,0.6349781717158355,0.5753601932533863,-0.42196019817874836,4.307792997557087,3.079764034494618,0.19252574355908034,Marine Shipping,Industrials,NM
2007Q2,2007,Q2,2007-07-20,2007-06-30,23182000.0,135865000.0,-72258000.0,2.4,37795000.0,0.2781805468663747,1602366000.0,522916000.0,444957000.0,293716000.0,1079450000.0,0.0,33665000.0,1068783073.6,1434058073.6,59.10296893758741,1.5149225782728895,0.3800923134914246,1.1647128793152246,-0.06213492595171896,59.10296893758741,0.0443321680728836,7.866507736355942,11.526001570183764,2.0438905552708273,0.2884134242084376,0.0,0.006255712843093065,0.08479024143048466,1.027744487872639,0.014467356396728338,355.7866423435419,0.2781805468663747,17.46153846153846,-0.5698996427915951,-0.07108236267265856,0.11203726297485533,0.07238111451594598,0.5681526077250896,-0.6952421171171171,-0.5698996427915951,-0.07108236267265856,0.11203726297485533,Marine Shipping,Industrials,NM
2007Q1,2007,Q1,2007-04-13,2007-03-31,14783000.0,101842000.0,-42624000.0,0.13,35244000.0,0.3460654739694821,1381029000.0,352562000.0,240589000.0,222089000.0,1028467000.0,0.0,17169000.0,558966668.6999999,1090718668.6999998,46.23315851748926,1.0832999383130186,0.45802948381243264,1.7941581906161186,-0.04007218119774211,46.23315851748926,0.04193021369291075,5.488567277743956,9.452862556652912,1.5854421880406848,0.369478454982074,0.0,0.009771602325954575,0.07374356367607053,0.5878454133252885,0.010704337128329673,17.20003288510062,0.3460654739694821,1.1884604233111047,645.1887387290022,939.4483188753549,0.0,-0.6224329101719428,3.583988813144555,-1.3012254243756272,645.1887387290022,939.4483188753549,0.0,Marine Shipping,Industrials,NM
