Quarters,Year,Quarter,FillingDate,Date,NetIncome,Revenue,OperatingIncome,EPSDiluted,GrossProfit,GrossProfitRatio,TotalAssets,CommonStockEquity,CurrentAssets,CurrentLiability,TotalLiability,Inventory,RetainedEarnings,MarketCap,EnterpriseValue,bookValuePerShare,currentRatio,debtToAssets,debtToEquity,roic,shareholdersEquityPerShare,roe,priceToSalesRatio,peRatio,pbRatio,payoutRatio,inventoryTurnover,dividendYield,assetTurnover,quickRatio,returnOnAssets,priceToFreeCashFlowsRatio,grossProfitMargin,epsdilutedGrowth,fiveYNetIncomeGrowthPerShare,fiveYRevenueGrowthPerShare,fiveYShareholdersEquityGrowthPerShare,grossProfitGrowth,netIncomeGrowth,operatingIncomeGrowth,threeYNetIncomeGrowthPerShare,threeYRevenueGrowthPerShare,threeYShareholdersEquityGrowthPerShare,Industry,Sector,Symbol
2023Q1,2023,Q1,2023-03-31,2023-03-31,97600000.0,702900000.0,128000000.0,0.54,187700000.0,0.2670365628,3629139000.0,1899938000.0,1890149000.0,614254000.0,1729201000.0,1314769000.0,1604657000.0,5998785193.79,7152454193.79,10.511952034101709,3.0771456107733934,0.3382361491251782,0.6460768719821384,0.034899067504224175,10.511952034101709,0.05137009734001846,8.534336596656708,15.36574076278176,3.1573583947423542,0.0,0.3918559077678284,0.0,0.19368230315785645,0.769974635899807,0.026893431196765953,-23.685056021723593,0.2670365628112107,0.1489361702127661,0.7385662698436967,0.3130651478538067,0.1421360790914893,-0.2006813584584265,0.1632896305125149,-0.19506474069136392,2.0801849020207244,0.6825155158193117,0.27099125055937634,Apparel Manufacturing,Consumer Cyclical,GIL
2022Q4,2022,Q4,2022-12-31,2022-12-31,83900000.0,720022000.0,159019000.0,0.47,234825000.0,0.3261358681,3440214000.0,1882162000.0,1726952000.0,641673000.0,1558052000.0,1225940000.0,1590499000.0,4891191481.2,5764764481.2,10.543696561097944,2.6913272024847545,0.2976529948427627,0.5440498745591505,0.056043817494174857,10.543696561097944,0.04457639671824211,6.793113934296452,14.57446806078665,2.598709080939898,0.36358760429082243,0.395775486565411,0.0062367216898480396,0.2092957007907066,0.622126846540216,0.02438801772215333,44.911223061666725,0.32613586807069783,-0.44047619047619047,0.880000003137068,0.3562079492127455,0.12971169549355127,-0.06877927104441862,-0.4517629838730756,-0.08911305104939969,1.9375000049016688,0.24432981247002558,0.16788560835582025,Apparel Manufacturing,Consumer Cyclical,GIL
2022Q3,2022,Q3,2022-09-30,2022-09-30,153036000.0,850008000.0,174576000.0,0.84,252169000.0,0.2966666196,3439998000.0,1858311000.0,1729982000.0,670486000.0,1581687000.0,1112532000.0,1567241000.0,5144574600.0,6088227600.0,10.21162215628091,2.580191085272474,0.2944484270048994,0.5450659227653498,0.05453837667138046,10.21162215628091,0.08235220046590694,6.052383742270661,8.404190190543401,2.7684142213009553,0.20016858778326668,0.5373679139116897,0.005954428185374162,0.24709549249737936,0.7468090310610512,0.04448723516699719,-591.7385093167702,0.29666661960828605,-0.011764705882352951,0.6183284872881468,0.457308631337345,0.1030535030601031,-0.0483650017925543,-0.032892865944982655,0.0035410439181421016,0.6331337694332339,0.28624976611993286,0.05978091868149572,Apparel Manufacturing,Consumer Cyclical,GIL
2022Q2,2022,Q2,2022-06-30,2022-06-30,158241000.0,895581000.0,173960000.0,0.85,264985000.0,0.2958805513,3355254000.0,1863193000.0,1634536000.0,525043000.0,1492061000.0,971024000.0,1537447000.0,5338862680.0,6186814680.0,10.043842247690101,3.1131469232043854,0.2746790555945988,0.4946444088186248,0.05714191895167914,10.043842247690101,0.08493000993455858,5.961339822975253,8.434701941974584,2.8654372789077676,0.39579502151781143,0.6494134027583253,0.011731150200701547,0.26691898735535374,1.0178918679041526,0.047162152254344974,33.46640848999242,0.29588055128458507,0.10389610389610385,0.7844061878355506,0.5206817892055161,0.08019556327005024,0.10211576613859162,0.08115439011225514,0.07238407574991677,0.7538643494573372,0.23435292972369856,0.09419281178891767,Apparel Manufacturing,Consumer Cyclical,GIL
2022Q1,2022,Q1,2022-03-31,2022-03-31,146363000.0,774871000.0,162218000.0,0.77,240433000.0,0.3102877769,3349755000.0,1857337000.0,1653515000.0,497191000.0,1492418000.0,889512000.0,1517951000.0,7096613119.999999,7925902119.999999,9.809325883048842,3.32571386046811,0.2838607599660274,0.5119501738241364,0.05249624024904434,9.809325883048842,0.07880260825041444,9.15844459271285,12.121596851663329,3.8208537922843293,0.0,0.6008215740765723,0.0,0.23132169367610467,1.1711173372003918,0.04369364326644785,-83.04308740068103,0.31028777693319276,-0.1348314606741573,1.126177020690149,0.41296897995042625,0.0774158157267345,0.04875335869072129,-0.15833026636610387,-0.08385573740864988,6.026488517142675,0.35505935276631784,0.05789669125459139,Apparel Manufacturing,Consumer Cyclical,GIL
2021Q4,2021,Q4,2021-12-31,2021-12-31,173896000.0,784251000.0,177066000.0,0.89,229256000.0,0.2923247787,3136682000.0,1919405000.0,1447233000.0,463603000.0,1217277000.0,774358000.0,1604736000.0,8190501609.42,8720357609.42,9.933894385225774,3.121707581702448,0.22606754525960873,0.3694384457683501,0.0652399423060885,9.933894385225774,0.09059890955790988,10.443724788900493,11.775000013542577,4.267208645085326,0.17087224548005706,0.7167162991794493,0.003627860834045323,0.25002566406157845,1.0983815894202582,0.05543947394093504,70.8435103829986,0.29232477867417445,-0.06315789473684205,1.8124999967653077,0.602877626572115,0.08803339036642653,-0.1860714463229499,-0.07651457218115387,-0.12054912907215266,2.103448270208224,0.12218603521360097,0.053650038862207886,Apparel Manufacturing,Consumer Cyclical,GIL
2021Q3,2021,Q3,2021-09-30,2021-09-30,188304000.0,801581000.0,201337000.0,0.95,281666000.0,0.3513880693,3075740000.0,1889012000.0,1607836000.0,489443000.0,1186728000.0,725421000.0,1605400000.0,7236666304.259999,7523106304.259999,9.530331401269779,3.2850321692209308,0.21971037864058732,0.35773833093701896,0.07324620969380845,9.530331401269779,0.09968385589927432,9.027991312493683,9.607690628265996,3.8309265924515037,0.16168004928201207,0.7167079530369261,0.004207047654260081,0.260614031094956,1.5611174334907232,0.06122233998972605,37.313751626834964,0.35138806932799055,0.2837837837837837,0.9260168945952862,0.3117303259108683,0.05650729838529816,0.1698404721459632,0.28586061375834804,0.26111493892890697,0.7279787987441677,0.11468754957460482,0.017722120130851244,Apparel Manufacturing,Consumer Cyclical,GIL
2021Q2,2021,Q2,2021-06-30,2021-06-30,146442000.0,747153000.0,159650000.0,0.74,240773000.0,0.3222539426,2910855000.0,1803051000.0,1461586000.0,413107000.0,1107804000.0,720695000.0,1571716000.0,7327290880.0,7689865880.0,9.085028015156402,3.5380325194199083,0.23135126964414235,0.3734947042540671,0.05986847867182091,9.085028015156402,0.08121900046088547,9.806948349267152,12.508861665369224,4.063828965459102,0.2069283402302618,0.7026273250126613,0.004135634915588338,0.2566781924898355,1.5833452350117525,0.05030892985050784,42.66949418245769,0.32225394263290114,0.48,0.8346308098926355,0.2869923301733325,0.04872018517640451,0.27721548532204504,0.4861022315584376,0.40245616500931164,0.4464458748890936,0.052885320137979405,0.020029725244739414,Apparel Manufacturing,Consumer Cyclical,GIL
2021Q1,2021,Q1,2021-03-31,2021-03-31,98541000.0,589585000.0,113836000.0,0.5,188514000.0,0.3197401562,3109822000.0,1664567000.0,1657128000.0,349177000.0,1445255000.0,736409000.0,1455892000.0,6083495880.0,6625014880.0,8.389193520749126,4.745810863831237,0.3465005392591602,0.647348529677688,0.03862874565436584,8.389193520749126,0.05919917912586276,10.318267730691927,15.43392060157701,3.6547017212284034,0.0,0.5446307690427467,0.0,0.1895880214365967,2.3089092351443536,0.03168702260129358,804.6952222222222,0.31974015621157253,0.47058823529411753,0.9056461869579666,0.215221256218877,-0.028465140602564776,0.21225411074742617,0.46307459318208816,0.44403288004871116,0.5989444939323166,0.0032615019370041244,-0.08850415570347281,Apparel Manufacturing,Consumer Cyclical,GIL
2020Q4,2020,Q4,2020-12-31,2020-12-31,67352000.0,690155000.0,78832000.0,0.34,155507000.0,0.225321848,3020948000.0,1558897000.0,1544473000.0,359606000.0,1462051000.0,727992000.0,1359061000.0,5548616245.18,6125816245.18,7.869476467746508,4.294903310845759,0.35831930903809,0.6943781404416071,0.029672089730221077,7.869476467746508,0.043204907059286146,8.039666806992633,20.59558827198895,3.5593219084904266,0.0,0.7344146638974055,0.0,0.22845643155724626,1.9643053786644271,0.022294988195758418,19.942193631929843,0.22532184799066876,0.21428571428571425,0.06249999810696051,0.37583840353067066,-0.13807688811899482,0.14772936947841553,0.1951379646881377,0.14664727272727274,0.3599999975769095,0.17143900335362733,-0.1568194748864486,Apparel Manufacturing,Consumer Cyclical,GIL
2020Q3,2020,Q3,2020-09-30,2020-09-30,56355000.0,602314000.0,68750000.0,0.28,135491000.0,0.2249507732,2956137000.0,1475555000.0,1436940000.0,367290000.0,1480582000.0,938572000.0,1282021000.0,3899715190.0000005,4750068190.0,7.4426375865669305,3.9122764028424406,0.366447495498348,0.7341434239997832,0.025588321810413924,7.4426375865669305,0.0381924089579853,6.474555115770181,17.299774598527193,2.6428802653916663,0.0,0.49737580068444404,0.0,0.20375036745590613,1.2181137520760161,0.019063730808145902,28.48898849399131,0.22495077318475082,1.2222222222222223,-0.4404639687087151,0.09114799133590419,-0.15320321138091023,1.912489477051554,1.2256962522127084,1.291193873704452,-0.4529832084236096,-0.05213472683682224,-0.19605060427936907,Apparel Manufacturing,Consumer Cyclical,GIL
2020Q2,2020,Q2,2020-06-30,2020-06-30,-249694000.0,229704000.0,-236097000.0,-1.26,-148485000.0,-0.6464188695,3251590000.0,1410279000.0,1711109000.0,361314000.0,1841311000.0,1032701000.0,1225666000.0,3070133490.0,4057373490.0,7.115398005055474,4.735794904155388,0.4469158165697397,1.0304251853711217,-0.07925072240721451,7.115398005055474,-0.17705290938885143,13.36560743391495,-3.0738959386288816,2.176968876371271,-0.12236177080746834,0.36621345384578885,0.0099516845438535,0.07064359282689392,1.7346490863902313,-0.07679135438354774,17.380934396902138,-0.6464188695016195,-1.52,-4.064373456113939,-0.6075102517076113,-0.15041114357405738,-2.3936234114842416,-1.5146684123067626,-8.53894051154325,-3.6353295274907635,-0.6349484881649499,-0.23475287978272127,Apparel Manufacturing,Consumer Cyclical,GIL
2020Q1,2020,Q1,2020-03-31,2020-03-31,-99295000.0,459103000.0,31317000.0,-0.5,106546000.0,0.232074284,3694904000.0,1642754000.0,2103821000.0,389064000.0,2052150000.0,1188209000.0,1475754000.0,2534442240.0,3667679240.0,8.270672224907363,5.407390557851665,0.4434004239352362,0.9973020914878308,0.009211786130655784,8.270672224907363,-0.0604442296290254,5.520421866117189,-6.381092300720077,1.5428008332349212,0.0,0.2967129520143342,0.0,0.12425302524774663,2.1839234676043016,-0.02687349928441984,-10.78174077288274,0.232074283984204,-4.125,-3.153515898460636,-0.1230876567966538,0.03493334463741537,-0.09870997758321702,-4.054103100393701,-0.20551524684154449,-2.3750399666612423,-0.20194435367721564,-0.09158354324778592,Apparel Manufacturing,Consumer Cyclical,GIL
2019Q4,2019,Q4,2019-12-31,2019-12-31,32512000.0,658673000.0,39418000.0,0.16,118215000.0,0.1794744889,3211070000.0,1834494000.0,1514173000.0,422404000.0,1376576000.0,1052052000.0,1628042000.0,6000496000.0,6862870000.0,9.028021653543307,3.5846559218189222,0.2885331057871675,0.5050438976633339,0.030562425025835862,9.028021653543307,0.017722598166033793,9.109977181393498,46.140625,3.2709270240186124,0.8364603838582677,0.5137179531049796,0.004532125344304871,0.20512570576163086,0.9115846440848098,0.010124973918351203,24.884900261269856,0.17947448885865977,-0.6862745098039215,1.9463319508113224,1.0235689365926246,0.16965991219710136,-0.41683850153418117,-0.69001649457014,-0.6655296473543088,-0.5,0.28008417019907206,-0.011184473370763693,Apparel Manufacturing,Consumer Cyclical,GIL
2019Q3,2019,Q3,2019-09-30,2019-09-30,104883000.0,739658000.0,117852000.0,0.51,202714000.0,0.2740645001,3397997000.0,1962617000.0,1701787000.0,407556000.0,1435380000.0,1046496000.0,1755946000.0,7230782000.0,8164361000.0,9.635597297774984,4.175590593685285,0.2911627055585982,0.5041075258188429,0.037729786593105316,9.635597297774984,0.053440380879203636,9.775845052713551,17.23535272637129,3.6842552571388105,0.26254016380156936,0.5130874843286548,0.0038081634877112874,0.21767470659921123,1.4371669169390218,0.030866124955378126,85.97020497455652,0.27406450007976657,0.04081632653061228,0.024042320082108864,0.3302462042136706,0.1617193302721365,-0.09011993249308772,0.05213369981742672,0.03271146785373163,0.04393977959466248,0.1778714693466526,0.0681767968787087,Apparel Manufacturing,Consumer Cyclical,GIL
2019Q2,2019,Q2,2019-06-30,2019-06-30,99686000.0,801635000.0,114119000.0,0.49,222792000.0,0.2779219969,3337806000.0,1881374000.0,1644553000.0,379523000.0,1456432000.0,1008548000.0,1678849000.0,7960646400.000001,8949813400.0,9.179225214676034,4.333210371966916,0.31150761907672286,0.5526556654870324,0.036599245334325986,9.179225214676034,0.052985743398176015,9.930512515047374,19.964303914290877,4.23129393730327,0.2784342836506631,0.5739369866382166,0.003486651536237057,0.24016824225254554,1.481957615216996,0.029865726168626937,337.51574662935644,0.2779219969187972,3.4545454545454546,0.021314670005197125,0.37319641875256826,0.16546886663180224,0.38603956700261294,3.3860436466033086,0.7320937998026865,0.20928823777713834,0.3370748272446147,0.0595937349726763,Apparel Manufacturing,Consumer Cyclical,GIL
2019Q1,2019,Q1,2019-03-31,2019-03-31,22728000.0,623935000.0,65885000.0,0.11,160740000.0,0.2576229896,3239730000.0,1915648000.0,1561912000.0,317552000.0,1324082000.0,1008275000.0,1703695000.0,7561377000.0,8452900000.0,9.272479972893827,4.91860230765355,0.3001802619354082,0.5076626812441534,0.021348384725457147,9.272479972893827,0.011864392623279433,12.118853726750382,83.17248548046463,3.947164092776961,1.2257567757831749,0.45939351863330935,0.0036843818262202767,0.19258857991252357,1.5038418904620345,0.007015399431434101,-59.06033836348299,0.2576229895742345,-0.6206896551724138,-0.66210107641399,0.3384701186305305,0.24335805749527875,-0.17732921161995618,-0.6183503492745835,-0.15749159217912814,-0.5778684747755596,0.23512110043421203,0.07382640589348406,Apparel Manufacturing,Consumer Cyclical,GIL
2018Q4,2018,Q4,2018-12-31,2018-12-31,59552000.0,742748000.0,78201000.0,0.29,195388000.0,0.2630609574,3004596000.0,1936072000.0,1382911000.0,346985000.0,1068524000.0,940029000.0,1740342000.0,6234478340.64,6856821340.64,9.428077652759322,3.985506578094154,0.22265888658575064,0.3455450003925474,0.025719003329313088,9.428077652759322,0.030759186641819106,8.39380023997372,26.172413775523914,3.2201686407530294,0.38819854916711444,0.5822799083858051,0.003708088910872184,0.24720395021493738,1.0533740651613182,0.01982030196405773,25.15302200676183,0.26306095741758984,-0.47272727272727283,0.692766918069525,0.949789800598772,0.31634983552301604,-0.10717321172352656,-0.479053492542536,-0.38732195741080244,-0.09374999939128839,0.42835285440619253,0.03263261067341466,Apparel Manufacturing,Consumer Cyclical,GIL
2018Q3,2018,Q3,2018-09-30,2018-09-30,114315000.0,754356000.0,127638000.0,0.55,218842000.0,0.2901044069,3175008000.0,1947097000.0,1526421000.0,309086000.0,1227911000.0,973906000.0,1731907000.0,6358377080.0,7177399080.0,9.364374825659128,4.938499317342099,0.2743300174361765,0.44733261876526953,0.04368275102615982,9.364374825659128,0.05871048026883098,8.428881164861153,13.905386607181908,3.2655677041256803,0.20433888815990903,0.5498621016812711,0.0036737361918145316,0.2375918422882714,1.4752334301780088,0.03600463368911196,53.818418722755936,0.29010440693783834,0.07843137254901968,0.3810570760250505,0.40858021746509354,0.3240309055847654,0.013434225089260492,0.04849213046189969,0.05473746839208687,0.08222747667958938,0.3030370965691847,0.0654452050850626,Apparel Manufacturing,Consumer Cyclical,GIL
2018Q2,2018,Q2,2018-06-30,2018-06-30,109028000.0,764193000.0,121014000.0,0.51,215941000.0,0.2825739048,3141752000.0,1903574000.0,1486684000.0,293822000.0,1238178000.0,969710000.0,1689695000.0,6018509798.4,6877084798.4,8.906630650373055,5.059811722743702,0.28646436765218897,0.47279485851351194,0.04164436960208825,8.906630650373055,0.05727541981556798,7.875641099041734,13.800376505117951,3.161689431774126,0.21119345489232125,0.5653772777428303,0.0038258640047610097,0.24323784945469917,1.461408607932694,0.03470293008486984,68.9113411085794,0.2825739047596615,0.6451612903225807,0.06972926870450562,0.41372154361041125,0.330405232654429,0.22845911413000194,0.6062110520190339,0.5854885622199513,0.24085533006188722,0.21091130784926118,0.06346463591809977,Apparel Manufacturing,Consumer Cyclical,GIL
2018Q1,2018,Q1,2018-03-31,2018-03-31,67879000.0,647268000.0,76326000.0,0.31,175782000.0,0.271575298,3117883000.0,2011400000.0,1461805000.0,288961000.0,1106483000.0,988614000.0,1807761000.0,6226233090.0,6949767090.0,9.20376496858713,5.05883146860649,0.24856609436595278,0.3853037685194392,0.026154338783538383,9.20376496858713,0.03374714129462066,9.619250588627894,22.931367175415073,3.0954723525902357,0.3692305425831259,0.476916167482961,0.004025387363067707,0.20759855324911167,1.4013032900633648,0.02177086183156969,-155.57803823088454,0.2715752980218395,0.24,0.04305647076839559,0.37448423614988485,0.47380849772179845,-0.006718614914307994,0.2353091048062749,0.2307072140346351,0.33799637099131524,0.12364464616600174,0.15169396188992898,Apparel Manufacturing,Consumer Cyclical,GIL
2017Q4,2017,Q4,2017-12-31,2017-12-31,54949000.0,653695000.0,62018000.0,0.25,176971000.0,0.2707241145,2980705000.0,2051375000.0,1307881000.0,258476000.0,929330000.0,945738000.0,1853457000.0,7097212840.0,7674417840.0,9.333086134415549,5.0599707516365156,0.21135939316369784,0.30711108402900494,0.022642529999905403,9.333086134415549,0.026786423740174273,10.857070713406099,32.29,3.4597344902809093,0.37229066952992773,0.5040761817755023,0.002882399113734343,0.21930885478435472,1.1608466550085887,0.01843490046817783,42.87724342089365,0.270724114457048,-0.5192307692307693,0.7209107912038086,0.7169190200398738,0.5640101417556299,-0.20367987184794542,-0.5269012544447984,-0.5034706932579682,2.478643673142691,0.856637956481612,0.20918370906033054,Apparel Manufacturing,Consumer Cyclical,GIL
2017Q3,2017,Q3,2017-09-30,2017-09-30,116147000.0,716395000.0,124903000.0,0.52,222236000.0,0.3102143371,3090387000.0,2069202000.0,1411492000.0,275143000.0,1021185000.0,939428000.0,1876201000.0,6991517920.0,7649345920.0,9.25759460257523,5.130030565923901,0.2281267685891767,0.3407110567262162,0.043985017058935524,9.25759460257523,0.05613130085897849,9.75930585780191,15.048856018666003,3.378847459068762,0.1854374198214332,0.5260211532975385,0.003080589972942528,0.23181400905452942,1.4784966362945813,0.037583318852946246,46.66238133376048,0.310214337062654,0.08333333333333341,0.4182243705302789,0.3864054553484343,0.5768288076394367,0.042060150234917895,0.07825061735271728,0.03138676487588975,0.033410773765285985,0.1741019247800536,0.1161452963707899,Apparel Manufacturing,Consumer Cyclical,GIL
2017Q2,2017,Q2,2017-06-30,2017-06-30,107718000.0,715368000.0,121102000.0,0.48,213266000.0,0.2981206875,3090366000.0,2095166000.0,1395402000.0,251273000.0,995200000.0,922657000.0,1898398000.0,6924421630.0,7582602630.0,9.298170247325046,5.55333044139243,0.22812831878165887,0.3364888510027368,0.04102942720157009,9.298170247325046,0.05141263269831603,9.67952386743606,16.070716198778292,3.3049513165066635,0.197525019031174,0.5441913950688068,0.0030727476079471495,0.23148326120595425,1.6372152996939584,0.034856065592230825,42.72593653203016,0.2981206875342481,0.3333333333333333,0.477459415902694,0.2855445397824399,0.6812095051819733,0.12991003782861624,0.2897270114942529,0.3024661482700395,0.0038338812715324904,0.114637549160686,0.18057109248974137,Apparel Manufacturing,Consumer Cyclical,GIL
2017Q1,2017,Q1,2017-03-31,2017-03-31,83520000.0,665358000.0,92979000.0,0.36,188746000.0,0.2836758557,3152342000.0,2091539000.0,1436303000.0,252901000.0,1060803000.0,948166000.0,1878518000.0,6211791040.0,6924742040.0,9.104494049432802,5.679309294941499,0.24458006142734512,0.36862807721969326,0.03073863832665321,9.104494049432802,0.0399323177813084,9.33601315382095,18.59372318007663,2.969961851058001,0.258022030651341,0.5026672544680995,0.0034692087775058194,0.21106783464484502,1.6447700879000082,0.026494587198977775,150.98417772592484,0.2836758557047484,0.12499999999999993,0.2209156115005292,0.3441068208854031,0.4579121417494705,0.20326146549196109,0.12422769918294276,0.33125724839998283,0.1166722636110983,0.2836137794845127,0.22083262178750382,Apparel Manufacturing,Consumer Cyclical,GIL
2016Q4,2016,Q4,2016-12-31,2016-12-31,74291000.0,587887000.0,69843000.0,0.32,156862000.0,0.2668233861,2990144000.0,2119647000.0,1340525000.0,235928000.0,870497000.0,954876000.0,1903525000.0,5889883343.75,6451686343.75,9.130137432528839,5.681924146349734,0.20065923246505854,0.28306600108414276,0.029812644988672518,9.130137432528839,0.035048760477570086,10.01873377664415,19.8203125,2.7787095416123537,0.2475535394596923,0.45139368881404496,0.0031224727089909947,0.19660825699364312,1.3390949781289208,0.02484529173176944,41.54622263114829,0.26682338612692574,-0.3469387755102041,2.687169155956929,1.0243912259763839,0.7626227665044124,-0.27859307667897665,-0.35059179356282455,-0.4570915535655986,0.867880735925544,0.3650617174769157,0.2747513703490148,Apparel Manufacturing,Consumer Cyclical,GIL
2016Q3,2016,Q3,2016-09-30,2016-09-30,114398000.0,715026000.0,128646000.0,0.49,217439000.0,0.3040994313,3120198000.0,2092094000.0,1476251000.0,302349000.0,1028104000.0,938261000.0,1894733000.0,6482275800.0,7112833800.0,9.02060157637847,4.882605862761246,0.22146030476271056,0.33029108634698057,0.043102148285116146,9.02060157637847,0.05468109941522704,9.065790334896914,14.166060158394378,3.0984629753729993,0.15779996153778914,0.5303289809551927,0.002784824428482355,0.22916045712483632,1.5369986340288873,0.03666369890628736,35.0698488955253,0.3040994313493495,0.22499999999999992,1.4706115430462448,0.5557067046952572,0.6521113381611,0.15027614372169792,0.20781291242147495,0.25226075868043724,0.23905317441587734,0.1969890456676983,0.2754247343202731,Apparel Manufacturing,Consumer Cyclical,GIL
2016Q2,2016,Q2,2016-06-30,2016-06-30,94715000.0,688867000.0,102731000.0,0.4,189032000.0,0.2744100095,3106634000.0,2040094000.0,1500223000.0,287609000.0,1066540000.0,920877000.0,1849883000.0,6907097680.0,7590526680.0,8.6629666745932,5.216189340389209,0.23755614597664224,0.3617480371002513,0.03512119608130333,8.6629666745932,0.04642678229532561,10.026750708046691,18.231266642031354,3.3856761894304865,0.20262893944992874,0.5427815006781579,0.0027785910796616965,0.22174063632857943,1.776651634684589,0.030487981525986002,53.28687234321599,0.27441000947933347,0.5384615384615385,0.040081152573638555,0.34337507094318015,0.7837967130161254,0.2088763829379037,0.4978492583104026,0.4612397587619481,-0.1566120662411045,0.15656218388631457,0.2940085478572074,Apparel Manufacturing,Consumer Cyclical,GIL
2016Q1,2016,Q1,2016-03-31,2016-03-31,63234000.0,593290000.0,70304000.0,0.26,156370000.0,0.2635641929,2974683000.0,2095168000.0,1396315000.0,255162000.0,879515000.0,861857000.0,1930477000.0,7402854870.0,7933414870.0,8.634989717149487,5.4722685979887284,0.19632680188107438,0.27874137062039894,0.025358622119734074,8.634989717149487,0.030180873323762104,12.477632978813059,29.26769961571307,3.533298938319027,0.2964702533447196,0.506951849320711,0.0025324013950309954,0.1994464620263739,1.9115895000039191,0.021257391123692845,-126.39328786067954,0.263564192890492,0.0,0.031235473828624693,0.550641924003895,0.9159101707413811,0.0,0.0,0.0,-0.12481686673540551,0.13474571983630573,0.38272992262522765,Apparel Manufacturing,Consumer Cyclical,GIL
2015Q3,2015,Q3,2015-09-30,2015-09-30,123070000.0,674508000.0,129267000.0,0.5,211955000.0,0.3142364509,2911377000.0,2129237000.0,1339220000.0,295060000.0,782140000.0,826781000.0,1981231000.0,7306471120.0,7721374120.0,8.789166050929385,4.538805666644072,0.15868779618716505,0.2169791338399624,0.04935484698283301,8.789166050929385,0.05780004762269301,10.832297200329721,14.842104330868612,3.4314973485807356,0.1282765905582189,0.5594625420758339,0.002160687388031447,0.23168006067232103,1.5996102487629635,0.042272093239728144,49.29144653578898,0.31423645086492674,0.2195121951219513,0.09174415325159664,-0.07853981133185256,-0.037034055270925334,0.11201175205267438,0.2377552046665996,0.21684818932326722,0.3864925608321634,0.20435137679158027,0.49704224684636444,Apparel Manufacturing,Consumer Cyclical,GIL
2015Q2,2015,Q2,2015-06-30,2015-06-30,99430000.0,714153000.0,106231000.0,0.41,190605000.0,0.2668965894,2933493000.0,2025570000.0,1370103000.0,279237000.0,907923000.0,818648000.0,1873952000.0,8039293440.000001,8587707440.000001,8.375107501984653,4.906595472663007,0.2021480876211397,0.29275710047048487,0.039753896345567426,8.375107501984653,0.049087417368938124,11.25710238562325,20.21345026651916,3.968904278795598,0.1588554762144222,0.6395276113787611,0.001964724900003152,0.24344799868279898,1.7988518713494273,0.03389474595644169,448.4210977242303,0.266896589386308,0.7826086956521737,0.5413648419480401,0.8115198755350014,0.9164053894153543,0.36216482762563607,0.7746167163433222,0.7309077281540742,0.2705998404434863,0.1956744853097967,0.5143098012545166,Apparel Manufacturing,Consumer Cyclical,GIL
2015Q1,2015,Q1,2015-03-31,2015-03-31,56029000.0,636191000.0,61373000.0,0.23,139928000.0,0.2199465255,2865539000.0,1928829000.0,1330950000.0,284493000.0,936710000.0,873508000.0,1790333000.0,7124947200.0,7682666200.0,7.991502320185615,4.678322489481288,0.2156662324260811,0.32040165302367396,0.02310916658528521,7.991502320185615,0.029048194526316226,11.199383832842653,31.79133662924557,3.6939237226317108,0.5733637937496654,0.5681264510456687,0.004508805342445204,0.22201442730320545,1.4514241123683185,0.019552691483172974,-65.53664284334556,0.2199465254931302,2.3529411764705883,0.15258668512320603,0.9529406582980279,0.9487860865599417,2.265607132021751,2.358970627470955,2.6719243761577856,-0.22043400611348452,0.22323747177524067,0.2796876136289538,Apparel Manufacturing,Consumer Cyclical,GIL
2014Q4,2014,Q4,2014-12-31,2014-12-31,-41229000.0,390620000.0,-36708000.0,-0.17,42849000.0,0.1096948441,2648262000.0,1882172000.0,1240872000.0,332390000.0,766090000.0,887374000.0,1750384000.0,6894915300.0,7208817300.0,7.7185013860866425,3.7331809019525255,0.15066485113633016,0.2119891274548766,-0.015396033267110065,7.7185013860866425,-0.021905011869265932,17.651209103476525,-41.808649858109575,3.6632758855194956,0.0,0.3919102881085089,0.0,0.14750051165632402,0.9267727669304131,-0.015568323677944251,-53.84969775070291,0.1096948440940044,-1.34,-2.46220458967102,0.758408658841234,0.9828508376387927,-0.7769059755189596,-1.3360776673704118,-1.307535061409829,0.10857434618451656,0.2806043400852759,0.4900987380475783,Apparel Manufacturing,Consumer Cyclical,GIL
2014Q3,2014,Q3,2014-09-30,2014-09-30,122677000.0,666001000.0,119362000.0,0.5,192067000.0,0.2883884559,2593044000.0,2023533000.0,1247404000.0,374671000.0,569511000.0,779407000.0,1885892000.0,6674964480.0,6766801480.0,8.294255804039874,3.3293316002572926,0.06054660082898709,0.07758707172059956,0.05704241072477348,8.294255804039874,0.06062515412399996,10.02245414045925,13.602721944618795,3.298668457593723,0.10878159720240958,0.608069981408943,0.0019992615750968014,0.2568413802465365,1.1232975063455672,0.04731003407578121,59.48529996791787,0.2883884558731894,0.06382978723404262,0.44380543323449995,0.10110439093104735,0.10828673216143517,-0.010932591791544363,0.05756946180570522,-0.020064693036467827,1.518616290687015,0.377506311483907,0.5190820633676839,Apparel Manufacturing,Consumer Cyclical,GIL
2014Q2,2014,Q2,2014-06-30,2014-06-30,115999000.0,693783000.0,121806000.0,0.47,194190000.0,0.2799001993,2390205000.0,1918466000.0,1180611000.0,301053000.0,471739000.0,723426000.0,1780211000.0,7171112960.0,7261020960.0,7.875993497109826,3.921605165867804,0.056480511085869205,0.07036872167658953,0.05683089815553262,7.875993497109826,0.060464454413057096,10.336247731639432,15.4551180613626,3.737941125878697,0.11490616298416366,0.6905930945252176,0.0018587072989016196,0.2902608772050933,1.377215971938496,0.04853098374407216,809.3806952595937,0.27990019934186916,0.4687499999999999,1.774536320077017,1.2377229816863962,1.1956910190761956,0.2673353912822153,0.46487428492050464,0.4517651545851112,0.2315087025378672,0.3080379225994215,0.6217505895623933,Apparel Manufacturing,Consumer Cyclical,GIL
2014Q1,2014,Q1,2014-03-31,2014-03-31,79187000.0,548795000.0,83902000.0,0.32,153227000.0,0.279206261,2270100000.0,1813840000.0,1113926000.0,275528000.0,456260000.0,723418000.0,1677595000.0,6126711800.0,6216120800.0,7.457610393882082,4.04287767486426,0.06519536584291441,0.08159484849821373,0.04039252371959354,7.457610393882082,0.0436571031623517,11.163935167047805,19.342542967911402,3.3777575750893134,0.33472665967898774,0.5468041989555139,0.004326301100045215,0.24174926214704198,1.2980350454400278,0.034882604290559886,-76.32344374820923,0.27920626098998713,0.8823529411764705,10.095910992417073,1.2267956523621606,1.1845249570078706,0.2854721935586708,0.8994698841420998,0.8917724515794457,0.28830538674982964,0.43091021076712754,0.6546761572499005,Apparel Manufacturing,Consumer Cyclical,GIL
2013Q4,2013,Q4,2013-12-31,2013-12-31,41689000.0,451415000.0,44351000.0,0.17,119199000.0,0.2640563561,2124148000.0,1742900000.0,1027729000.0,287115000.0,381248000.0,688323000.0,1611871000.0,6486334320.0,6471212320.0,7.162288776382405,3.5795029866081536,0.03012972730713679,0.03672040851454472,0.0233181701254681,7.162288776382405,0.02391932985254461,14.368894077511824,38.897157043824514,3.72157571862987,0.0,0.4826455021842943,0.0,0.21251579456798678,1.0730996290684918,0.0196262219016754,-93.4603371660759,0.26405635612463035,-0.575,8.52134721464075,1.4368921058787294,1.1191667200807707,-0.32622433752374064,-0.569239512295929,-0.5820556555500062,0.15956921287582213,0.3595254553737128,0.518224150282776,Apparel Manufacturing,Consumer Cyclical,GIL
2013Q3,2013,Q3,2013-09-30,2013-09-30,96780000.0,626165000.0,106117000.0,0.4,176912000.0,0.2825325593,2043651000.0,1719426000.0,980712000.0,289414000.0,324225000.0,595794000.0,1583346000.0,5645014200.0,5547646200.0,7.072625560445888,3.388612852177158,0.0,0.0,0.060055958596100044,7.072625560445888,0.05628622575208238,9.015218352990027,14.582078425294482,3.283080632722781,0.11256457945856582,0.7540408261916032,0.0019298445697443951,0.3063952700338756,1.2200031788372365,0.04735642240284667,51.27728907782865,0.2825325593094472,-0.14893617021276587,1.2586620751433018,-0.035720686507656266,0.058717629531509934,-0.08478960383234524,-0.16446516446516446,-0.12922496204816805,-0.1444846555119933,-0.1475836491534492,-0.2251030968052312,Apparel Manufacturing,Consumer Cyclical,GIL
2013Q2,2013,Q2,2013-06-30,2013-06-30,115830000.0,614322000.0,121865000.0,0.47,193302000.0,0.3146590876,2028008000.0,1626083000.0,1022567000.0,241017000.0,401925000.0,602020000.0,1497093000.0,4873627980.0,4878489980.0,6.694674999588295,4.2427173186953615,0.06163683772450602,0.07687184479513039,0.06696084727512587,6.694674999588295,0.07123252626095962,7.933344369890709,10.518924242424243,2.9971581893421186,0.09424156090822758,0.6993455366931332,0.002239809859266279,0.30291892339675186,1.6016629532356639,0.057115159309036254,32.53770749879827,0.31465908757947786,0.5666666666666667,1.1262383167592513,0.5995649598644572,1.041096267060948,0.27845238095238095,0.6025179856115108,0.5857308297875109,0.7879390941761265,0.5516421261268702,0.5318861574678272,Apparel Manufacturing,Consumer Cyclical,GIL
2013Q1,2013,Q1,2013-03-31,2013-03-31,72280000.0,523040000.0,76851000.0,0.3,151200000.0,0.2890792291,2004225000.0,1515821000.0,1004278000.0,238476000.0,488404000.0,625522000.0,1392253000.0,4815763200.0,4957048200.0,6.244885263461459,4.211232996192489,0.10677443899761753,0.14117761925715502,0.04267367029877677,6.244885263461459,0.047683730466855916,9.207256041602937,16.656624239070283,3.1769999228141055,0.3031682346430548,0.5944475174334396,0.004550265262212228,0.26096870361361624,1.4512529562723293,0.036063815190410256,-243.28179843394796,0.2890792291220557,1.1428571428571426,0.7220456107212305,0.768294286078619,1.0484937094291054,0.34253216483311577,1.0482883699841306,1.0302485932422794,0.4784979003214353,0.5965343634084354,0.5228607871209681,Apparel Manufacturing,Consumer Cyclical,GIL
2012Q4,2012,Q4,2012-12-31,2012-12-31,35288000.0,420776000.0,37853000.0,0.14,112623000.0,0.2676554746,1921666000.0,1449543000.0,938006000.0,259213000.0,472123000.0,622189000.0,1331163000.0,4442823900.0,4537842900.0,5.967407681857478,3.618668816764591,0.09210757748745099,0.12210745041713147,0.02304996959831252,5.967407681857478,0.0243442243520889,10.558643791470997,31.475458371117657,3.064982480685292,0.0,0.49527233686227173,0.0,0.2189641696319756,1.0997866619343937,0.018363232736594185,220.80532279707768,0.267655474646843,-0.6216216216216216,0.26990242893566824,0.661051059058834,1.070814772453221,-0.2969630762508193,-0.6035768850543722,-0.5633521744145807,0.25635772429833126,0.9015039270371298,0.5330021630665861,Apparel Manufacturing,Consumer Cyclical,GIL
2012Q3,2012,Q3,2012-09-30,2012-09-30,89016000.0,561652000.0,86690000.0,0.37,160195000.0,0.2852210978,1896437000.0,1426341000.0,915600000.0,256442000.0,470096000.0,553068000.0,1306724000.0,3855553020.0,3966143020.0,5.871020720653973,3.5703979847294907,0.09544213701799743,0.1268981260441928,0.05690916166430298,5.871020720653973,0.06240863860745782,6.864665344376945,10.82825845915341,2.703107475701813,0.10249842724903388,0.725872767905574,0.002366456887681446,0.2961616969084657,1.2921362335342885,0.04693854844637602,24.31053128704381,0.28522109776160326,0.15624999999999997,1.151561891552949,1.1746005655566547,1.1307474823986035,0.11643482381801963,0.13191424429694057,0.04904582692982562,0.05205080446298365,-0.06751031612826429,-0.21550835630408002,Apparel Manufacturing,Consumer Cyclical,GIL
2012Q2,2012,Q2,2012-06-30,2012-06-30,78642000.0,600239000.0,82637000.0,0.32,143488000.0,0.2390514445,1939232000.0,1344245000.0,942366000.0,253013000.0,594987000.0,550258000.0,1226574000.0,3344423040.0,3601913040.0,5.5306433961177355,3.724575417073431,0.1577944258345572,0.22763707508675873,0.04991184954481986,5.5306433961177355,0.058502728297296996,5.571818958781419,10.631796749828336,2.4879564662691696,0.11567610182853946,0.8300669867589385,0.0027200506309154,0.3095240796356496,1.393169520933707,0.040553167439481196,23.51237013238096,0.23905144450793767,1.9090909090909092,0.48898118503963306,1.0420335821766842,1.1446524437666952,0.6666627948846016,1.9267584666914774,1.7058611656843483,0.8851100293743563,0.9402284268031533,0.5418479000807948,Apparel Manufacturing,Consumer Cyclical,GIL
2012Q1,2012,Q1,2012-02-15,2012-02-14,26870000.0,482565000.0,30540000.0,0.11,86093000.0,0.178407054,1854495000.0,1275026000.0,876352000.0,206808000.0,579469000.0,573270000.0,1157093000.0,2948026680.0,3249517680.0,5.246243354893926,4.237514989748946,0.17956370871854602,0.26117114474528363,0.01863846698865334,5.246243354893926,0.02107408005797529,6.109076870473408,27.428606996650544,2.3121306389046183,0.6845552660960179,0.6915973276117711,0.006239427928108166,0.2602136969902858,1.3181743452864492,0.014489119679481476,-141.6571370909615,0.17840705397200377,1.5789473684210527,0.25866793034668895,1.059153824267015,1.2201304836888929,12.560088202866593,1.5833188607155262,1.6865235472631224,2.7679524722747675,0.9595426204475712,0.5367589528013214,Apparel Manufacturing,Consumer Cyclical,GIL
2011Q4,2011,Q4,2011-12-31,2011-12-31,-46064000.0,303797000.0,-44485000.0,-0.19,6349000.0,0.0208988239,1806758000.0,1258022000.0,827283000.0,204393000.0,548736000.0,610923000.0,1139564000.0,2281744860.0,2545003860.0,5.179859018067428,4.047511411838958,0.16881065422153935,0.24244409080286355,-0.02818494075452621,5.179859018067428,-0.03661621179915773,7.510755076580743,-12.383557984543243,1.8137559279567446,0.0,0.4868829623373158,0.0,0.1681448207230852,0.9042041557196185,-0.025495390085445865,-16.63091465681237,0.020898823885686823,-1.95,-3.9242606202523933,0.6201496644346988,1.2791648231878112,-0.9355110664188276,-1.9491078419252483,-2.0691967504686826,-11.541172460089596,0.6432140589585634,0.5326085262011888,Apparel Manufacturing,Consumer Cyclical,GIL
2011Q3,2011,Q3,2011-09-30,2011-09-30,48534000.0,481755000.0,41606000.0,0.2,98451000.0,0.2043590622,1889721000.0,1327315000.0,888444000.0,315269000.0,550844000.0,575594000.0,1184781000.0,3140800320.0,3260998320.0,5.460044591437128,2.8180506170920707,0.11059833700318725,0.15746073840798905,0.03320573313876472,5.460044591437128,0.036565547741116464,6.519497088769188,16.178350846829026,2.366281041049035,0.18861004656529443,0.6659277198858918,0.002914543768258404,0.2549344585788061,0.8910200495449917,0.02568315640245306,49.41861883408072,0.20435906217890837,-0.48717948717948717,0.44223421289160836,0.02158994111034437,0.24707752905446842,-0.3428714457348819,-0.48413086456495397,-0.551649820039225,0.13275695728694195,-0.25806595052220793,-0.18267333431147725,Apparel Manufacturing,Consumer Cyclical,GIL
2011Q2,2011,Q2,2011-06-30,2011-06-30,94082000.0,529777000.0,92798000.0,0.39,149820000.0,0.282798234,1893286000.0,1181571000.0,920932000.0,304871000.0,700351000.0,519716000.0,1155669000.0,4278395330.0,4441402330.0,4.856476419863706,3.0207267992035978,0.1331019190972732,0.2132753765960742,0.06685094848859312,4.856476419863706,0.07962449992425338,8.075841967469332,11.36879352586042,3.620937996954902,0.0972343275015412,0.7310858237960732,0.002138184832022056,0.279818791244429,1.195915649569818,0.049692439494085944,156.76945989520354,0.28279823397391735,0.56,1.1671624280317259,1.2342021733262507,1.272147376946527,0.39253448339963565,0.531831059298577,0.6510043233049264,0.7241382907605511,0.3771257061886552,0.480659762014276,Apparel Manufacturing,Consumer Cyclical,GIL
2011Q1,2011,Q1,2011-03-31,2011-03-31,61418000.0,383229000.0,56207000.0,0.25,107588000.0,0.2807407581,1441699000.0,1095334000.0,823207000.0,222357000.0,335892000.0,439219000.0,1070803000.0,3982046550.0000005,3808286550.0000005,4.506990906472452,3.7021861241157237,0.0,0.0,0.05583497625326078,4.506990906472452,0.05607239435642462,10.390775619799129,16.208792821322742,3.6354632924751726,0.1496955289980136,0.6275707562742049,0.0023088630141704395,0.2658176221250067,1.6496085124372069,0.042601125477648244,-80.59517790641193,0.28074075813677984,0.7857142857142856,0.9541893584883497,1.0577650350529613,1.3010705257118187,0.3138272539657341,0.712238639531642,0.42152250885179565,0.46145600249784097,0.29402174768858413,0.4784166771457256,Apparel Manufacturing,Consumer Cyclical,GIL
2010Q4,2010,Q4,2010-12-31,2010-12-31,35870000.0,331280000.0,39540000.0,0.14,81889000.0,0.2471896885,1346029000.0,1145363000.0,757779000.0,185014000.0,189516000.0,366474000.0,1009521000.0,3458515060.0,3240190060.0,4.717543700677134,4.095792750818857,0.0,0.0,0.0334376692029803,4.717543700677134,0.03131758228613985,10.43985468485873,24.104509757457482,3.0195798711849426,0.0,0.6805148523496892,0.0,0.24611653983680887,2.019982271611878,0.026648757196167393,-140.53291588785046,0.24718968848104322,-0.702127659574468,1.1854809461990206,1.7170027800995082,1.58090923406761,-0.18653580617282725,-0.36866375668825685,-0.29189276312254875,0.29149539567264315,0.3084147024222844,0.6370859351132845,Apparel Manufacturing,Consumer Cyclical,GIL
2010Q3,2010,Q3,2010-09-30,2010-09-30,56816000.0,368935000.0,55839000.0,0.47,100667000.0,0.2728583626,1321192000.0,1114429000.0,755331000.0,191229000.0,195705000.0,332542000.0,982764000.0,1714894500.0,1456452500.0,9.127182637182637,3.94987684922266,0.0,0.0,0.05244644349967873,9.127182637182637,0.050982162165557426,4.648229362895903,7.545825559701493,1.5388100094308386,0.0,0.8067191512651034,0.0,0.27924404628547556,2.1133091738177785,0.04300359069688584,30.297418819123,0.27285836258419505,0.7407407407407405,0.9385915019530273,1.0384341744883958,1.6243868817776084,-0.06036365672895626,-0.12167823519408846,-0.13286745865362218,1.732439233059643,1.8422098071163668,2.3124940876384557,Apparel Manufacturing,Consumer Cyclical,GIL
2010Q2,2010,Q2,2010-06-30,2010-06-30,64687000.0,395324000.0,64395000.0,0.27,107134000.0,0.2710030254,1275631000.0,1059900000.0,713918000.0,184724000.0,207364000.0,323991000.0,925948000.0,3474213600.0,3273062600.0,4.370217047103839,3.8647820532253525,4.546769402750482e-05,5.4722143598452684e-05,0.06252809805347312,4.370217047103839,0.06103122936126049,8.78826886300857,13.427016247468577,3.2778692329465042,0.0,0.8895000169757802,0.0,0.3099046667884365,2.001282995171174,0.050709805578572485,42.75428993354664,0.2710030253665348,0.35000000000000003,0.8652107648904592,0.9569497511346711,1.675731842274605,0.1809563702903503,0.3265046652312109,0.27537580955021684,0.2274181975914612,0.3478226131155974,0.694666605415432,Apparel Manufacturing,Consumer Cyclical,GIL
2010Q1,2010,Q1,2010-03-31,2010-03-31,48765000.0,326789000.0,50491000.0,0.2,90718000.0,0.2776042033,1178781000.0,992884000.0,624638000.0,154193000.0,178114000.0,339467000.0,861261000.0,3182693690.0,3064299690.0,4.100759121434649,4.051013988961885,0.0005921371314943149,0.0007030025662615169,0.04949464824386477,4.100759121434649,0.04911449877327059,9.739292601648158,16.316485645442427,3.2055040568686772,0.0,0.6954166384361367,0.0,0.2772262192892488,1.764340793680647,0.041369007474670864,-772.3110143169133,0.27760420332385727,0.6666666666666669,2.357218934479911,0.947651133121963,1.7604444493076712,0.3799933067632115,0.7430389248311112,0.6744934169071071,1.292915684909388,0.3997057817075591,0.7353789589782433,Apparel Manufacturing,Consumer Cyclical,GIL
2009Q4,2009,Q4,2009-12-31,2009-12-31,27977000.0,220415000.0,30153000.0,0.12,65738000.0,0.2982464896,1101510000.0,941837000.0,585016000.0,127205000.0,152238000.0,344963000.0,812496000.0,2949419260.0,2811495260.0,3.8926283508435486,4.599001611571873,0.0028687892075423735,0.0033551453170771587,0.030631409725243572,3.8926283508435486,0.029704715359451794,13.38120935508019,26.35574990170497,3.131560195660183,0.0,0.44838721833935813,0.0,0.2001025864495102,1.7288785818167525,0.02539877077829525,73.86659470560244,0.29824648957648076,-0.6571428571428571,2.282276453404882,0.990520572564157,1.7533023745680465,-0.15347172143813742,-0.3399315795682435,-0.29428698481054133,0.7827607393311857,0.17991382801198366,0.7127766558975309,Apparel Manufacturing,Consumer Cyclical,GIL
2009Q3,2009,Q3,2009-09-30,2009-09-30,42385000.0,301720000.0,42727000.0,0.35,77656000.0,0.2573777012,1082408000.0,910785000.0,579965000.0,139003000.0,164351000.0,301867000.0,784519000.0,1199962000.0,1104617000.0,7.483853738701725,4.172320021870031,0.0040530003473736335,0.004816724034761222,0.047523845238946004,7.483853738701725,0.04653677871286857,3.9770714569799814,7.077751563052966,1.3175030330978221,0.0,0.742260664464814,0.0,0.2787488636447624,1.9171816435616498,0.03915806239421734,10.733976795985365,0.2573777011799019,1.0588235294117645,1.4845447308774602,1.0431019730879902,1.7281332481192908,0.034723517654896736,0.021177661061051414,0.23903839461779375,1.5158754081132457,0.2780319497573377,0.7093167779072455,Apparel Manufacturing,Consumer Cyclical,GIL
2009Q2,2009,Q2,2009-06-30,2009-06-30,41506000.0,307797000.0,34484000.0,0.17,75050000.0,0.243829537,1134247000.0,867421000.0,620393000.0,143921000.0,259642000.0,339555000.0,742134000.0,1789482800.0,1807926800.0,3.5870226861079635,4.310649592484766,0.0819239548352343,0.10712445283201583,0.04174900141993415,3.5870226861079635,0.04784989065286637,5.813840940619954,10.778458536115261,2.0629922494382775,0.0,0.6854471293310362,0.0,0.2713668186911669,1.8664406167272323,0.03659344040583753,24.496684462696784,0.24382953700003573,4.666666666666667,0.5498730722201653,0.789772940265647,1.7448125405634323,0.9374241681080104,4.854986598956129,3.506534239414532,-0.03808093243483625,0.3059798703333609,0.678221715223859,Apparel Manufacturing,Consumer Cyclical,GIL
2009Q1,2009,Q1,2009-03-31,2009-03-31,7089000.0,244807000.0,7652000.0,0.03,38737000.0,0.1582348544,1117253000.0,824776000.0,589146000.0,140820000.0,292477000.0,379915000.0,700628000.0,978471900.0,1075986900.0,3.4138362072533712,4.183681295270558,0.10873365298638715,0.14729211325256797,0.0076241218687100945,3.4138362072533712,0.008595060962006655,3.9969114445256877,34.5066969953449,1.186348657089925,0.0,0.54241080241633,0.0,0.21911509747568367,1.4245206646783128,0.006345026596482623,-15.572377881882986,0.1582348543955034,0.47783251231527096,-0.5157803509678949,0.6953688102707759,1.8521293109312331,-0.0016221044498508023,0.6338135046917116,0.21050531940810463,-0.7731062659938194,0.32229331276688516,0.7429540105877228,Apparel Manufacturing,Consumer Cyclical,GIL
2008Q4,2008,Q4,2008-12-31,2008-12-31,4338928.512736,183568899.753492,6321327.03369,0.0203,38799937.55135599,0.2113644392,1041067474.11668,815017182.415776,506970221.035333,144754995.069844,219292976.992605,385483216.105177,691932885.784717,1417938480.0,1454721100.377979,3.3797665414967533,3.502264089682852,0.04910952139166908,0.0627303650688216,0.0067733816142723545,3.3797665414967533,0.005323726427306808,7.7242848974096265,81.69865416300037,1.7397651369718574,0.0,0.3755519206902035,0.0,0.17632757176401623,0.7803309611708982,0.004167768776387404,634.7611265702507,0.21136443920216885,-0.8872222222222224,0.48962064499621955,1.321723559589065,2.0059637070869405,-0.6247696605858392,-0.7975501845502488,-0.8677228914201567,-0.7338384617838218,0.5157972866157945,0.8490280598120755,Apparel Manufacturing,Consumer Cyclical,GIL
2008Q3,2008,Q3,2008-09-30,2008-09-30,21432118.883867,324800500.88426,47788518.372961,0.18,103402986.04833901,0.3183584562,1102126000.0,812333000.0,561100000.0,205852000.0,282631000.0,316172000.0,689980000.0,1385024000.0,1425671000.0,6.680370065789473,2.725744709791501,0.04809250484971773,0.06524910350804411,0.025313799649453142,6.680370065789473,0.026383415279038275,4.264229877199425,16.155938751377672,1.7049953652012169,0.0,0.7002439015343579,0.0,0.29470360093515624,1.139240813788547,0.019446160315487522,19.638432012390084,0.3183584562426085,-0.18181818181818185,0.4548597667071984,1.8934066215940475,2.045730320753929,-0.1407796718284538,-0.603153914791695,-0.18785970059019635,-0.26571805722215325,0.801961937942264,0.9208419797206363,Apparel Manufacturing,Consumer Cyclical,GIL
2008Q2,2008,Q2,2008-06-30,2008-06-30,54006123.992926,380739626.645706,58842688.150914,0.22,120345134.60404798,0.3160825041,1105481197.681273,789792697.976027,573519222.833563,162471332.285321,308400158.184319,290818745.333071,668498648.064453,3115884712.0,3211120113.847121,3.279940837493281,3.529971809589078,0.09808327022735017,0.1372881913460261,0.061579053942364514,3.279940837493281,0.06838012573593745,8.183767840113632,14.42375642625332,3.945193112046951,0.0,0.8953841395039083,0.0,0.3444107665008691,1.6475634844829765,0.04885304617229391,148.9469586819327,0.3160825041099127,0.29411764705882343,1.2715108695813373,1.4527324919733469,2.1227348860829434,0.20812712548864293,0.2963005218902973,0.2478692208366858,0.568442831238568,0.8983196986456581,1.0081936537851497,Apparel Manufacturing,Consumer Cyclical,GIL
2008Q1,2008,Q1,2008-03-31,2008-03-31,41661731.273681,293591974.157194,47154531.23482,0.17,99612972.89420003,0.3392905177,1058889165.452249,734475146.215875,527600656.757019,135675964.247547,317314155.251142,299882309.336442,614190215.68056,4500535040.0,4617490909.037209,3.0485254773869164,3.8886818286722287,0.1381162537999839,0.19912151619446444,0.049341047490542064,3.0485254773869164,0.0567231328225719,15.329216859280828,27.00640913381297,6.127552529431969,0.0,0.6468504317317576,0.0,0.27726412143597823,1.5844646668805797,0.03934475168219081,-2544.8158914011456,0.33929051766539636,0.5454545454545455,1.896624883715077,1.4111092883203633,2.4827813462609103,0.2586470364606153,0.5120583361501992,0.025593135216443443,1.8824098006724874,0.7584697221728973,1.0521286384852684,Apparel Manufacturing,Consumer Cyclical,GIL
2007Q4,2007,Q4,2007-12-31,2007-12-31,27552992.022619,251177106.937292,45977814.803595,0.11,79142897.10188901,0.3150880192,998235872.9677869,694067844.08765,474138321.720691,129453133.393921,296924261.334949,295387856.20519,574509077.047359,4956816480.0,5074375513.626174,2.8816713890774985,3.6626253014510355,0.13142798612863385,0.18902493694686562,0.05179180777282834,2.8816713890774985,0.039697836828671014,19.73434816747651,44.97530137499054,7.141688701218711,0.0,0.5824010913837301,0.0,0.2516209983423402,1.2828976894218438,0.02760168490108764,71.37955160266516,0.3150880192343626,-0.35294117647058826,6.1713000980536545,2.7170960451004653,2.792692196038017,-0.040901725395388416,-0.3282513252517177,-0.057207559061711044,2.2472678857492427,1.2786672721087484,1.0382404799966383,Apparel Manufacturing,Consumer Cyclical,GIL
2007Q3,2007,Q3,2007-09-30,2007-09-30,41016816.345702,256056337.717238,48767695.631752,0.17,82518026.77313301,0.3222651215,874486000.0,663650000.0,465870000.0,123321000.0,203904000.0,239963000.0,545388000.0,4808690040.0,4859100040.0,2.7553808084498623,3.777702094533778,0.06822293324307079,0.08989678294281625,0.07596108357491556,2.7553808084498623,0.06180489165328411,18.779812610263203,29.30925939906526,7.24582240638891,0.0,0.7231877870509412,0.0,0.29280781821234186,1.7461583996237462,0.04690391423727996,-691.3727022420763,0.32226512145251934,-0.19047619047619038,0.8361791241316069,0.42923266680719785,0.9134019903809903,-0.12428510059903579,-0.21586504411019988,-0.20400305112773492,0.21486966891631842,-0.12389818011711348,0.004435182356451672,Apparel Manufacturing,Consumer Cyclical,GIL
2007Q2,2007,Q2,2007-06-30,2007-06-30,52308363.550963,291116702.677313,61266184.124002,0.21,94229328.32315603,0.3236823152,823617379.990606,620765113.198685,436067084.077031,129497565.993424,196583888.210427,231146322.217003,503668533.583842,4127110110.0,4165920345.791451,2.578806375919894,3.367376681807092,0.056257294709533064,0.07464093050473176,0.09792278261229585,2.578806375919894,0.0842643415984315,14.176823493960345,19.724905492307357,6.648424697602259,0.0,0.85178674904166,0.0,0.3534610970456129,1.4731608035359638,0.06351051449589325,-8508.432646342651,0.32368231522464064,1.4000000000000001,1.716906329230683,1.1416803566173666,2.591723360157,0.19707421814448758,1.4746707427605692,0.07354457992185665,0.9622016060744997,0.7005441862150587,0.9733190168334541,Apparel Manufacturing,Consumer Cyclical,GIL
2007Q1,2007,Q1,2007-03-31,2007-03-31,21137504.334258,232040738.557559,57069063.800276995,0.0875,78716362.69070703,0.339235098,795235378.814147,568640451.629681,429763269.764216,138216447.642164,220821247.399445,242491537.79473,451943354.715673,3540416000.0,3582597046.289875,2.363033791679193,3.109349698212859,0.0976412686491944,0.13654989025069048,0.08079490739740482,2.363033791679193,0.037172002578570514,15.257734577162536,41.87362831502739,6.226106478801205,0.0,0.6322875316030271,0.0,0.2917887517826201,1.2673209358871171,0.026580186064883323,-79.01897458623057,0.3392350980264657,0.3482280431432973,0.9459143152095476,1.2375697801734098,2.9070040177588528,0.46181628586851936,0.3547596112654204,1.164784120410562,0.449561540184784,0.6133556424739869,0.9742241662471723,Apparel Manufacturing,Consumer Cyclical,GIL
