Quarters,Year,Quarter,FillingDate,Date,NetIncome,Revenue,OperatingIncome,EPSDiluted,GrossProfit,GrossProfitRatio,TotalAssets,CommonStockEquity,CurrentAssets,CurrentLiability,TotalLiability,Inventory,RetainedEarnings,MarketCap,EnterpriseValue,bookValuePerShare,currentRatio,debtToAssets,debtToEquity,roic,shareholdersEquityPerShare,roe,priceToSalesRatio,peRatio,pbRatio,payoutRatio,inventoryTurnover,dividendYield,assetTurnover,quickRatio,returnOnAssets,priceToFreeCashFlowsRatio,grossProfitMargin,epsdilutedGrowth,fiveYNetIncomeGrowthPerShare,fiveYRevenueGrowthPerShare,fiveYShareholdersEquityGrowthPerShare,grossProfitGrowth,netIncomeGrowth,operatingIncomeGrowth,threeYNetIncomeGrowthPerShare,threeYRevenueGrowthPerShare,threeYShareholdersEquityGrowthPerShare,Industry,Sector,Symbol
2023Q1,2023,Q1,2023-05-15,2023-03-31,-608459.0,4121491.0,-8333.0,-0.0514,2546501.0,0.617859168,176974428.0,57234948.0,16882974.0,11251678.0,110857595.0,1884935.0,-140160393.0,491138.22400000005,88188128.224,4.836215602717983,1.5004849943270684,0.5627305657967715,1.7400019302891654,-7.026645716206844e-05,4.836215602717983,-0.010630899848113778,0.11916518172671008,-0.20179594023590744,0.008581089721615543,-1.3527665791778904,0.8355672742030892,1.6759090613969398,0.023288624501162394,1.3329602038024906,-0.0034381181895951655,-0.30165805289384323,0.6178591679564507,-2.797202797202797,0.47411785530042727,-0.5014799154795675,0.5673994733354178,-0.1519264898895623,-2.8102595227257177,-1.0088944250004537,0.35059533454415703,-0.4166799175538373,0.4955194486857104,REIT—Diversified,Real Estate,SQFTW
2022Q4,2022,Q4,2023-03-28,2022-12-31,336117.0,4478304.0,936879.0,0.0286,3002689.0,0.6704969113,291351654.0,174240761.0,18532728.0,11133675.0,108097447.0,2016003.0,-138341750.0,646417.255,81075224.255,14.825164057540512,1.6645652042115473,0.3327440591773678,0.5563883642588086,0.0015850443261307763,14.825164057540512,0.001929037718103171,0.1443442104421674,0.48079779883195434,0.0037099083549112827,2.361433667443182,0.7319507957081413,1.2278725449555026,0.015370786259548744,1.7371136664219138,0.0011536471318607995,-0.6737127260978546,0.6704969113307181,-0.04026845637583892,1.6925905396008945,-0.4811333497186387,3.6365382031108893,0.015193643817090693,-0.042878906528084286,0.27509033623452717,3.3704536920486956,-0.38880620528571985,3.454893843674985,REIT—Diversified,Real Estate,SQFTW
2022Q3,2022,Q3,2022-11-10,2022-09-30,351175.0,4391975.0,734755.0,0.0298,2957750.0,0.6734441794,288622798.0,174303125.0,28910060.0,11059159.0,105286720.0,6656116.0,-137304308.0,1411243.00191,77037766.00191,14.79641709019201,2.614128253332826,0.32636229242015735,0.5404125600157771,0.0014869239793906981,14.79641709019201,0.0020147372572924325,0.32132309539785636,1.004657935438172,0.00809648709344712,2.237952587741155,0.21547476035573898,0.5568941698462505,0.015217006523511009,1.9391721377728632,0.0012167264763333074,0.6009895251254259,0.6734441794409122,-0.15819209039548024,1.2226532341090615,-0.4487865974374813,3.6021503725414026,-0.005054869571447841,-0.15996086555068104,0.3373065491628582,-0.8616469041936955,-0.37299598481929375,3.4787798479155394,REIT—Diversified,Real Estate,SQFTW
2022Q2,2022,Q2,2022-08-11,2022-06-30,418046.0,4320860.0,549429.0,0.0354,2972777.0,0.6880058599,289096123.0,176136100.0,31393279.0,9803215.0,103843652.0,6679654.0,-135754642.0,2125123.9889,75052930.9889,14.927181555378281,3.202345251022241,0.32513321529393185,0.5336484230092525,0.0012550517032115572,14.927181555378281,0.0023734260040956965,0.49182893889179474,1.2708673141831284,0.01206523812494997,4.425967477263268,0.2018192858492371,0.8706588461023043,0.014946101508251635,2.441816587721477,0.0014460449889879706,4.099683019235555,0.6880058599445481,0.09597523219814237,1.5337794397868423,-0.49386157449224327,3.4333102753798213,-0.0056497912142752975,0.0995712669980799,2.565868380062305,1.387418513194253,-0.3945608154152564,3.820953212505827,REIT—Diversified,Real Estate,SQFTW
2022Q1,2022,Q1,2022-05-16,2022-03-31,380190.0,4573141.0,154080.0,0.0323,2989668.0,0.6537449862,291780542.0,178280206.0,33559137.0,9769789.0,102737225.0,7282326.0,-133613228.0,2471288.9251,72884722.9251,15.142306858307055,3.434990970634064,0.3184174940630551,0.5211348532994179,0.000334593760136597,15.142306858307055,0.0021325418481959795,0.5403920248905512,1.6250354593098189,0.013861824487122256,4.832604750256451,0.21744055402078952,0.7434614307291706,0.015673221280122236,2.6013383707672704,0.001302999841572712,-2.5262087022877355,0.6537449862140704,1.6800000000000002,1.40266473201756,-0.4454464285389474,3.3626935319007525,0.03246549403779934,1.679425136174532,1.2825217190405116,1.3952337835014144,-0.3630069879029383,3.5870969393616488,REIT—Diversified,Real Estate,SQFTW
2021Q4,2021,Q4,2022-03-30,2021-12-31,-559576.0,4339592.0,-545374.0,-0.0475,2895659.0,0.6672652636,161196763.0,55669775.0,30500118.0,6705634.0,95714143.0,11431494.0,-130947434.0,2001520.33,254030021.33,4.728336559039597,4.5484316620919065,1.6546894927412408,4.791299946874224,-0.0008773133651945139,4.728336559039597,-0.010051702202856038,0.4612231587669993,-0.8942129085235965,0.035953447449715764,-3.177023317654796,0.12631183640563518,0.88821780791005,0.02692108649849253,2.7730517353019866,-0.0034713848441237,1.6012944071670698,0.6672652636469051,0.0,0.6646349722335094,-0.480921658809785,0.29191629137626945,-0.022285467512993554,-0.31811329288056384,-4.004037521964009,-1.0590072666621746,-0.43437169340272014,0.3774399026628294,REIT—Diversified,Real Estate,SQFTW
2021Q3,2021,Q3,2021-11-12,2021-09-30,-424528.0,4376179.0,181547.0,0.0,2961661.0,0.6767687062,161834626.0,57643930.0,42091275.0,6392184.0,92817155.0,10006947.0,-128207540.0,2001520.33,64323343.33,4.896012272830624,6.5848034099143575,0.5334959590168299,1.4977833572416037,0.002211387789812499,4.896012272830624,-0.007364660945220078,0.45736710724127144,-1.178673921390344,0.03472213518405147,-3.9613217502732447,0.1413536016529317,0.8402073038148956,0.027041054860533986,4.382030148068329,-0.0026232210651878666,0.9359822382631638,0.6767687062160849,-1.0,0.7775588735842255,-0.4427828496697006,0.26513737700209045,-0.11875470130636807,-1.2390715737023972,-0.7197436202220168,0.7344686940786984,-0.47164200332214445,0.827243033572002,REIT—Diversified,Real Estate,SQFTW
2021Q2,2021,Q2,2021-08-10,2021-06-30,1775736.0,4846583.0,647789.0,0.0002,3360768.0,0.6934304024,160846553.0,51457819.0,42888694.0,5428131.0,95596623.0,10370836.0,-125590168.0,2001520.33,62727737.33,4.370592243747032,7.901189930751487,0.5599722674815418,1.7503580748340695,0.004032216783823939,4.370592243747032,0.03450857487760995,0.41297556030712773,0.2817874292687652,0.038896330409961606,0.5684341591317629,0.14326858509767199,0.5043111403220171,0.030131718147544014,5.801768417158687,0.01103993817013909,4.401189903423284,0.6934304024092851,2.0,3.1436093801681824,-0.3791425973518224,0.05518665291844671,-0.12247616148075463,1.787440234777218,-0.2508009095093692,1.7111483469349993,-0.40637725956149223,0.5392768089684592,REIT—Diversified,Real Estate,SQFTW
2021Q1,2021,Q1,2021-05-10,2021-03-31,-2255074.0,5668754.0,864642.0,-0.0002,3829831.0,0.6756036688,159142006.0,31223202.0,38527524.0,5406492.0,114307506.0,29043401.0,-125334982.0,2001520.33,103797145.33,2.6519562456805024,7.126159439429486,0.6835467814826967,3.483979830127608,0.006312115172511812,2.6519562456805024,-0.07222430293984583,0.353079412160062,-0.22189075946066517,0.06410362172335816,-0.4429100774520038,0.06331637951078802,0.4990181638574713,0.035620727314446446,1.7312434754365678,-0.014170199664317415,-1.3632653807670854,0.6756036688132877,0.0,-0.934616400890838,-0.3297423114477036,-0.3860329907944085,0.1934904842201442,0.035170414118651745,2.758710748239544,-0.9591264059854343,-0.31077587705721477,-0.14051085306202762,REIT—Diversified,Real Estate,SQFTW
2020Q4,2020,Q4,2021-03-30,2020-12-31,-2337277.0,5537669.0,-491634.0,-0.0002,3208933.0,0.5794736016,185568616.0,34883679.0,57109587.0,7674885.0,135446035.0,42499176.0,-121674505.0,2001520.33,118092708.33,2.962860452184365,7.441100029511843,0.6877892811357713,3.6587914078672723,-0.0031772353616138253,2.962860452184365,-0.06700202120309615,0.3614373358176518,-0.21408676956133144,0.057376985093802756,-0.4122130154021111,0.054794850610750664,0.4813620853903592,0.029841624728181408,1.8646825327024443,-0.012595217070541712,2.5104484896071124,0.5794736016182982,-1.0,0.29644359317284996,-0.19780537838600895,-0.34260560564099485,-0.09733309666782655,-0.6882130897933357,-1.8363512023843547,-3.8076786210159312,-0.35951590942842454,-0.07337176008841788,REIT—Diversified,Real Estate,SQFTW
2020Q3,2020,Q3,2020-11-05,2020-09-30,-1384468.0,5663568.0,587832.0,-0.0001,3554947.0,0.6276868222,191817949.0,35632593.0,40570808.0,7239615.0,139497239.0,27551655.0,-117815335.0,2001520.33,124065625.33,3.026469788593154,5.604000765234063,0.6885181063008864,3.7064417680745265,0.0038432733419822285,3.026469788593154,-0.038853978434855975,0.3534027189220647,-0.3614240867250092,0.0561710546858041,0.0,0.07653336977397547,0.0,0.029525745789305672,1.7421293811894694,-0.007217614447540569,0.7425626070564806,0.6276868221587523,0.0,0.09846347797321836,-0.07330876585222668,-0.37458220243130635,-0.1374774661112149,0.13876285042804692,-0.5323867026227239,0.12173441954469968,-0.28880686996654975,-0.05867285437014271,REIT—Diversified,Real Estate,SQFTW
2020Q2,2020,Q2,2020-08-12,2020-06-30,-1607534.0,6121404.0,1257090.0,-0.0001,4121570.0,0.6733046863,194221128.0,37398838.0,37869629.0,6227183.0,140350368.0,24921374.0,-116067090.0,2001520.33,127240370.33,3.1764865760818926,6.08134191656163,0.6894040848120293,3.5802406213797338,0.0075758749479724625,3.1764865760818926,-0.0429835279908964,0.32697079460855716,-0.31127185023769327,0.05351824914988001,0.0,0.08024573604970577,0.0,0.03151770388235002,2.0001788930885764,-0.008276823518397031,2.9661249153444094,0.6733046863105262,0.0,-2.9063326205287714,0.09469281595567285,0.0,-0.1132707222520196,-0.7246016871236398,-0.28252874245482024,-10.764823082763858,-0.2813628996413979,-0.05659681801913688,REIT—Diversified,Real Estate,SQFTW
2020Q1,2020,Q1,2020-05-15,2020-03-31,-932119.0,7029151.0,1752112.0,-0.0001,4648059.0,0.6612546807,196342288.0,38073664.0,34757883.0,5786050.0,140930691.0,22090530.0,-114144274.0,2001520.33,127896145.33,3.233803215978326,6.00718676817518,0.6869498434285334,3.5425354386696273,0.011121420933480234,3.233803215978326,-0.024481988389664835,0.28474567269930606,-0.5368199580740228,0.05256967992363436,0.0,0.10778790730688671,0.0,0.035800494491538166,2.1049028266261094,-0.004747418447115173,-4.221948700100195,0.6612546806861881,0.0,0.4988146759728986,0.3059025378070078,0.0,-0.02187969272934189,-5.562231155354365,-0.3313432653550333,0.01277927524796532,-0.1476228720284308,-0.06829966491870365,REIT—Diversified,Real Estate,SQFTW
2019Q4,2019,Q4,2020-03-13,2019-12-31,-142043.0,7339990.0,2620346.0,0.0,4752032.0,0.6474166859,220784408.0,39180794.0,56616244.0,8661416.0,164163220.0,41289690.0,-113037144.0,2001520.33,146802117.33,3.3278377841907805,6.536603714681295,0.7029113758794054,3.960916973760154,0.013377411437837265,3.3278377841907805,-0.0036253221412511447,0.2726870649687534,-3.522736653689376,0.051084220753668245,-1.4080243306604338e-05,0.06267806806008958,9.992404124118987e-07,0.033245055964278056,1.7000288405498594,-0.000643356119604243,1.416435960619022,0.6474166858537954,-1.0,-1.0727605871743477,0.6455897126738156,-0.3548775177955028,0.06361645962246347,-1.0559915706951575,1.010176902895193,0.9148708046109275,-0.12203040434382621,-0.0907398839377815,REIT—Diversified,Real Estate,SQFTW
2019Q3,2019,Q3,2019-11-12,2019-09-30,2536864.0,7000870.0,1303540.0,0.0002,4467806.0,0.6381786835,215905343.0,38896268.0,55728706.0,8005675.0,160545783.0,40604348.0,-112878063.0,2001520.33,143115039.33,3.3036714445963185,6.961150184088162,0.7048688832123993,3.91258508399829,0.006101338499025681,3.3036714445963185,0.0652212700714629,0.28589594293280696,0.1972435583854712,0.051457901565260714,0.42688374307806803,0.062384057983149985,0.541061703829908,0.032425644973501186,1.8120215971795008,0.011749889857982811,-57.16342977094877,0.6381786835064784,3.0,2.6057361463811084,0.6466920304129745,0.0,-0.027677783496572895,3.356204384985613,-0.11014175174160429,2.3292477427251614,-0.10858197728363413,-0.14632603167947872,REIT—Diversified,Real Estate,SQFTW
2019Q2,2019,Q2,2019-08-19,2019-06-30,-1076674.0,7120987.0,1464885.0,-0.0001,4594985.0,0.6452736116,227728676.0,36454906.0,52353428.0,9543048.0,174662271.0,35827398.0,-115414927.0,2001520.33,139066493.33,3.0963133009995456,5.486027944111776,0.6530483539104228,4.079501315954566,0.009593966190522807,3.0963133009995456,-0.02953440615098555,0.2810734424876776,-0.4647461371780131,0.054904004690068335,0.0,0.07050475728100601,0.0,0.03126961050790108,1.6650828959468715,-0.004727880646879974,1.8277606119077645,0.645273611649621,0.0,-1.6163345645412128,0.2734485930701093,0.0,0.04059841737938644,-0.11927704205161045,2.048046392203047,-0.29972500742407504,-0.08778669567581157,-0.25246092834605754,REIT—Diversified,Real Estate,SQFTW
2019Q1,2019,Q1,2019-05-13,2019-03-31,-961937.0,7179264.0,480598.0,-0.0001,4415714.0,0.6150649983,225066224.0,38865585.0,51427275.0,7210068.0,169967242.0,34720372.0,-113072382.0,2001520.33,135532190.33,3.3010653706425255,7.132703186710583,0.6503414612758599,3.7660541324670658,0.00282662456960999,3.3010653706425255,-0.024750354330186977,0.2787918552653865,-0.5201796817255184,0.05149852575228187,-1.1180784188569521,0.07959448130336852,0.5373520237988288,0.031898451364252685,2.285097449843746,-0.00427401758870758,1.518817383320117,0.6150649983062331,-1.125,0.48278201920714214,0.3337911046706053,0.0,-0.08309111333985345,-1.1014362179064365,-0.8384921841788221,0.17475918891188047,-0.15114381499943133,-0.2357546486271428,REIT—Diversified,Real Estate,SQFTW
2018Q4,2018,Q4,2019-03-25,2018-12-31,9483171.0,7672162.0,2975695.0,0.0008,4815870.0,0.627707027,233050040.0,40415393.0,20944185.0,9920996.0,176908997.0,4715595.0,-111343840.0,2001520.33,141939481.33,3.4326989873742626,2.1110970108243166,0.6424121446192415,3.7043850099391586,0.015191624306962774,3.4326989873742626,0.23464255314800478,0.26088087425682616,0.05276505954601051,0.04952371315552963,0.0,0.6057118984984927,0.0,0.03292066373384875,1.594747543492609,0.0406915656397227,-1.0973891176730215,0.6277070270413998,9.0,3.8576916161637373,0.7200610438388836,-0.3345495078167568,-0.13450677685469187,6.931478677272207,0.5507263521260053,3.854580656930022,0.1114003188979408,-0.23835863745861846,REIT—Diversified,Real Estate,SQFTW
2018Q3,2018,Q3,2018-11-14,2018-09-30,-1598787.0,8282602.0,1918904.0,-0.0001,5564307.0,0.6718066376,259631357.0,31546942.0,11841100.0,9986396.0,212631611.0,0.0,-119751640.0,2001520.33,160992140.33,2.6794532434252116,1.1857230576476239,0.6579779960861969,5.415159415451424,0.009913844707581164,2.6794532434252116,-0.05067961896275081,0.24165356852834413,-0.31297482560215967,0.06344577962580336,0.0,0.0,0.0,0.03190139317416887,1.1857230576476239,-0.00615791181186177,1.3030366532707744,0.6718066375759695,0.5,-0.0119699267537453,0.948171399337877,0.0,0.01128895333188058,0.35971634738994585,4.002669614365862,-0.04109655943050481,0.3552260111178705,-0.4462929210437388,REIT—Diversified,Real Estate,SQFTW
2018Q2,2018,Q2,2018-08-09,2018-06-30,-2496998.0,8164416.0,383576.0,-0.0002,5502193.0,0.6739236462,261281130.0,33429867.0,12450950.0,9194161.0,211709512.0,0.0,-117868715.0,2001520.33,160175419.33,2.839380297476169,1.3542236208393565,0.6530316559791364,5.103964338236823,0.0019489806593005828,2.839380297476169,-0.07469362651068878,0.2451516838436454,-0.20039266451154547,0.05987221935402855,0.0,0.0,0.0,0.03124762970827629,1.3542236208393565,-0.009556748319329452,-130.17171761186265,0.6739236462228284,-1.0,-5.067743973561431,0.4600453656830283,0.0,-0.013046274165123297,-1.1693011925519152,-0.7983742777604899,-5.067743973561431,0.4600453656830283,0.0,REIT—Diversified,Real Estate,SQFTW
2018Q1,2018,Q1,2018-05-11,2018-03-31,-1151061.0,8224834.0,1902416.0,-0.0001,5574925.0,0.6778161115,257382710.0,36327628.0,11742554.0,9446586.0,205473864.0,0.0,-114970954.0,2001520.33,159996554.33,3.085502888696614,1.2430473824088406,0.6375581172488237,4.517124982671591,0.009767072177304282,3.085502888696614,-0.03168555348562807,0.2433508481751729,-0.43471204610355146,0.05509636715064358,0.0,0.0,0.0,0.03195565855997087,1.0925515313151228,-0.004472176860675684,-0.2581527299357778,0.6778161115470537,0.0,0.3810931004947229,0.5280410953814142,0.0,-0.06926979685600951,-1.3676831463216463,-0.20261712405562018,0.3810931004947229,0.5280410953814142,0.0,REIT—Diversified,Real Estate,SQFTW
2017Q4,2017,Q4,2018-03-20,2017-12-31,-486155.0,8646068.0,2385825.0,0.0,5989840.0,0.6927819675,254496865.0,37645819.0,10202641.0,10156713.0,202454697.0,0.0,-113652763.0,2001520.33,154013682.33,3.1974640147672146,1.0045219353938621,0.6299595753370085,4.258712952957671,0.013572889136371705,3.1974640147672146,-0.01291391747912298,0.23149486332978184,-1.0292603850623772,0.05316713470890353,-2.0569571432979193e-06,0.0,4.996202062059494e-07,0.033973180769829914,0.8182346985683262,-0.0019102592874768811,46.5437371811269,0.6927819674793212,1.0,-1.2490296829674463,0.9384059863675933,-0.3801513007137827,0.15871020309308445,0.6915976365894723,0.6482781967094196,-1.2490296829674463,0.9384059863675933,-0.3801513007137827,REIT—Diversified,Real Estate,SQFTW
2017Q3,2017,Q3,2017-11-08,2017-09-30,-1576366.0,7963474.0,1447465.0,-0.0001,5169403.0,0.6491391822,256553880.0,37853570.0,9213969.0,9092136.0,204034110.0,0.0,-112939280.0,2001520.33,161484072.33,3.2151094363353283,1.0133998215600823,0.6350287237908856,4.303929140633235,0.007463073253672818,3.2151094363353283,-0.04164378683437256,0.2513375858325148,-0.317426335318067,0.05287533857440659,-0.7843870014958455,0.0,0.6177708921897386,0.03104016201197191,0.3779673995197608,-0.006144385732930642,-0.3250701545102924,0.6491391822212266,0.0,0.0022216933480854314,0.873108509399679,0.0,-0.12115040247289575,-10.575495823842065,-0.2756786267235262,0.0022216933480854314,0.873108509399679,0.0,REIT—Diversified,Real Estate,SQFTW
2017Q2,2017,Q2,2017-08-11,2017-06-30,164625.0,8518074.0,1998374.0,0.0,5882011.0,0.6905329773,254079359.0,39642476.0,10781241.0,8614760.0,200559114.0,0.0,-111162810.0,2001520.33,156106215.33,3.3670509457178484,1.2514847772892106,0.6295358451372668,4.034865632509937,0.009240589009784216,3.3670509457178484,0.004152742628891293,0.23497334373944156,3.039514548215642,0.05048928654204143,7.364719817767654,0.0,0.6057480315475986,0.03352524988068787,0.6787616834363348,0.0006479274847351925,-0.20578119825642432,0.6905329772904063,1.0,1.4000413102643856,0.5232901493805675,0.0,0.04859447244494265,1.1743567203461187,0.08096351105670643,1.4000413102643856,0.5232901493805675,0.0,REIT—Diversified,Real Estate,SQFTW
2017Q1,2017,Q1,2017-05-11,2017-03-31,-944185.0,8246527.0,1848697.0,-0.0001,5609424.0,0.6802165324,251980421.0,40864710.0,9831385.0,9069385.0,197781116.0,0.0,-109407025.0,2001520.33,153204251.33,3.470861922246875,1.0840189274134906,0.6180529081662262,3.811044590797292,0.009684453321810118,3.470861922246875,-0.02310514377809117,0.24271069869776696,-0.5299597880711937,0.04897918839996663,-1.2412620408076807,0.0,0.5855453888894548,0.03272685618697335,0.49997888500708704,-0.0037470569985276754,8.20732492721532,0.6802165323656856,0.0,0.4923269827494893,0.5320713038308623,0.0,-0.0427582859825457,0.4341311479732799,-0.06471994673746752,0.4923269827494893,0.5320713038308623,0.0,REIT—Diversified,Real Estate,SQFTW
2016Q4,2016,Q4,2017-03-17,2016-12-31,-1668558.0,8360187.0,1976624.0,-0.0001,5859987.0,0.7009397039,257999077.0,43090853.0,9307886.0,9556982.0,202249447.0,0.0,-106623957.0,2001520.33,157771484.33,3.6599403464465436,0.9739357048072289,0.615839842713856,3.6872352236796053,0.009677702222821502,3.6599403464465436,-0.03872186053035432,0.23941095217128516,-0.29988773689617026,0.04644884449142838,-0.7009627474741663,0.0,0.5843542943178598,0.03240394150712407,0.32605973308310093,-0.006467302206666421,-0.23871560857430565,0.7009397038606912,0.5,-1.8547077984445217,0.8743128700760311,-0.2904973276532092,0.11050812112979481,0.12572098657791267,0.35353499385760323,-1.8547077984445217,0.8743128700760311,-0.2904973276532092,REIT—Diversified,Real Estate,SQFTW
2016Q3,2016,Q3,2016-11-09,2016-09-30,-1908496.0,7853633.0,1460342.0,-0.0002,5276852.0,0.6718994891,254270393.0,45563376.0,10294468.0,9922009.0,196306870.0,0.0,-103061517.0,2001520.33,150020181.33,3.8699451631350654,1.037538667824228,0.6006269908113132,3.3518512982883446,0.007720435978270659,3.8699451631350654,-0.04188662402891304,0.2548527961517937,-0.2621855547509662,0.04392827103066287,-0.629801162800446,0.0,0.6005299981139837,0.030886934602724275,0.4739967480376202,-0.007505773588040193,-0.2727306127499006,0.6718994890644877,-1.0,-0.2080036661105049,0.8472725348261486,0.0,0.010647044842232556,-1.3038728322303854,-0.019451934853140243,-0.2080036661105049,0.8472725348261486,0.0,REIT—Diversified,Real Estate,SQFTW
2016Q2,2016,Q2,2016-08-09,2016-06-30,-828386.0,7806274.0,1489312.0,-0.0001,5221261.0,0.6688544368,252262170.0,48766556.0,11917693.0,8789988.0,191162976.0,0.0,-99322201.0,2001520.33,143334895.33,4.142008649994577,1.355825855507425,0.5821387289263388,3.0113174077742952,0.008384098389345776,4.142008649994577,-0.016986764453901564,0.25639893372945916,-0.6040421765940033,0.04104288869609739,-1.3047118130919644,0.0,0.5399920169684211,0.030945083838769802,0.6277828820699186,-0.003283829676086589,-1.5023022783122746,0.668854436828633,0.0,-1.0129908631415243,0.39599870669891335,0.0,-0.12749558296874966,0.2893319057962809,-0.28886715775008226,-1.0129908631415243,0.39599870669891335,0.0,REIT—Diversified,Real Estate,SQFTW
2016Q1,2016,Q1,2016-05-12,2016-03-31,-1165644.0,8457574.0,2094281.0,-0.0001,5984223.0,0.7075578647,257268849.0,50854853.0,13119675.0,10725771.0,193330327.0,0.0,-96658134.0,2001520.33,143552564.33,4.319379064213652,1.223191787331652,0.5710864940356615,2.8890608532483615,0.011250688788285234,4.319379064213652,-0.022920998316522515,0.23665419066980675,-0.4292735024587267,0.0393575089087368,-0.9135825346332156,0.0,0.53205155303119,0.03287445811210513,0.5008237636250112,-0.004530840031860989,-0.2843065823656141,0.7075578647021001,0.6666666666666666,0.37325205704395403,0.5712804221008436,0.0,0.4487728740946112,0.6491231872475421,1.9538560703188579,0.37325205704395403,0.5712804221008436,0.0,REIT—Diversified,Real Estate,SQFTW
2015Q4,2015,Q4,2016-03-18,2015-12-31,-3322089.0,6903149.0,708999.0,-0.0003,4130546.0,0.5983567789,257932691.0,53063548.0,18527521.0,10923985.0,192769034.0,0.0,-93821328.0,2001520.33,140065667.33,4.50697553494248,1.696040501703362,0.5609625109521306,2.7267413404018894,0.004359541328159873,4.50697553494248,-0.06260585892221153,0.2899430868434102,-0.15062211834180242,0.03771930836588613,-0.2503701737069657,0.0,0.4155601057522108,0.02676337370511906,0.6065939306947052,-0.012879674100713352,-0.0815965350586154,0.5983567789135075,-1.9999999999999998,-2.7017181155385446,0.5476521057187457,-0.12629417871578907,-0.01867408796269459,-1.1632746751267846,-0.3798341731970774,-2.7017181155385446,0.5476521057187457,-0.12629417871578907,REIT—Diversified,Real Estate,SQFTW
2015Q3,2015,Q3,2015-11-13,2015-09-30,-1535676.0,6111602.0,1143241.0,-0.0001,4209148.0,0.6887143502,238036646.0,56974063.0,22864684.0,9107786.0,168908851.0,0.0,-88822828.0,2001520.33,119063685.33,4.839116827756628,2.5104546813023494,0.538607059687776,2.2502909437931433,0.006536492664276807,4.839116827756628,-0.02695394920316636,0.32749520174906677,-0.32583701412277066,0.035130377308706245,-0.8340424672912776,0.0,0.639923052892498,0.025675046690079813,1.2237939055660727,-0.0064514268109793485,-0.058613546728403104,0.6887143501818345,0.0,0.02797687919811416,0.437525094232002,0.0,0.14348290636022004,-2.731716562986003,0.4236485039275948,0.02797687919811416,0.437525094232002,0.0,REIT—Diversified,Real Estate,SQFTW
2015Q2,2015,Q2,2015-08-13,2015-06-30,-411520.0,5591892.0,803036.0,0.0,3680989.0,0.6582725489,,,,,,,,2001520.33,,,0.0,0.0,0.0,0.0,,0.0,0.35793257988530536,-1.2159313824358478,0.0,-2.463994459564541,0.0,0.5066063955493272,0.0,0.0,0.0,-0.533512971976926,0.6582725488975825,1.0,0.0,0.0,0.0,0.06911915181217836,0.7787323458231913,0.6306259657929096,0.0,0.0,0.0,REIT—Diversified,Real Estate,SQFTW
2015Q1,2015,Q1,2015-05-14,2015-03-31,-1859829.0,5382600.0,492471.0,-0.0002,3443011.0,0.6396557426,,,,,,,,2001520.33,,,0.0,0.0,0.0,0.0,,0.0,0.37185009660758744,-0.2690462846315441,0.0,-0.5361654216597332,0.0,0.49820927874362386,0.0,0.0,0.0,-0.4438214713835071,0.6396557425779363,-2.0,0.0,0.0,0.0,0.20796002061559804,-1.952685102989094,-0.34382082655463664,0.0,0.0,0.0,REIT—Diversified,Real Estate,SQFTW
2014Q4,2014,Q4,2015-03-31,2014-12-31,1952197.0,4460401.0,750513.0,0.0002,2850269.0,0.6390163127,220624938.0,60733884.0,44269032.0,7628979.0,149088605.0,29107675.0,-83150866.0,2001520.33,120264816.33,5.1584588601205965,5.802746606066159,0.561583378212666,2.040035806041978,0.0052192757904971025,5.1584588601205965,0.032143457184460655,0.44873102889179695,0.25631638738303564,0.032955579294088946,0.495004346385124,0.055316407098815,0.4828059877862944,0.020217120695576126,0.7387622904716346,0.00884848747243614,-0.047679450084648925,0.6390163126588843,3.0,0.0,0.0,0.0,0.044751845370793256,2.2356646977357717,8.436379410063621,0.0,0.0,0.0,REIT—Diversified,Real Estate,SQFTW
2014Q3,2014,Q3,2014-11-14,2014-09-30,-1579876.0,4251475.0,79534.0,-0.0001,2728178.0,0.6417015271,,,,,,,,2001520.33,,,0.0,0.0,0.0,0.0,,0.0,0.4707825707548557,-0.3167211113403837,0.0,,0.0,,0.0,0.0,0.0,0.0,0.6417015271170594,0.0,0.0,0.0,0.0,0.0,0.0,0.0,0.0,0.0,0.0,REIT—Diversified,Real Estate,SQFTW
