Quarters,Year,Quarter,FillingDate,Date,NetIncome,Revenue,OperatingIncome,EPSDiluted,GrossProfit,GrossProfitRatio,TotalAssets,CommonStockEquity,CurrentAssets,CurrentLiability,TotalLiability,Inventory,RetainedEarnings,MarketCap,EnterpriseValue,bookValuePerShare,currentRatio,debtToAssets,debtToEquity,roic,shareholdersEquityPerShare,roe,priceToSalesRatio,peRatio,pbRatio,payoutRatio,inventoryTurnover,dividendYield,assetTurnover,quickRatio,returnOnAssets,priceToFreeCashFlowsRatio,grossProfitMargin,epsdilutedGrowth,fiveYNetIncomeGrowthPerShare,fiveYRevenueGrowthPerShare,fiveYShareholdersEquityGrowthPerShare,grossProfitGrowth,netIncomeGrowth,operatingIncomeGrowth,threeYNetIncomeGrowthPerShare,threeYRevenueGrowthPerShare,threeYShareholdersEquityGrowthPerShare,Industry,Sector,Symbol
2023Q1,2023,Q1,2023-05-15,2023-03-31,-1666433.0,0.0,-1651812.0,-0.19,0.0,0.0,33131447.0,17545530.0,1325958.0,3940527.0,15585917.0,-59.0,-14860534.0,88092732.94999999,89071448.94999999,1.98175283764993,0.3364925554373819,0.0452742073112593,0.08549186031997894,-0.0874973287695328,1.98175283764993,-0.09497763817906897,0.0,-13.215762792443499,5.020807747044404,0.0,0.0,0.0,0.0,0.13230286202835306,-0.05029762207488251,-2076.5323751266997,0.0,-1.0000000065510108,0.0,0.0,2558.1843314686907,0.0,-2.1899183125544464,-1.253006013712281,0.0,0.0,2558.1843314686907,Shell Companies,Financial Services,OSI
2022Q4,2022,Q4,2023-04-19,2022-12-31,1400460.0,0.0,6528746.0,29003157.88,0.0,0.0,33157227.0,19211963.0,1471362.0,3711730.0,13945264.0,-59.0,-11932405.0,227222846.64999998,228159139.64999998,0.8412843808107445,0.3964086827436263,0.04523900626551189,0.07807635273917611,0.2683450062161167,0.8412843808107445,0.07289520597140438,0.0,40.56218075667995,11.827154083630079,0.0,0.0,0.0,0.0,0.15188766424281938,0.04223694580973252,-448.92658980493803,0.0,1450157893.0,1.673353105552076,0.0,-0.9203638365298616,0.0,1.6840356169529336,4.2988026027650585,1.673353105552076,0.0,-0.9203638365298616,Shell Companies,Financial Services,OSI
2022Q3,2022,Q3,2022-11-14,2022-09-30,521774.0,0.0,-1979126.0,0.02,0.0,0.0,231612489.0,217413918.0,275734.0,2908831.0,14198571.0,0.0,-13547124.0,281750000.0,282899904.0,7.562223234782609,0.09479203157557108,0.005181067761851133,0.005519425853868288,-0.0058475682218772085,7.562223234782609,0.0023999107545635604,0.0,134.99618608822976,1.2959151952728252,0.0,0.0,0.0,0.0,0.017242321743683287,0.0022527887086434273,-806.9204707203144,0.0,0.15606936416184977,-0.9015473571752307,0.0,0.021328252987426487,0.0,0.048566438976943654,0.3572072807961418,-0.9015473571752307,0.0,0.021328252987426487,Shell Companies,Financial Services,OSI
2022Q2,2022,Q2,2022-08-15,2022-06-30,497607.0,0.0,-3078949.0,0.0173,0.0,0.0,231005861.0,216892144.0,467115.0,2533687.0,14113717.0,0.0,-13190288.0,280887500.0,281906505.0,7.5440745739130435,0.1843617621276819,0.005194673394022673,0.00553270384933813,0.009439330631087057,7.5440745739130435,0.0022942601369646655,0.0,141.1191462338753,1.2950561270674699,0.0,0.0,0.0,0.0,0.07145870819876331,0.0021540882029828672,-189.86492560870673,0.0,-0.9588095238095239,1.9465895861392015,0.0,0.044984910237507426,0.0,-0.9583572082817443,0.7572498849894135,1.9465895861392015,0.0,0.044984910237507426,Shell Companies,Financial Services,OSI
2022Q1,2022,Q1,2022-05-16,2022-03-31,11949415.0,0.0,-12683615.0,0.42,0.0,0.0,231359651.0,217736375.0,831604.0,1259806.0,13623276.0,0.0,-12264200.0,55890000.0,55429598.0,37.86719565217391,0.6601048097881738,0.0,0.0,-0.1203715669948812,37.86719565217391,0.054880196292420136,0.0,1.169304104008439,0.25668655501406235,0.0,0.0,0.0,0.0,0.3655015137251291,0.05164865588425356,-311.4672789384812,0.0,5.610318331503842,0.0,0.0,48899.71655182939,0.0,7.5425089532732486,-58.34660141024981,0.0,0.0,48899.71655182939,Shell Companies,Financial Services,OSI
2021Q4,2021,Q4,2022-03-29,2021-12-31,-1826427.0,0.0,-213721.0,-0.0911,0.0,0.0,231230914.0,211853620.0,1099477.0,1143774.0,19377294.0,0.0,-18146955.0,194123784.79999998,193483941.79999998,10.564099827915575,0.9612711951836639,0.0,0.0,-0.0018062670047510592,10.564099827915575,-0.00862117437502366,0.0,-26.571522541004924,0.9163109169435009,0.0,0.0,0.0,0.0,0.5594654188677134,-0.007898714615641747,-10622.368525307797,0.0,-1.5061111111111112,0.0,0.0,0.0,0.0,-1.344625383933494,0.5793796213017286,0.0,0.0,0.0,Shell Companies,Financial Services,OSI
2021Q3,2021,Q3,2021-11-15,2021-09-30,5299746.0,0.0,-508109.0,0.18,0.0,0.0,231213510.0,212873694.0,1206184.0,1036760.0,18339816.0,0.0,-17126881.0,282325000.0,281672243.0,7.4043024,1.163416798487596,0.0,0.0,-0.0026870275957554743,7.4043024,0.0248961997154989,0.0,13.317855233062113,1.3262559346576661,0.0,0.0,0.0,0.0,0.6348402716154172,0.02292143741946567,-7737.2632848255635,0.0,9.999999999999998,0.0,0.0,0.0,0.0,11.081619375898828,-0.7429285895597648,0.0,0.0,0.0,Shell Companies,Financial Services,OSI
2021Q2,2021,Q2,2021-08-12,2021-06-30,-525684.0,0.0,-291526.0,-0.02,0.0,0.0,231314395.0,207555288.0,1312445.0,653572.0,23759107.0,0.0,-532386.0,280887500.0,280211494.0,7.219314365217391,2.00811081258071,0.0,0.0,-0.0014045703330863822,7.219314365217391,-0.002532742022935113,0.0,-133.58191422984152,1.3533141106961342,0.0,0.0,0.0,0.0,1.0343252158905216,-0.0022725952701733066,-999.2618154004874,0.0,0.0,0.0,0.0,0.0,0.0,0.0,0.0,0.0,0.0,0.0,Shell Companies,Financial Services,OSI
2021Q1,2021,Q1,2021-03-31,2021-03-31,0.0,0.0,0.0,0.0,0.0,0.0,716147.0,22931.0,25000.0,693216.0,693216.0,0.0,-2069.0,289314125.0,289289125.0,0.000774368932038835,0.03606379541153118,0.0,0.0,,0.000774368932038835,0.0,0.0,0.0,12616.725175526579,0.0,0.0,0.0,0.0,0.03606379541153118,0.0,0.0,0.0,0.0,0.0,0.0,0.0,0.0,0.0,0.0,0.0,0.0,0.0,Shell Companies,Financial Services,OSI
