Quarters,Year,Quarter,FillingDate,Date,NetIncome,Revenue,OperatingIncome,EPSDiluted,GrossProfit,GrossProfitRatio,TotalAssets,CommonStockEquity,CurrentAssets,CurrentLiability,TotalLiability,Inventory,RetainedEarnings,MarketCap,EnterpriseValue,bookValuePerShare,currentRatio,debtToAssets,debtToEquity,roic,shareholdersEquityPerShare,roe,priceToSalesRatio,peRatio,pbRatio,payoutRatio,inventoryTurnover,dividendYield,assetTurnover,quickRatio,returnOnAssets,priceToFreeCashFlowsRatio,grossProfitMargin,epsdilutedGrowth,fiveYNetIncomeGrowthPerShare,fiveYRevenueGrowthPerShare,fiveYShareholdersEquityGrowthPerShare,grossProfitGrowth,netIncomeGrowth,operatingIncomeGrowth,threeYNetIncomeGrowthPerShare,threeYRevenueGrowthPerShare,threeYShareholdersEquityGrowthPerShare,Industry,Sector,Symbol
2023Q1,2023,Q1,2023-05-04,2023-03-31,-54700000.0,181200000.0,-52200000.0,-0.67,122000000.0,0.6732891832,1169300000.0,835200000.0,261600000.0,143300000.0,334100000.0,21800000.0,-420900000.0,1888599000.0,1996599000.0,10.273062730627306,1.8255408234473134,0.13820234328230566,0.19348659003831417,-0.046861214104153094,10.273062730627306,-0.06549329501915709,10.42273178807947,-8.63162248628885,2.261253591954023,0.0,2.7155963302752295,0.0,0.1549645086804071,1.3803210048848569,-0.046780124861027964,-33.30862433862434,0.673289183222958,-0.2884615384615385,-5.119526984743532,-0.19602582072332356,-0.24384711737025627,-0.01533494753833737,-0.29314420803782504,-0.13478260869565217,0.564888487426541,0.012465124651246549,-0.20870226071987766,Diagnostics & Research,Healthcare,MYGN
2022Q4,2022,Q4,2023-03-01,2022-12-31,-42300000.0,177800000.0,-46000000.0,-0.52,123900000.0,0.6968503937,1198700000.0,885800000.0,274600000.0,137200000.0,312900000.0,20100000.0,-366200000.0,1182565000.0,1270665000.0,10.868711656441718,2.001457725947522,0.12096437807624927,0.16369383608037932,-0.03176340264430572,10.868711656441718,-0.047753443215172726,6.6510967379077615,-6.989154846335698,1.3350248363061639,0.0,2.681592039800995,0.0,0.14832735463418703,1.5779883381924198,-0.03528822891465755,-53.02982062780269,0.6968503937007874,-0.20930232558139542,-2.1204976778854423,-0.2206982480551515,-0.1761083813263935,0.16886792452830188,-0.20512820512820512,-0.022222222222222223,-3.652405942789563,-0.1680641986333892,-0.2493203237660009,Diagnostics & Research,Healthcare,MYGN
2022Q3,2022,Q3,2022-11-02,2022-09-30,-35100000.0,156400000.0,-45000000.0,-0.43,106000000.0,0.6777493606,1212000000.0,916600000.0,352300000.0,129100000.0,295400000.0,19600000.0,-323900000.0,1539755999.9999998,1566355999.9999998,11.358116480793061,2.728892331525949,0.11328382838283828,0.1497927121972507,-0.02999940741911271,11.358116480793061,-0.03829369408684268,9.844987212276214,-10.966923076923075,1.6798559895265108,0.0,2.5714285714285716,0.0,0.12904290429042906,2.2881487219209915,-0.028960396039603962,-78.96184615384614,0.6777493606138107,-1.3888888888888888,-1.3679059768334105,-0.301000577231037,-0.10533150696704095,-0.18209876543209877,-1.4893617021276595,-1.5280898876404494,-0.5560869094452665,-0.23331344562240885,-0.22094631490511993,Diagnostics & Research,Healthcare,MYGN
2022Q2,2022,Q2,2022-08-05,2022-06-30,-14100000.0,179300000.0,-17800000.0,-0.18,129600000.0,0.7228109314,1210200000.0,947400000.0,367100000.0,119700000.0,262800000.0,15400000.0,-288800000.0,1460868000.0000002,1456368000.0000002,11.783582089552239,3.0668337510442774,0.08320938687820195,0.1062909014143973,-0.012205108852959027,11.783582089552239,-0.014882837238758708,8.147618516452873,-25.901914893617022,1.541975934135529,0.0,3.227272727272727,0.0,0.14815732936704676,2.6307435254803675,-0.011650966782350025,-25.62926315789474,0.7228109313998885,0.30769230769230776,-1.9344099813432836,-0.24143248843066462,0.032691208567800945,0.1086398631308811,0.3121951219512195,-0.19463087248322147,-2.064854299928927,-0.24006822895734878,-0.20569847977487898,Diagnostics & Research,Healthcare,MYGN
2022Q1,2022,Q1,2022-05-06,2022-03-31,-20500000.0,164900000.0,-14900000.0,-0.26,116900000.0,0.7089144936,1255400000.0,950100000.0,427400000.0,166000000.0,305300000.0,15600000.0,-274700000.0,2018520000.0,1943220000.0,11.861423220973784,2.5746987951807228,0.07161064202644575,0.09462161877697084,-0.010239911282038903,11.861423220973784,-0.021576676139353754,12.240873256519102,-24.616097560975607,2.124534259551626,0.0,3.076923076923077,0.0,0.1313525569539589,2.2295180722891565,-0.016329456746853592,-38.22954545454545,0.7089144936325046,-1.7339642481598316,-5.14972355983592,-0.2879843567810425,0.07960828835647503,0.01652173913043478,-1.6973684210526316,0.6534883720930232,-3.7187935370641774,-0.30331948868162256,-0.19630031235221082,Diagnostics & Research,Healthcare,MYGN
2021Q4,2021,Q4,2022-02-25,2021-12-31,-7600000.0,160800000.0,-43000000.0,-0.0951,115000000.0,0.7151741294,1320700000.0,967800000.0,484800000.0,204300000.0,352900000.0,15300000.0,-254200000.0,2205240000.0,2039140000.0,12.112640801001252,2.372980910425844,0.06988718104035739,0.09537094441000207,-0.006519128495453767,12.112640801001252,-0.007852862161603637,13.714179104477612,-72.54078947368421,2.278611283323001,0.0,2.9934640522875817,0.0,0.12175361550692815,2.1101321585903086,-0.005754524115999091,-165.80751879699247,0.7151741293532339,-1.3170000000000002,-2.0995099806962094,-0.3015085650956826,0.12714163273063908,-0.03765690376569038,-1.3089430894308942,0.4618272841051314,-3.7145470299412726,-0.31121466408656573,-0.1554614288345303,Diagnostics & Research,Healthcare,MYGN
2021Q3,2021,Q3,2021-11-04,2021-09-30,24600000.0,167300000.0,-79900000.0,0.3,119500000.0,0.7142857142857143,1335900000.0,968600000.0,498900000.0,203200000.0,367400000.0,18600000.0,-246600000.0,2544452000.0,2342752000.0,12.291878172588833,2.455216535433071,0.06999026873268957,0.09653107577947553,-0.04273574518490689,12.291878172588833,0.02539748090026843,15.208918111177525,25.858252032520326,2.626937848441049,0.0,2.5698924731182795,0.0,0.1252339246949622,2.2303149606299213,0.01841455198742421,-60.152529550827424,0.7142857142857143,6.0,18.898477157360404,-0.1770758561521413,0.14980451158954688,-0.11938098747236552,6.23404255319149,-2.8413461538461537,33.55620014503263,-0.2338801749424763,-0.18589447777265036,Diagnostics & Research,Healthcare,MYGN
2021Q2,2021,Q2,2021-08-04,2021-06-30,-4700000.0,189400000.0,-20800000.0,-0.06,135700000.0,0.7164730728616684,1360300000.0,902500000.0,538900000.0,271000000.0,457900000.0,17700000.0,-271200000.0,2360776000.0,2443076000.0,11.69041450777202,1.9885608856088561,0.14754098360655737,0.22238227146814404,-0.021442170186259116,11.69041450777202,-0.005207756232686981,12.464498416050686,-125.57319148936169,2.615818282548476,0.0,3.0338983050847457,0.0,0.13923399250165405,0.9564575645756458,-0.0034551201940748364,-265.25573033707866,0.7164730728616684,0.8846153846153846,-1.1193741745402823,-0.0786708621494808,0.09387650787868118,0.10504885993485343,0.8810126582278481,0.5546038543897216,-1.656576325229175,-0.11759318582400434,-0.15069120427524238,Diagnostics & Research,Healthcare,MYGN
2021Q1,2021,Q1,2021-05-05,2021-03-31,-39500000.0,173100000.0,-46700000.0,-0.52,122800000.0,0.7094165222414789,1336900000.0,875200000.0,329200000.0,149000000.0,461700000.0,24600000.0,-266500000.0,2314200000.0,2382700000.0,11.51578947368421,2.209395973154362,0.16261500486199418,0.248400365630713,-0.03217173373144324,11.51578947368421,-0.04513254113345521,13.369150779896014,-14.646835443037974,2.6441956124314445,0.0,2.0447154471544717,0.0,0.12947864462562644,1.8295302013422818,-0.029545964544842547,35.76816074188562,0.7094165222414789,0.11864406779661009,-2.130347917339361,-0.15231454620803986,0.06007462176604845,0.14232558139534884,0.10633484162895927,0.03112033195020747,-4.18224838411819,-0.178404732762138,-0.15237571943144798,Diagnostics & Research,Healthcare,MYGN
2020Q4,2020,Q4,2020-12-31,2020-12-31,-44200000.0,154600000.0,-48200000.0,-0.59,107500000.0,0.6953428201811126,1418800000.0,879900000.0,389400000.0,145900000.0,538900000.0,27100000.0,-233300000.0,1489057500.0,1661057500.0,11.685258964143426,2.668951336531871,0.2036932619114745,0.3284464143652688,-0.031018144487619838,11.685258964143426,-0.05023298102057052,9.631678525226391,-8.42227092760181,1.6923031026252984,0.0,1.7380073800738007,0.0,0.10896532280800676,1.8677176148046608,-0.031153087115872568,-72.99301470588236,0.6953428201811126,-1.9499999999999997,-2.3657580897531982,-0.25118975726684567,0.0687736857448255,0.06435643564356436,-1.9078947368421053,-0.21717171717171718,-2.267230144841196,-0.26659136649279175,-0.1142108442188368,Diagnostics & Research,Healthcare,MYGN
2020Q3,2020,Q3,2020-11-09,2020-09-30,-15200000.0,145200000.0,-39600000.0,-0.2,101000000.0,0.6955922865013774,1444500000.0,909300000.0,394500000.0,133700000.0,535200000.0,26600000.0,-189100000.0,974087999.9999999,1147488000.0,12.17269076305221,2.950635751682872,0.20193838698511596,0.3207962168701199,-0.010861850834696207,12.17269076305221,-0.016716155284284613,6.708595041322313,-16.021184210526314,1.0712504124051467,0.0,1.6616541353383458,0.0,0.10051921079958463,2.110695587135378,-0.010522672204915196,-16.021184210526314,0.6955922865013774,0.7297297297297298,-1.525530694205393,-0.2722760250812515,0.21709191590989205,0.7876106194690266,0.7256317689530686,0.42020497803806733,-1.1721179828231958,-0.29893285022318505,-0.0411682324659759,Diagnostics & Research,Healthcare,MYGN
2020Q2,2020,Q2,2020-08-13,2020-06-30,-55400000.0,93200000.0,-68300000.0,-0.74,56500000.0,0.6062231759656652,1404600000.0,918200000.0,331700000.0,147000000.0,486400000.0,29100000.0,-173900000.0,845964000.0,977064000.0,12.308310991957105,2.2564625850340136,0.20988181688737007,0.32106294924852974,-0.05048888569225175,12.308310991957105,-0.06033543890219996,9.0768669527897,-3.817527075812274,0.9213286865606621,0.0,1.261168384879725,0.0,0.06635341022355119,1.9646258503401361,-0.03944183397408515,30.65086956521739,0.6062231759656652,0.5225806451612903,-3.7542933840107198,-0.543387092884647,0.29013258245253465,-0.5039508340649693,0.5190972222222222,0.48915482423335827,-4.956811327077749,-0.5750409499040603,0.0786774732092966,Diagnostics & Research,Healthcare,MYGN
2020Q1,2020,Q1,2020-05-06,2020-03-31,-115200000.0,164000000.0,-133700000.0,-1.55,113900000.0,0.6945121951219512,1446700000.0,967200000.0,355200000.0,113200000.0,479500000.0,30800000.0,-118500000.0,1066095000.0,1239095000.0,12.982550335570469,3.137809187279152,0.20322112393723646,0.303970223325062,-0.08833433698663135,12.982550335570469,-0.11910669975186104,6.500579268292683,-2.3135742187500004,1.102248759305211,0.0,1.6266233766233766,0.0,0.11336144328471694,2.5309187279151946,-0.07962950162438653,77.25326086956522,0.6945121951219512,-13.09090909090909,-6.090469923666507,-0.13533853399043508,0.3721290518486972,-0.21718213058419245,-12.879518072289157,-14.193181818181818,-26.072291466922337,-0.23864190250902415,0.18165153415176274,Diagnostics & Research,Healthcare,MYGN
2019Q4,2019,Q4,2020-02-07,2019-12-31,-8300000.0,195100000.0,-8800000.0,-0.11,145500000.0,0.7457713992824193,1578300000.0,1077200000.0,365300000.0,112400000.0,501000000.0,28100000.0,-3300000.0,2025912000.0,2241312000.0,14.478494623655914,3.25,0.18792371538997657,0.2753434831043446,-0.0044330018292808755,14.478494623655914,-0.0077051615298923135,10.383967196309586,-61.021445783132535,1.8807203861864092,0.0,1.7651245551601424,0.0,0.12361401507951593,2.349644128113879,-0.00525882278400811,-382.2475471698113,0.7457713992824193,0.6071428571428572,-1.3364136399981565,0.030576384334324698,0.5113095738979304,0.06515373352855051,0.5970873786407767,0.5789473684210527,-2.28954802259887,-0.08986429177268883,0.3472961295310866,Diagnostics & Research,Healthcare,MYGN
2019Q3,2019,Q3,2019-11-06,2019-09-30,-20600000.0,186300000.0,-20900000.0,-0.28,136600000.0,0.7332259796027912,1591200000.0,1074500000.0,329500000.0,115400000.0,516700000.0,28100000.0,5000000.0,2110031000.0,2320731000.0,14.579375848032564,2.8552859618717505,0.18891402714932126,0.27975802698929736,-0.013308558942165233,14.579375848032564,-0.019171707771056305,11.325984970477725,-25.607172330097086,1.9637328990228013,0.0,1.7686832740213523,0.0,0.1170814479638009,2.3050259965337956,-0.012946204122674712,146.52993055555555,0.7332259796027912,-3.6666666666666674,-2.2725627389157443,0.08940242308485234,0.4896287647692107,-0.17111650485436894,-3.9047619047619047,-2.732142857142857,-15.025327905924923,-0.02020448334511824,0.36378118061813797,Diagnostics & Research,Healthcare,MYGN
2019Q2,2019,Q2,2019-08-13,2019-06-30,-4200000.0,215400000.0,-5600000.0,-0.06,164800000.0,0.7650882079851439,1562700000.0,1088900000.0,348600000.0,117800000.0,473800000.0,31400000.0,25600000.0,2017766000.0,2158066000.0,14.835149863760218,2.9592529711375213,0.1494208741281116,0.2144365873817614,-0.0023648462849914756,14.835149863760218,-0.003857103498943888,9.36753017641597,-120.10511904761904,1.8530314996785746,0.0,1.6114649681528663,0.0,0.13783835669034364,2.338709677419355,-0.0026876559800345554,67.03541528239202,0.7650882079851439,-1.6666666666666667,-1.1265671301757505,0.15650166587463027,0.5349161381742179,-0.01904761904761905,-1.608695652173913,-1.9491525423728813,-1.1121974675428754,0.1020511980914736,0.3881305847656934,Diagnostics & Research,Healthcare,MYGN
2019Q1,2019,Q1,2019-05-08,2019-03-31,6900000.0,216600000.0,5900000.0,0.09,168000000.0,0.775623268698061,1557300000.0,1081800000.0,342900000.0,108900000.0,475600000.0,31900000.0,29800000.0,2426230000.0,2604730000.0,14.758526603001364,3.1487603305785123,0.1691388942400308,0.24348308374930672,0.009170653907496013,14.758526603001364,0.006378258458125347,11.201431209602955,87.90688405797101,2.2427713070807913,0.0,1.5235109717868338,0.0,0.13908688114043538,2.724517906336088,0.0044307455210942015,693.2085714285714,0.775623268698061,2.0,-0.8110132266465224,0.1925146199423564,0.5084821879095425,0.020036429872495445,1.6538461538461537,-0.03278688524590164,-0.7952736464148511,0.09977978537130329,0.3585815842025406,Diagnostics & Research,Healthcare,MYGN
2018Q4,2018,Q4,2019-02-06,2018-12-31,2600000.0,216800000.0,6100000.0,0.03,164700000.0,0.7596863468634686,1556600000.0,1064200000.0,336800000.0,113300000.0,492500000.0,33300000.0,22900000.0,2156994000.0,2339694000.0,14.342318059299192,2.972639011473963,0.175574971090839,0.25681262920503667,0.003293873312564901,14.342318059299192,0.0024431497838752116,9.949234317343173,207.40326923076924,2.0268690095846646,0.0,1.5645645645645645,0.0,0.13927791340100218,2.581641659311562,0.0016703070795323141,61.6284,0.7596863468634686,4.0,-0.9477663785702511,0.07488971189436641,0.5927869933940809,0.07929226736566186,4.714285714285714,4.083333333333333,-0.9184702836860505,0.06564520604677171,0.31179738347248703,Diagnostics & Research,Healthcare,MYGN
2018Q3,2018,Q3,2018-11-07,2018-09-30,-700000.0,202300000.0,1200000.0,-0.01,152600000.0,0.754325259515571,1573600000.0,1102200000.0,341900000.0,108000000.0,471400000.0,35900000.0,53400000.0,3258720000.0,3423420000.0,15.098630136986301,3.1657407407407407,0.1639552618200305,0.23407729994556342,-0.000882223202470225,15.098630136986301,-0.000635093449464707,16.108353929807215,-1163.8285714285714,2.956559608056614,0.0,1.384401114206128,0.0,0.12855871886120995,2.662962962962963,-0.00044483985765124553,501.34153846153845,0.754325259515571,-1.1111111111111112,-1.0137572873921479,0.08916937656202521,0.7405797905038664,0.023474178403755867,-1.1076923076923078,-0.8762886597938144,-1.0247656813266042,0.03751334403344403,0.509643269409051,Diagnostics & Research,Healthcare,MYGN
2018Q2,2018,Q2,2018-08-24,2018-06-30,6500000.0,194900000.0,9700000.0,0.09,149100000.0,0.7650076962544895,1174100000.0,964900000.0,326400000.0,102200000.0,209200000.0,34300000.0,52900000.0,2619637000.0,2518037000.0,13.764621968616263,3.1937377690802347,0.007920960735882804,0.00963830448751166,0.0063450754968380286,13.764621968616263,0.0067364493729920195,13.440928681375064,100.75526923076922,2.71493108094103,0.0,1.3352769679300291,0.0,0.1659994889702751,2.7661448140900196,0.0055361553530363684,56.82509761388286,0.7650076962544895,-0.43750000000000006,-0.831343499135192,0.2801116451024813,0.5144987259517526,-0.002008032128514056,-0.4298245614035088,-0.4294117647058823,-0.6560980801261741,0.016166608633888857,0.44278019124296736,Diagnostics & Research,Healthcare,MYGN
2018Q1,2018,Q1,2018-05-09,2018-03-31,11400000.0,193500000.0,17000000.0,0.16,149400000.0,0.772093023255814,1218500000.0,948300000.0,331500000.0,94300000.0,270100000.0,33400000.0,56200000.0,2062590000.0,2034490000.0,13.585959885386819,3.5153764581124074,0.05687320475995076,0.07307813982916798,0.011441061558986087,13.585959885386819,0.012021512179689971,10.65937984496124,45.232236842105266,2.1750395444479595,0.0,1.3203592814371257,0.0,0.15880180549856382,3.014846235418876,0.009355765285186704,239.8360465116279,0.772093023255814,-0.6444444444444445,-0.6535641033164079,0.4239997038568634,0.6422377814593221,-0.001336898395721925,-0.6448598130841121,2.8636363636363638,-0.4623358272930141,0.08889016778141261,0.43590356086773546,Diagnostics & Research,Healthcare,MYGN
2017Q4,2017,Q4,2018-02-07,2017-12-31,32100000.0,194000000.0,4400000.0,0.45,149600000.0,0.7711340206185567,1228500000.0,914200000.0,327000000.0,159300000.0,314300000.0,38200000.0,44800000.0,2380108500.0,2334608500.0,13.191919191919192,2.0527306967984935,0.035164835164835165,0.04725443010282214,0.039871498822825334,13.191919191919192,0.035112666812513675,12.268600515463918,18.536670560747663,2.6034877488514545,0.0,1.162303664921466,0.0,0.15791615791615793,1.60075329566855,0.02612942612942613,77.02616504854369,0.7711340206185567,-0.6086956521739131,0.08003246135453007,0.5333944436800814,0.6276117057727643,0.016304347826086956,-0.6041923551171393,-0.9496567505720824,0.3968193320280208,0.10018152536035539,0.3770128933335946,Diagnostics & Research,Healthcare,MYGN
2017Q3,2017,Q3,2017-11-08,2017-09-30,81100000.0,190200000.0,87400000.0,1.15,147200000.0,0.7739221871713985,1228300000.0,870900000.0,325600000.0,139200000.0,357700000.0,38900000.0,12800000.0,2481948000.0,2468248000.0,12.69533527696793,2.339080459770115,0.060408694944231865,0.08519921919853025,0.08649695047972,12.69533527696793,0.09312205764152026,13.049148264984227,7.650887792848335,2.849865656217706,0.0,1.1053984575835476,0.0,0.15484816412928437,1.8038793103448276,0.0660262150940324,113.3309589041096,0.7739221871713985,5.052631578947368,2.200016678520928,0.6949279369692396,0.6293858699599381,-0.06776440785307157,5.3359375,4.141176470588236,4.382402962078694,0.1948939625399218,0.2971293698771571,Diagnostics & Research,Healthcare,MYGN
2017Q2,2017,Q2,2017-08-09,2017-06-30,12800000.0,200500000.0,17000000.0,0.19,157900000.0,0.7875311720698255,1224400000.0,778200000.0,317100000.0,217500000.0,446600000.0,42200000.0,-68400000.0,1762288000.0,1758988000.0,11.410557184750733,1.4579310344827585,0.08093760209081999,0.12734515548702133,0.013090211504834708,11.410557184750733,0.01644821382677975,8.789466334164588,34.4196875,2.2645695194037523,0.0,1.009478672985782,0.0,0.16375367526951976,1.2045977011494253,0.010454099967330937,49.088802228412256,0.7875311720698255,2.166666666666667,-0.4571791355947247,0.8635581784415518,0.5129767679525461,0.03473132372214941,2.0476190476190474,0.3178294573643411,-0.5848612269839365,0.15858159723144638,0.18059126663883865,Diagnostics & Research,Healthcare,MYGN
2017Q1,2017,Q1,2017-05-03,2017-03-31,4200000.0,196900000.0,12900000.0,0.06,152600000.0,0.7750126968004063,1267800000.0,748200000.0,348300000.0,221700000.0,519900000.0,47400000.0,-81400000.0,1307520000.0,1350820000.0,10.986784140969164,1.5710419485791611,0.1318031235210601,0.22333600641539694,0.0073992133726647,10.986784140969164,0.0056134723336006415,6.640528186896902,77.82857142857142,1.747554129911788,0.0,0.9345991561181435,0.0,0.15530840826628806,1.3139377537212449,0.003312825366777094,33.018181818181816,0.7750126968004063,-0.3333333333333333,-0.8242285542583567,0.880436866416408,0.42184528483166844,0.003287310979618672,-0.288135593220339,-0.022727272727272728,-0.8761806634646373,0.1668306772307741,0.12296902156131141,Diagnostics & Research,Healthcare,MYGN
2016Q4,2016,Q4,2017-02-08,2016-12-31,5900000.0,196500000.0,13200000.0,0.09,152100000.0,0.7740458015267175,1276100000.0,732900000.0,341600000.0,82800000.0,543400000.0,51300000.0,-85700000.0,1136894000.0,1232794000.0,10.74633431085044,4.125603864734299,0.15986207977431235,0.2783462955382726,0.006869851250254709,10.74633431085044,0.008050211488606905,5.785720101781171,48.17347457627119,1.5512266339200438,0.0,0.8654970760233918,0.0,0.15398479742966853,3.042270531400966,0.004623462111119818,39.20324137931034,0.7740458015267175,5.5,-0.7416615676588589,0.982381983560033,0.47227100900545493,0.10618181818181818,5.916666666666667,1.1290322580645162,-0.8710419874265988,0.059953256804752136,0.19343480225563292,Diagnostics & Research,Healthcare,MYGN
2016Q3,2016,Q3,2016-11-02,2016-09-30,-1200000.0,177500000.0,6200000.0,-0.02,137500000.0,0.7746478873239436,1270900000.0,735500000.0,322900000.0,274900000.0,535600000.0,53900000.0,-86500000.0,1415904000.0,1528204000.0,10.690406976744185,1.1746089487086213,0.15673931859312298,0.2708361658735554,-0.0019899432973146465,10.690406976744185,-0.0016315431679129844,7.976923943661972,-294.97999999999996,1.9250904146838885,0.0,0.7421150278293135,0.0,0.13966480446927373,0.8490360130956711,-0.0009442127626091746,-321.79636363636365,0.7746478873239436,-1.0408163265306123,-1.0592358909879667,0.991062399303833,0.5738694720578299,-0.060792349726775954,-1.0336134453781514,-0.8258426966292135,-1.0250236373661161,0.013986840060412908,0.23239699013493015,Diagnostics & Research,Healthcare,MYGN
2016Q2,2016,Q2,2016-08-10,2016-06-30,35700000.0,186400000.0,35600000.0,0.49,146400000.0,0.7854077253218884,880500000.0,748100000.0,314500000.0,72300000.0,132400000.0,38300000.0,-73200000.0,2142000000.0,2073500000.0,10.687142857142858,4.349930843706777,0.0,0.0,0.04566838140493552,10.687142857142858,0.04772089292875284,11.491416309012875,15.0,2.8632535757251705,0.0,1.0443864229765014,0.0,0.21169789892106758,3.5131396957123098,0.040545144804088586,39.52029520295203,0.7854077253218884,0.1136363636363636,0.0,0.0,0.0,-0.02594810379241517,0.0950920245398773,-0.1643192488262911,-0.07236329808957667,0.22603225290345874,0.1758887587404155,Diagnostics & Research,Healthcare,MYGN
2016Q1,2016,Q1,2016-05-04,2016-03-31,32600000.0,190500000.0,42600000.0,0.44,150300000.0,0.7889763779527559,868200000.0,770200000.0,372400000.0,66100000.0,98000000.0,25300000.0,-69200000.0,2653787000.0,2533287000.0,10.863187588152327,5.633888048411498,0.0,0.0,0.04183563976211319,10.863187588152327,0.04232666839781875,13.930640419947506,20.351127300613495,3.445581667099455,0.0,1.5889328063241106,0.0,0.21941948859709745,4.700453857791225,0.03754895185441143,61.14716589861751,0.7889763779527559,0.07317073170731714,0.45158707001604287,1.3150330753001325,0.8270188849494035,-0.015717092337917484,0.07590759075907591,-0.05752212389380531,-0.024685182756068517,0.38017163324362857,0.3131156896416659,Diagnostics & Research,Healthcare,MYGN
2015Q4,2015,Q4,2016-02-03,2015-12-31,30300000.0,193300000.0,45200000.0,0.41,152700000.0,0.7899637868598034,871700000.0,770800000.0,375500000.0,65900000.0,100900000.0,29100000.0,-68600000.0,3042779999.9999995,2908079999.9999995,10.933333333333334,5.6980273141122915,0.0,0.0,0.039484518249437814,10.933333333333334,0.039309807991696935,15.74123124676668,25.105445544554453,3.947560975609756,0.0,1.395189003436426,0.0,0.22175060227142365,4.641168437025796,0.03475966502237008,76.45175879396983,0.7899637868598034,0.10810810810810806,0.6261240113036587,1.498561280719444,0.7834688110221393,0.03877551020408163,0.13909774436090225,0.04387990762124711,0.002117214391033619,0.5018554226263675,0.348948629654242,Diagnostics & Research,Healthcare,MYGN
2015Q3,2015,Q3,2015-11-04,2015-09-30,26600000.0,183500000.0,43300000.0,0.37,147000000.0,0.8010899182561307,787000000.0,687100000.0,307300000.0,59000000.0,99900000.0,34300000.0,-78800000.0,2574876000.0,2487476000.0,10.00145560407569,5.208474576271186,0.0,0.0,0.03853544047362143,10.00145560407569,0.038713433270266336,14.032021798365122,24.199962406015036,3.7474545189928685,0.0,1.064139941690962,0.0,0.2331639135959339,4.107813559322034,0.033799237611181705,107.73539748953975,0.8010899182561307,0.423076923076923,0.602208038618394,1.711887863246173,0.6332477469404567,-0.029670946235849368,0.42154766994442067,0.19619868501022156,0.04804614036938405,0.632842037368348,0.2836392332132761,Diagnostics & Research,Healthcare,MYGN
2015Q2,2015,Q2,2015-08-12,2015-06-30,18712000.0,189884000.0,36198000.0,0.26,151495000.0,0.7978292009858651,766200000.0,662100000.0,283600000.0,68700000.0,104100000.0,25100000.0,-77000000.0,2358906000.0,2294806000.0,9.540345821325648,4.128093158660844,0.0,0.0,0.02880428831402076,9.540345821325648,0.028261591904546142,12.42287923153083,31.51595233005558,3.5627639329406438,0.0,1.5294422310756972,0.0,0.24782563299399635,3.3842794759825328,0.024421821978595666,48.092845929580626,0.7978292009858651,-0.10344827586206887,0.0,0.0,0.0,0.05430364947248281,-0.12866123399301513,0.012814773363178511,-0.22018483676371903,0.7343704064611053,0.26499708578553344,Diagnostics & Research,Healthcare,MYGN
2015Q1,2015,Q1,2015-05-06,2015-03-31,21475000.0,179985000.0,35740000.0,0.29,143692000.0,0.7983554185070978,779049000.0,668898000.0,282424000.0,67173000.0,110151000.0,29359000.0,-62282000.0,2502638400.0,2447429400.0,9.461610274980197,4.204427374093758,0.0,0.0,0.03226211233874876,9.461610274980197,0.03210504441633851,13.904705392116009,29.134323632130386,3.741435016998107,0.0,1.2361797063932696,0.0,0.2310316809340619,3.418337724978786,0.0275656601831207,98.44767711734393,0.7983554185070978,-0.09375000000000008,-0.11519677477421521,1.7147211948872152,0.615214243094438,-0.019441657966029986,-0.10636261495568225,-0.01656485608937318,-0.13426599404744424,0.655776152109514,0.22446621174890502,Diagnostics & Research,Healthcare,MYGN
2014Q4,2014,Q4,2015-02-04,2014-12-31,24031000.0,184393000.0,36342000.0,0.32,146541000.0,0.7947210577408036,781854000.0,694241000.0,320088000.0,59837000.0,87613000.0,20173000.0,-36975000.0,2468226020.0,2408517020.0,9.580098527605669,5.349332352892024,0.0,0.0,0.03315683610641053,9.580098527605669,0.034614780746167396,13.385681777507823,25.677520910490617,3.5552870256870452,0.0,1.8763694046497794,0.0,0.23584070683273348,4.223390210070692,0.030735917447502988,52.90831965016827,0.7947210577408036,0.523809523809524,-0.09713553894475915,1.6405653835736476,0.7827754360936773,0.09381811124712626,0.5036290827180578,0.40208333333333335,-0.009731547779584777,0.7507063600626505,0.3124941880291712,Diagnostics & Research,Healthcare,MYGN
2014Q3,2014,Q3,2014-11-05,2014-09-30,15982000.0,168837000.0,25920000.0,0.21,133972000.0,0.7934990553018592,809006000.0,712150000.0,335366000.0,67725000.0,96856000.0,24775000.0,-17449000.0,2806468910.0,2736665910.0,9.787254511221363,4.95187892211148,0.0,0.0,0.022479193156204207,9.787254511221363,0.022441901284841678,16.622357125511588,43.90046474158429,3.940839584357228,0.0,1.4072653884964683,0.0,0.2086968452644356,3.6565817644887413,0.01975510688425055,-620.7628644105287,0.7934990553018592,-0.5116279069767442,-0.30755889157428556,1.6160781036404677,0.9852279586459585,-0.1509259376624035,-0.5247978116079924,-0.513275998047095,-0.2540449693736942,0.7907377208633758,0.44090502110733487,Diagnostics & Research,Healthcare,MYGN
2014Q2,2014,Q2,2014-08-13,2014-06-30,33632000.0,188766000.0,53254000.0,0.43,157786000.0,0.8358814617039085,823814000.0,718998000.0,322423000.0,80578000.0,104816000.0,23919000.0,2004000.0,2895297720.0,2830476720.0,9.665120780739606,4.001377547221326,0.0,0.0,0.047400151863125066,9.665120780739606,0.046776208000578585,15.338025491878835,21.521896705518557,4.026850867457211,0.0,1.2952046490237885,0.0,0.22913667405506583,3.3697659410757277,0.04082474927592879,79.72732259396943,0.8358814617039085,-0.10416666666666664,0.0,0.0,0.0,0.009410485238140934,-0.08534131085123742,-0.036771754662036284,0.0,0.0,0.0,Diagnostics & Research,Healthcare,MYGN
2014Q1,2014,Q1,2014-05-07,2014-03-31,36770000.0,182924000.0,55287000.0,0.48,156315000.0,0.8545352168113534,816426000.0,722242000.0,338164000.0,72156000.0,94184000.0,18906000.0,18865000.0,2523939990.0,2438141990.0,9.783692987090394,4.6865679915738125,0.0,0.0,0.04908553224609736,9.783692987090394,0.05091091351652216,13.7977520172312,17.160320845798203,3.4945904419848195,0.0,1.4074367925526288,0.0,0.2240545989471183,4.130799933477466,0.04503776214868218,260.36104703940583,0.8545352168113534,-0.27272727272727276,0.8557536892729868,1.6716727652360062,0.580448255335471,-0.12147541997088726,-0.2698570293884035,-0.3338835407655514,0.5724810921021334,1.1350065953942914,0.645464713456308,Diagnostics & Research,Healthcare,MYGN
2013Q4,2013,Q4,2014-02-05,2013-12-31,50360000.0,204060000.0,82999000.0,0.66,177929000.0,0.8719445261197687,756681000.0,675971000.0,454506000.0,67392000.0,80710000.0,0.0,11603000.0,1574968600.0,1503369600.0,9.00454242706807,6.744212962962963,0.0,0.0,0.07348646614100753,9.00454242706807,0.07450023743622138,7.718164265412134,7.818549444003177,2.3299351599402933,0.0,0.0,0.0,0.2696777109508498,6.382760565052232,0.06655380536844456,35.22158958761965,0.8719445261197687,-0.029411764705882377,1.9482434420292134,2.0020220816249257,0.6144025764968101,0.005328105047856893,-0.09204002524114306,0.0011459036958409727,1.5381626949071006,1.4770725976344816,0.46884029660379567,Diagnostics & Research,Healthcare,MYGN
2013Q3,2013,Q3,2013-11-12,2013-09-30,55465000.0,202467000.0,82904000.0,0.68,176986000.0,0.8741473919206587,781658000.0,690272000.0,458675000.0,79030000.0,91386000.0,0.0,13955000.0,1870012500.0,1785025500.0,8.674483191957274,5.803808680248007,0.0,0.0,0.0794676410469021,8.674483191957274,0.08035238282879792,9.236134777519299,8.42879518615343,2.7090951103333176,0.0,0.0,0.0,0.25902248809581685,5.333303808680248,0.07095814281949395,21.944124998533155,0.8741473919206587,0.28301886792452835,3.378456464593864,2.1366897559783293,0.6510183041751969,0.16405993080859235,0.2584516948767981,0.2577219491473997,1.8842730817700641,1.583271166254664,0.4165518190535836,Diagnostics & Research,Healthcare,MYGN
2013Q2,2013,Q2,2013-08-14,2013-06-30,44074000.0,174115000.0,65916000.0,0.53,152042000.0,0.8732274646067254,803821000.0,728594000.0,483992000.0,64509000.0,75227000.0,5007000.0,30866000.0,2190135120.0,2086062120.0,9.088566225082953,7.502705048907904,0.0,0.0,0.0593121941896628,9.088566225082953,0.06049185142891651,12.57866995950952,12.423056223623904,3.0059746854901355,0.0,4.408428200519273,0.0,0.2166091704496399,7.286146119146165,0.05483061527379852,36.37554385556977,0.8732274646067254,0.15217391304347827,0.0,0.0,0.0,0.1168226358547944,0.16314789401456772,0.13809178493732518,0.0,0.0,0.0,Diagnostics & Research,Healthcare,MYGN
2013Q1,2013,Q1,2013-05-08,2013-03-31,37892000.0,156472000.0,57918000.0,0.46,136138000.0,0.8700470371695894,729028000.0,664929000.0,447705000.0,53621000.0,64099000.0,7136000.0,2050000.0,2019020000.0,1906697000.0,8.272833592534992,8.349433990414203,0.0,0.0,0.05571388324909572,8.272833592534992,0.05698653540453191,12.90339485658776,13.320885675076534,3.0364444925698835,0.0,2.849495515695067,0.0,0.21463098811019604,8.04751869603327,0.051976055789352396,56.36257048740997,0.8700470371695894,0.09523809523809533,10.049695810873576,1.8019180032076125,1.0816024383010014,0.0532431763322399,0.08151615481219317,0.04195300975065664,0.37320352380800476,1.075866455150351,0.4122753168926749,Diagnostics & Research,Healthcare,MYGN
2012Q4,2012,Q4,2013-02-06,2012-12-31,35036000.0,149140000.0,55586000.0,0.42,129256000.0,0.8666756068123911,717746000.0,662120000.0,457333000.0,45488000.0,55626000.0,10467000.0,-4272000.0,2226107000.0,2157684000.0,8.105077608578563,10.053926310235667,0.0,0.0,0.05161580224035,8.105077608578563,0.05291487947804024,14.926290733538957,15.884426018951935,3.3620899534827524,0.0,1.8996847234164518,0.0,0.20778938510280795,8.852972212451636,0.0488139258177684,126.72095406159276,0.8666756068123911,0.16666666666666666,8.46437720830834,1.837392811281121,1.04531054100898,0.11322022220308328,0.16259623042208654,0.1441686221234202,0.16768576735309884,0.8945557442752227,0.508286498992624,Diagnostics & Research,Healthcare,MYGN
2012Q3,2012,Q3,2012-11-09,2012-09-30,30136000.0,133437000.0,48582000.0,0.36,116110000.0,0.8701484595726823,703061000.0,635567000.0,435134000.0,57356000.0,67494000.0,10602000.0,-14997000.0,2235072800.0,2139489800.0,7.791484823223655,7.586547179022247,0.0,0.0,0.04623581313549576,7.791484823223655,0.04741592939847412,16.750022857228505,18.541551632598882,3.516659612597885,0.0,1.634314280324467,0.0,0.18979434216945615,6.880500732268638,0.04286399046455428,45.71168422129052,0.8701484595726823,0.058823529411764594,5.024448919891773,1.953190549090799,0.986606568455167,0.0008361131942109936,0.034108846338617806,0.027407689379520365,0.16468051497102368,0.8442883991649103,0.580409857809962,Diagnostics & Research,Healthcare,MYGN
2012Q2,2012,Q2,2012-08-15,2012-06-30,29142000.0,132965000.0,47286000.0,0.34,116013000.0,0.8725078028052495,690635000.0,635660000.0,422492000.0,44967000.0,54975000.0,11574000.0,-12684000.0,2003454450.0,1917102450.0,7.541792727057009,9.39560121867147,0.0,0.0,0.044723533488411675,7.541792727057009,0.04584526319101406,15.067532433347122,17.18700200741198,3.1517705219771575,0.0,1.4646621738379126,0.0,0.19252571908461055,8.976204772388641,0.0421959501038899,50.53103435230024,0.8725078028052495,0.0,0.0,0.0,0.0,0.03077770571040169,-0.015971635995272664,0.025815688996876085,0.0,0.0,0.0,Diagnostics & Research,Healthcare,MYGN
2012Q1,2012,Q1,2012-05-02,2012-03-31,29615000.0,129777000.0,46096000.0,0.34,112549000.0,0.8672492044044785,699253000.0,652193000.0,418669000.0,37052000.0,47060000.0,10383000.0,-88000.0,1996974980.0,1892122980.0,7.727130552231555,11.299498002806866,0.0,0.0,0.044083796368146105,7.727130552231555,0.04540833771598284,15.387741895713416,16.857799932466655,3.061938689927675,0.0,1.6592506982567659,0.0,0.18559376935100744,10.520700636942674,0.04235233885303317,52.74908817158857,0.8672492044044785,0.030303030303030328,5.90564696198305,2.115181601793164,0.8909758235630652,0.05487656288076181,0.04661436245405711,0.013878807874188936,0.3072555079086682,0.6578008002684109,0.2482331585974718,Diagnostics & Research,Healthcare,MYGN
2011Q4,2011,Q4,2012-02-01,2011-12-31,28296000.0,122811000.0,45465000.0,0.33,106694000.0,0.868765827165319,661258000.0,616764000.0,432437000.0,35046000.0,44494000.0,10294000.0,-21430000.0,1769388120.0,1660540120.0,7.299155009586026,12.339125720481652,0.0,0.0,0.04458565569945041,7.299155009586026,0.045878164095180654,14.407407479786013,15.63284669211196,2.8688252232620584,0.0,1.5656693219351079,0.0,0.18572327291314433,11.157592877931862,0.04279116471936823,72.40907349811754,0.868765827165319,0.13793103448275876,4.0310545383881315,2.1160740100900775,1.4639793311138483,0.11034332039420966,0.12737559265309376,0.0962818287037037,0.47171139586613886,0.6051412436183292,0.30864780183640517,Diagnostics & Research,Healthcare,MYGN
2011Q3,2011,Q3,2011-11-02,2011-09-30,25099000.0,110452000.0,41472000.0,0.29,96091000.0,0.8699797196972441,619735000.0,578994000.0,418479000.0,31293000.0,40741000.0,9703000.0,-38299000.0,1597416339.9999998,1534740339.9999998,6.79243556504499,13.372926852650753,0.0,0.0,0.04300402517319739,6.79243556504499,0.043349326590603705,14.462538840401258,15.91115522530778,2.7589514571826306,0.0,1.4800577141090385,0.0,0.17822456372481787,12.582270795385549,0.040499568363897474,53.701887312579835,0.8699797196972441,0.0,2.881620290365272,2.067210967746279,1.2483913463789493,0.012667432473732466,-0.036136712749615975,-0.007300667831581971,0.849637187285335,0.5974196162944992,0.29280732922712566,Diagnostics & Research,Healthcare,MYGN
2011Q2,2011,Q2,2011-08-15,2011-06-30,26040000.0,107412000.0,41777000.0,0.0,94889000.0,0.883411536886009,610827000.0,566792000.0,418261000.0,34387000.0,44035000.0,5668000.0,-38630000.0,0.0,-52681000.0,0.0,12.163346613545817,0.0,0.0,0.04558271803113553,0.0,0.0459427797146043,0.0,0.0,0.0,0.0,2.2094213126323217,,0.17584684370533718,11.55390118358682,0.04263072850414274,0.0,0.883411536886009,-1.0,0.0,0.0,0.0,0.03998202562444515,-0.06800286327845383,-0.0011237566947207346,0.0,0.0,0.0,Diagnostics & Research,Healthcare,MYGN
2011Q1,2011,Q1,2011-05-04,2011-03-31,27940000.0,102374000.0,41824000.0,0.31,91241000.0,0.8912516849981441,557280000.0,524460000.0,415606000.0,23372000.0,32820000.0,0.0,-48082000.0,1777350899.9999998,1709972899.9999998,5.945854023535814,17.78221803867876,0.0,0.0,0.05265941656205286,5.945854023535814,0.05327384357243641,17.36135053822259,15.903282927702218,3.388916027914426,0.0,0.0,0.0,0.1837029859316681,17.497176108163615,0.05013637668676428,60.70602158617391,0.8912516849981441,0.19230769230769226,3.596817335777029,2.055023685869456,0.8174347101780837,0.032208068420933544,0.1549749906990203,0.08391644637951588,7.080449873253407,0.6704416830849915,0.49609007539355027,Diagnostics & Research,Healthcare,MYGN
2010Q4,2010,Q4,2011-02-01,2010-12-31,24191000.0,100440000.0,38586000.0,0.26,88394000.0,0.8800677021107128,593609000.0,561101000.0,444812000.0,23188000.0,32508000.0,0.0,-20661000.0,2090499520.0,2022830520.0,6.13037540424788,19.182853199931,0.0,0.0,0.04259680411726697,6.13037540424788,0.04311345016316136,20.813416168857028,21.604104005621924,3.725709845464542,0.0,0.0,0.0,0.1692022863534751,19.010134552354668,0.04075241446810948,60.48899074074074,0.8800677021107128,0.08333333333333341,3.3629603120207125,1.8546051805324717,0.6657350350840403,0.09334916570806585,0.07334279882864496,0.0841504874827906,5.6000064221160075,0.705523019438049,0.5469958512648141,Diagnostics & Research,Healthcare,MYGN
2010Q3,2010,Q3,2010-11-03,2010-09-30,22538000.0,91858000.0,35591000.0,0.24,80847000.0,0.880130200962355,610842000.0,571111000.0,491847000.0,30931000.0,39731000.0,0.0,-3758000.0,1530445830.0,1407140830.0,6.1236610445728745,15.901425754097831,0.0,0.0,0.03882312458601795,6.1236610445728745,0.039463431802224086,16.66099664699863,16.976282611589316,2.6797694843909503,0.0,0.0,0.0,0.15037931248997286,15.29691894862759,0.036896611562400754,55.984410505907746,0.880130200962355,0.0,2.6152200309162863,1.4226092824447059,1.9624615472507645,-0.02200420971136864,-0.5767511737089202,-0.053808321148478,3.6324971888440793,0.778131661809293,0.5613590387651194,Diagnostics & Research,Healthcare,MYGN
2010Q2,2010,Q2,2010-08-12,2010-06-30,53250000.0,93928000.0,37615000.0,0.0,82666000.0,0.8800996507963547,593847000.0,557581000.0,473976000.0,27466000.0,36266000.0,0.0,-10465000.0,0.0,-92840000.0,0.0,17.256826622005388,0.0,0.0,0.0930551481513764,0.0,0.09550181946658871,0.0,0.0,0.0,0.0,0.0,,0.15816868654720828,16.421357314497925,0.08966956135166129,0.0,0.8800996507963547,-1.0,0.0,0.0,0.0,0.03397123202001251,0.6014555953204415,0.13212942061700528,0.0,0.0,0.0,Diagnostics & Research,Healthcare,MYGN
2010Q1,2010,Q1,2010-05-05,2010-03-31,33251000.0,90830000.0,33225000.0,0.33,79950000.0,0.8802157877353297,589563000.0,567346000.0,450621000.0,22217000.0,22217000.0,0.0,-20887000.0,2329314650.0,2227165650.0,5.857805127357955,20.28271143718774,0.0,0.0,0.05647476678013538,5.857805127357955,0.05860797467506601,25.644772101728503,17.51311727466843,4.105633334860913,0.0,0.0,0.0,0.15406326380726063,20.15177566728181,0.056399400912201074,54.606963850337586,0.8802157877353297,-0.08333333333333326,3.1142730008996997,1.8893152794739205,1.5009774975337544,-0.021240129766787047,-0.059617070618512964,-0.037570245061120444,5.79992079041396,0.9000269403185366,0.4335163357345741,Diagnostics & Research,Healthcare,MYGN
2009Q4,2009,Q4,2010-02-03,2009-12-31,35359000.0,92768000.0,34522000.0,0.36,81685000.0,0.8805299241117627,540037000.0,517326000.0,400848000.0,22711000.0,22711000.0,0.0,-54138000.0,2511684300.0,2451253300.0,5.3736989716422565,17.64994936374444,0.0,0.0,0.0649319797350482,5.3736989716422565,0.06834955134673301,27.074899749913765,17.75845117226166,4.8551286809477965,0.0,0.0,0.0,0.17178082242513013,17.06604728985954,0.06547514336980614,58.784475858356544,0.8805299241117627,0.16129032258064513,3.2430710857335296,2.010935921480786,1.1412028577096254,0.10295706184174994,0.1615202680507194,0.16188745288099085,4.324483148685629,1.0659706522803745,0.8140021934546106,Diagnostics & Research,Healthcare,MYGN
2009Q3,2009,Q3,2009-11-04,2009-09-30,30442000.0,85122000.0,29712000.0,0.31,74060000.0,0.8700453466788844,494129000.0,473136000.0,410351000.0,20993000.0,20993000.0,0.0,-89498000.0,2630537700.0,2539341700.0,4.930040637699281,19.547039489353594,0.0,0.0,0.060862689209597275,4.930040637699281,0.06434090832234284,30.90314724748009,21.602865284803887,5.559791899157959,0.0,0.0,0.0,0.17226675625190993,19.613252036393085,0.06160739402058976,113.47818040636729,0.8700453466788844,0.0,2.9459495031682326,2.2536900501334856,0.8470063074722707,0.06059087198728322,0.2877326565143824,-0.5933929084614016,3.02703754044534,1.099543729273908,0.6319125298947463,Diagnostics & Research,Healthcare,MYGN
2009Q2,2009,Q2,2009-08-26,2009-06-30,23640000.0,81014000.0,73073000.0,0.0,69829000.0,0.8619374429111017,466421000.0,434219000.0,366153000.0,32202000.0,32202000.0,0.0,-119940000.0,0.0,-63510000.0,0.0,11.370504937581517,0.0,0.0,0.05284717123261513,0.0,0.05444257390855766,0.0,0.0,0.0,0.0,0.0,,0.17369286545845922,11.246506428172163,0.05068382427034803,0.0,0.8619374429111017,-1.0,0.0,0.0,0.0,-0.08426988394203659,-0.06627695710561655,2.2752005737080365,0.0,0.0,0.0,Diagnostics & Research,Healthcare,MYGN
2009Q1,2009,Q1,2009-05-05,2009-03-31,25318000.0,87487000.0,22311000.0,0.25,76255000.0,0.871615211402837,620430000.0,583927000.0,456574000.0,36503000.0,36503000.0,0.0,-143580000.0,4289048690.0,4088363690.0,6.1904544828098,12.507848669972331,0.0,0.0,0.03835093151421114,6.1904544828098,0.043358159495964395,49.02498302604958,42.35177235563631,7.345179602929818,0.0,0.0,0.0,0.1410102670728366,12.43084130071501,0.04080718211562948,376.9598075232906,0.871615211402837,0.13636363636363635,2.362510366415074,2.660860425858333,1.5179371828288541,0.04008674777674723,0.19407630995613828,0.2558257345491388,3.200424648894085,1.4413527746692032,0.8922003137482981,Diagnostics & Research,Healthcare,MYGN
2008Q4,2008,Q4,2009-02-03,2008-12-31,21203000.0,84376000.0,17766000.0,0.22,73316000.0,0.8689200720584053,573567000.0,519746000.0,376921000.0,53821000.0,53821000.0,0.0,-168898000.0,3087185920.0,2908200920.0,5.577631353021978,7.003232938815704,0.0,0.0,0.03418208124737853,5.577631353021978,0.04079492675268304,36.58843652223381,36.400343347639485,5.939797362557865,0.0,0.0,0.0,0.147107487006749,6.931532301517995,0.03696691057888616,79.02083341865465,0.8689200720584053,0.46666666666666673,2.2519497554926935,2.469972445431653,1.0985254966735754,0.14807391168180395,0.4669295696692957,0.33458533653846156,3.0342884946397133,1.3554337967877348,0.5155443745050354,Diagnostics & Research,Healthcare,MYGN
2008Q3,2008,Q3,2008-11-04,2008-09-30,14454000.0,73650000.0,13312000.0,0.15,63860000.0,0.8670739986422268,531228000.0,477044000.0,365554000.0,54184000.0,54184000.0,0.0,-190101000.0,2945422240.0,2715189240.0,5.254020000881096,6.746530341060091,0.0,0.0,0.027361882604628757,5.254020000881096,0.0302990919076647,39.992155329260015,50.944759928047596,6.174319853095312,0.0,0.0,0.0,0.13864103548758724,6.355879964565185,0.02720865617023199,-552.3011888243016,0.8670739986422268,0.0,1.8974991464467654,2.2141407330848306,0.8510677232140555,-0.5953233420994265,-0.7794662882775667,-0.7989549037967801,2.064013241648113,0.9951787372380306,1.5417527370968849,Diagnostics & Research,Healthcare,MYGN
2008Q2,2008,Q2,2008-08-28,2008-06-30,65541000.0,166856000.0,66214000.0,0.0,157805000.0,0.9457556216138466,499342000.0,425655000.0,377303000.0,73687000.0,73687000.0,0.0,-204555000.0,0.0,-237734000.0,0.0,5.12034687258268,0.0,0.0,0.31111580975202924,0.0,0.1539768122070691,0.0,0.0,0.0,0.0,0.0,,0.33415174369470224,5.07769348731798,0.1312547312262938,0.0,0.9457556216138466,1.0,0.0,0.0,0.0,1.9495159059474412,15.152666810624055,9.471596724667348,0.0,0.0,0.0,Diagnostics & Research,Healthcare,MYGN
2008Q1,2008,Q1,2008-05-06,2008-03-31,-4631000.0,61765000.0,-7816000.0,-0.05,53502000.0,0.866218732291751,390957000.0,353296000.0,252948000.0,37661000.0,37661000.0,0.0,-270096000.0,1790809920.0,1648417920.0,3.974262059035277,6.716444066806511,0.0,0.0,-0.044246184502513476,3.974262059035277,-0.01310798876862461,28.99392730510807,-96.67511984452602,5.0688655405099405,0.0,0.0,0.0,0.1579841261315183,6.529725710947664,-0.01184529244904171,632.5715012363122,0.866218732291751,0.1666666666666666,0.4914424066891418,1.3331620572542162,0.26298858502642264,0.09072005218951316,0.08604697059403986,0.10531135531135531,0.6791795883747687,1.1406167704219055,0.6968027721728637,Diagnostics & Research,Healthcare,MYGN
2007Q4,2007,Q4,2008-02-05,2007-12-31,-5067000.0,56742000.0,-8736000.0,-0.06,49052000.0,0.8644742871241761,384358000.0,349468000.0,229502000.0,34890000.0,34890000.0,0.0,-265465000.0,2046843480.0,1932268480.0,3.9627613734294918,6.5778733161364284,0.0,0.0,-0.04999599391074433,3.9627613734294918,-0.014499181613194913,36.07281167389235,-100.9889224393132,5.857026909473829,0.0,0.0,0.0,0.14762799265268317,5.963800515907137,-0.013183022078374849,-433.28608806096526,0.8644742871241761,0.3333333333333333,0.581933878264581,0.8964262213369446,0.13303068275927615,0.19840707532188318,0.3665458182272784,0.2457261267484027,0.6491064011265452,1.0104322260231662,0.5790009864686229,Diagnostics & Research,Healthcare,MYGN
2007Q3,2007,Q3,2007-11-01,2007-09-30,-7999000.0,48266000.0,-11582000.0,-0.09,40931000.0,0.848029668918079,373370000.0,341748000.0,232899000.0,31622000.0,31622000.0,0.0,-260399000.0,2384040960.0,2276824960.0,3.922006977598237,7.36509392195307,0.0,0.0,-0.06778093800110023,3.922006977598237,-0.02340613551505788,49.39379604690672,-74.51059382422802,6.976020225429264,0.0,0.0,0.0,0.12927123228968584,6.719119600278288,-0.021423788735034952,-149.18904630788487,0.848029668918079,0.0,0.1770897623137297,0.7017793581056629,0.507045973620281,0.08065793642412082,-0.024987186058431574,0.05576390021196804,0.4368397973060784,1.0319524643565368,0.4693533295000931,Diagnostics & Research,Healthcare,MYGN
2007Q2,2007,Q2,2007-08-29,2007-06-30,-7804000.0,45478000.0,-12266000.0,0.0,37876000.0,0.832842253397247,372067000.0,340363000.0,343262000.0,31704000.0,31704000.0,0.0,-252400000.0,0.0,-143432000.0,0.0,10.827088064597527,0.0,0.0,-0.07207598945831363,0.0,-0.02292846167180334,0.0,0.0,0.0,0.0,0.0,,0.12223067350772844,10.748265203128943,-0.02097471691926454,0.0,0.832842253397247,1.0,0.0,0.0,0.0,0.1342496930494415,-0.3144685868283645,-0.34909810822701276,0.0,0.0,0.0,Diagnostics & Research,Healthcare,MYGN
2007Q1,2007,Q1,2007-05-01,2007-03-31,-5937000.0,40970000.0,-9092000.0,-0.07,33393000.0,0.8150597998535514,362149000.0,339189000.0,334726000.0,22960000.0,22960000.0,0.0,-244596000.0,1430193380.0,1235322380.0,4.086319061272679,14.578658536585365,0.0,0.0,-0.05361022910530707,4.086319061272679,-0.01750351573901276,34.90830803026605,-60.22374010442985,4.216508731120408,0.0,0.0,0.0,0.11313023092704937,14.457229965156795,-0.01639380475991926,-226.51146341463414,0.8150597998535514,0.3636363636363636,0.0277572677975346,0.7964016701615734,0.4413729554711052,0.12791326082550833,0.3250341064120055,-1.7997185328524936,0.6369185971020721,0.9481937554348258,0.662090357638917,Diagnostics & Research,Healthcare,MYGN
