Quarters,Year,Quarter,FillingDate,Date,NetIncome,Revenue,OperatingIncome,EPSDiluted,GrossProfit,GrossProfitRatio,TotalAssets,CommonStockEquity,CurrentAssets,CurrentLiability,TotalLiability,Inventory,RetainedEarnings,MarketCap,EnterpriseValue,bookValuePerShare,currentRatio,debtToAssets,debtToEquity,roic,shareholdersEquityPerShare,roe,priceToSalesRatio,peRatio,pbRatio,payoutRatio,inventoryTurnover,dividendYield,assetTurnover,quickRatio,returnOnAssets,priceToFreeCashFlowsRatio,grossProfitMargin,epsdilutedGrowth,fiveYNetIncomeGrowthPerShare,fiveYRevenueGrowthPerShare,fiveYShareholdersEquityGrowthPerShare,grossProfitGrowth,netIncomeGrowth,operatingIncomeGrowth,threeYNetIncomeGrowthPerShare,threeYRevenueGrowthPerShare,threeYShareholdersEquityGrowthPerShare,Industry,Sector,Symbol
2023Q2,2023,Q2,2023-05-11,2023-03-31,1558000.0,91122000.0,4952000.0,0.49,31608000.0,0.3468756173,365391000.0,103683000.0,155906000.0,75202000.0,262156000.0,115050000.0,42911000.0,96580945.92,306475945.92,32.978987000586216,2.0731629477939415,0.5858463946840508,2.0645911094393488,0.009425235219431314,32.978987000586216,0.015026571376214036,1.0599081003489828,15.497584390243901,0.9315022319956019,0.0,0.5172881355932203,0.0,0.24938216869052604,0.506741841972288,0.004263925493512429,15.315722473834443,0.3468756173042734,-0.18333333333333332,-0.49236391952334185,0.0943235148852437,0.749255101887499,0.44039372949325556,-0.15509761388286333,0.08430041602802715,-0.6198367525934142,0.09421858246746406,0.578837365703225,Home Improvement Retail,Consumer Cyclical,LIVE
2023Q1,2023,Q1,2023-02-09,2022-12-31,1844000.0,68986000.0,4567000.0,0.6,21944000.0,0.3180935262,279104000.0,98833000.0,137050000.0,58956000.0,180719000.0,97484000.0,41353000.0,95747795.5,230741795.5,32.308554822027205,2.324614967094104,0.5294048096766797,1.4950370827557597,0.011251012441730568,32.308554822027205,0.018657735776511895,1.3879308192966688,12.980991797722345,0.9687836603158865,0.0,0.4825612408190062,0.0,0.24716951387296493,0.6307924553904607,0.006606856225636322,19.25740054304103,0.31809352622271186,4.0,-0.365787999764055,0.10354297067588704,0.8086180580291625,-0.04212318302850408,3.908517350157729,1.6896348645465253,0.9910687048614575,-0.029905618358067265,0.6858729874506387,Home Improvement Retail,Consumer Cyclical,LIVE
2022Q4,2022,Q4,2022-12-16,2022-09-30,-634000.0,73780000.0,1698000.0,-0.2,22909000.0,0.3105042017,278637000.0,97610000.0,134804000.0,56388000.0,181475000.0,97659000.0,39509000.0,77124566.25,216181566.25,31.703653179378495,2.3906504930126977,0.515570437522655,1.4717446982891098,0.0022383403115737396,31.703653179378495,-0.006495236143837722,1.0453316108701545,-30.41189520899054,0.7901297638561623,0.0,0.5209043713329032,0.0,0.2647889548049972,0.6148116620557565,-0.0022753618507233425,-876.4155255681818,0.3105042016806723,-1.1801801801801801,-1.3682900383935133,0.18466825848620322,0.8647626271614913,0.02505704953241756,-1.1826036866359446,-0.7104365620736699,0.9503685652402698,-0.06032146574600665,0.6783512135494557,Home Improvement Retail,Consumer Cyclical,LIVE
2022Q3,2022,Q3,2022-08-11,2022-06-30,3472000.0,68269000.0,5864000.0,1.11,22349000.0,0.3273667404,262767000.0,98413000.0,129156000.0,57187000.0,164802000.0,95961000.0,40144000.0,77474347.47,201228347.47,31.845559085933143,2.25848532009023,0.48476026289450347,1.2943310335016716,0.015459129629460925,31.845559085933143,0.03527989188420229,1.1348393483132901,5.578510042482719,0.7872369246949082,0.0,0.4785277352257688,0.0,0.2598081189799328,0.5000961757042685,0.013213226927277779,16.167434780884808,0.32736674039461544,-0.7706611570247933,0.07954202073006092,0.09169067823400419,0.9964173775186063,-0.10435618963651665,-0.7739288969917958,-0.3059533672623979,0.4317194228626068,-0.11413678604806352,0.4165165076360487,Home Improvement Retail,Consumer Cyclical,LIVE
2022Q2,2022,Q2,2022-05-11,2022-03-31,15358000.0,69706000.0,8449000.0,4.84,24953000.0,0.3579749232,225292000.0,95385000.0,109822000.0,56785000.0,130355000.0,79364000.0,36672000.0,137543615.20000002,229213615.20000002,30.43030237291596,1.9339966540459628,0.434369618095627,1.0259474760182419,0.030180417896787645,30.43030237291596,0.16101064108612465,1.9731962126646203,2.238957142857143,1.4419836997431463,0.0,0.5638954689783781,0.0,0.3094029082257692,0.5000264154266092,0.06816930916321928,-40.146998015178056,0.3579749232490747,1.372549019607843,4.478286395358352,0.187637217209144,1.0255929541497526,-0.09642960602549247,1.3461655973113351,-0.19709208400646203,18.93320155136657,-0.0882062295539245,0.42222318667952047,Home Improvement Retail,Consumer Cyclical,LIVE
2022Q1,2022,Q1,2022-02-10,2021-12-31,6546000.0,75158000.0,10523000.0,2.04,27616000.0,0.3674392613,218987000.0,82092000.0,105231000.0,62684000.0,137343000.0,73898000.0,21314000.0,49890991.02,136921991.02,51.88032362320471,1.6787537489630528,0.4432317900149324,1.1823563806461044,0.033804776198156604,51.88032362320471,0.07973980412220436,0.6638147771361665,1.9053999014665444,0.607744859669639,0.0,0.6433462339982138,0.0,0.3432075876650212,0.46499904281794396,0.029892185380867357,42.496585195911415,0.36743926128955,-0.02948324293133288,4.791641980679665,1.9512119949384141,2.576708216609739,0.07715110383025196,-0.07958380202474691,0.15106103697221615,4.257953093747948,0.736894026193453,1.4610847576802684,Home Improvement Retail,Consumer Cyclical,LIVE
2021Q4,2021,Q4,2021-12-28,2021-09-30,7112000.0,70542000.0,9142000.0,2.1019729800045726,25638000.0,0.3634430552011568,211738000.0,75528000.0,98790000.0,64960000.0,136658000.0,70747000.0,14768000.0,57944368.0,147439368.0,48.2279140571522,1.5207820197044335,0.44469580330408337,1.2466767291600467,0.037561337039598006,48.2279140571522,0.09416375383963563,0.8214165745229792,2.0368520809898762,0.7671905518483212,0.0,0.6347124259685923,0.0,0.33315701480131105,0.4036791871921182,0.03358868035024417,-9.718948004025496,0.3634430552011568,-0.3016701063107732,1.9613804391808094,3.737576113678267,2.986434025845689,0.022819755844570334,-0.2843630509156772,0.11054421768707483,195.9543148247593,0.6714320548420063,1.3781637699622955,Home Improvement Retail,Consumer Cyclical,LIVE
2021Q3,2021,Q3,2021-08-16,2021-06-30,9938000.0,69095000.0,8232000.0,3.01,25066000.0,0.3627758882697735,198708000.0,68027000.0,92882000.0,56346000.0,131127000.0,61426000.0,7656000.0,96469542.4,174917542.4,43.43819920514104,1.6484222482518724,0.4479588139380397,1.3084951563349847,0.03421873747453175,43.43819920514104,0.1460890528760639,1.3961870236630727,2.4267846246729725,1.4181066694106752,0.0,0.7167811675837593,0.0,0.34772127946534614,0.5313775600752494,0.050013084526038205,11.641069434053337,0.3627758882697735,0.1315789473684209,0.33203113461682465,5.191947554057554,4.741862775386099,-0.053756134390335976,0.13785207236088848,-0.2600449438202247,5.019234330136386,0.5901838962090104,1.1663997674405941,Home Improvement Retail,Consumer Cyclical,LIVE
2021Q2,2021,Q2,2021-05-17,2021-03-31,8734000.0,70890000.0,11125000.0,2.66,26490000.0,0.373677528565383,196271000.0,57991000.0,97170000.0,55243000.0,138721000.0,61826000.0,-2282000.0,37153130.75,124968130.75,37.28905107142283,1.7589558858135872,0.5081902063982963,1.7199737890362297,0.04256136979324886,37.28905107142283,0.1506095773482092,0.5240955106503032,1.0634626388252806,0.640670634236347,0.0,0.7181444699640928,0.0,0.3611842809177107,0.6134713900403671,0.044499696847725846,3.3677602202683103,0.373677528565383,0.6319018404907978,11.97871080057216,5.469813274316225,12.30003536242871,0.1895460056580897,0.6135230001847405,0.5258537923467288,4.752931375065429,0.7210696316522451,0.9778673865898441,Home Improvement Retail,Consumer Cyclical,LIVE
2021Q1,2021,Q1,2021-02-16,2020-12-31,5413000.0,62454000.0,7291000.0,1.63,22269000.0,0.35656643289461043,190564000.0,48987000.0,91166000.0,52842000.0,141979000.0,64739000.0,-11016000.0,19477205.46,119733205.46000001,31.23746582894033,1.7252564248135953,0.5640519720408892,2.1942147916794252,0.030114866640079275,31.23746582894033,0.11049870373772634,0.3118648198674224,0.8995568751154627,0.39759947455447364,0.0,0.6207232116653022,0.0,0.32773241535652065,0.4692479467090572,0.028405155223441992,4.416599877551021,0.35656643289461043,-0.5339725800881187,54.21059436749289,4.58123771092474,12.202857595865588,-0.0798694322783241,0.20933869526362825,-0.0743938047480005,2.6315410856397476,0.9488030017115184,0.7486589882000019,Home Improvement Retail,Consumer Cyclical,LIVE
2020Q4,2020,Q4,2021-01-13,2020-09-30,4476000.0,60816000.0,7877000.0,3.4976482720870976,24202000.0,0.39795448566166797,197259000.0,43940000.0,95928000.0,57362000.0,153587000.0,64525000.0,-16429000.0,14722713.84,121688713.84,26.68146676414652,1.6723266273839825,0.5878058795796389,2.63882567137005,0.025112549323377687,26.68146676414652,0.10186618115612199,0.24208619179163376,0.8223142225201072,0.33506403823395536,0.0,0.5674389771406432,0.0,0.3083053244718872,0.507391653010704,0.022690979879245052,1.5973433698600412,0.39795448566166797,2.268830160829063,2.7344744894511224,4.729707465596937,10.906711185423113,0.4480942978519715,0.2485355648535565,0.31502504173622703,3.860998021282727,0.825620929055407,0.5693649491470765,Home Improvement Retail,Consumer Cyclical,LIVE
2020Q3,2020,Q3,2020-08-14,2020-06-30,3585000.0,42472000.0,5990000.0,1.07,16713000.0,0.3935063100395555,155974000.0,39579000.0,65163000.0,53562000.0,116395000.0,42927000.0,-20904000.0,15644942.0,97445942.0,24.03335851293025,1.2165901198610956,0.5609268211368561,2.210515677505748,0.028134804270125442,24.03335851293025,0.09057833699689229,0.36835896590695044,1.091000139470014,0.39528391318628564,0.0,0.6000652270133017,0.0,0.27230179388872505,0.3605541241925245,0.02298459999743547,1.4249878859641134,0.3935063100395555,0.6212121212121212,2.3924492913630084,22.61835224436028,5.085766883407159,-0.0597997299729973,0.5689277899343544,0.9524119947848761,1.091713677361696,0.27447703385622185,0.5066657943067086,Home Improvement Retail,Consumer Cyclical,LIVE
2020Q2,2020,Q2,2020-04-13,2020-03-31,2285000.0,46431000.0,3068000.0,0.66,17776000.0,0.382847666429756,158505000.0,36615000.0,67477000.0,58893000.0,121890000.0,47216000.0,-24523000.0,9220296.08,98671296.08,20.888147010567582,1.1457558623265922,0.5737800069398442,2.4838727297555647,0.0149397853795592,20.888147010567582,0.0624061177113205,0.19858060519911266,1.0087851291028447,0.25181745404888706,0.0,0.6068917316164012,0.0,0.292930822371534,0.2969792674851001,0.014415949023690105,3.915200033970276,0.382847666429756,3.4000000000000004,4.183004856738864,15.61289969791496,3.544196280396929,0.0691687718031998,3.177330895795247,-0.1201605965012905,0.4575080664566804,0.41460883851017655,0.39041942111978767,Home Improvement Retail,Consumer Cyclical,LIVE
2020Q1,2020,Q1,2020-02-10,2019-12-31,547000.0,42001000.0,3487000.0,0.15,16626000.0,0.3958477179114783,136181000.0,34625000.0,52259000.0,47828000.0,101556000.0,36835000.0,-26808000.0,13568662.459999999,88030662.46,19.164287619842522,1.0926444760391403,0.5578164354792519,2.1939061371841153,0.019702954910735204,19.164287619842522,0.01579783393501805,0.3230557001023785,6.201399661791591,0.39187472808664264,0.0,0.6888828559793675,0.0,0.3084204110705605,0.22522371832399432,0.00401671305101299,5.764087706032285,0.3958477179114783,1.0361529579158029,1.154119534430277,6.312019704588064,2.7638166874455043,0.21903355260442126,1.072969740369128,1.7435862223090368,-0.5761481423907474,0.4443946838826239,0.3212150620568727,Home Improvement Retail,Consumer Cyclical,LIVE
2019Q4,2019,Q4,2020-02-10,2019-09-30,-7496258.0,46075647.0,-4689436.0,-4.149038104968822,13638673.0,0.29600610925767357,122453000.0,34129000.0,55752000.0,35025000.0,88324000.0,38558000.0,-27355000.0,15490136.830999998,73351136.831,18.889760929317127,1.5917773019271948,0.49441010020171006,1.7739166105071933,-0.03552561672878973,18.889760929317127,-0.21964481818980924,0.3361892418135767,-0.516595641151892,0.45387022271382105,0.0,0.841251465324965,0.0,0.37627209623284036,0.4230406852248394,-0.06121743036103648,5.084498041057697,0.29600610925767357,-11.119605134070298,-5.0211339169511255,18.34928723467061,2.64091611853983,-0.2913539366417092,-6.063865604120126,-2.2312855563336256,-3.705573803063139,1.682206919527535,0.561394208745648,Home Improvement Retail,Consumer Cyclical,LIVE
2019Q3,2019,Q3,2019-08-14,2019-06-30,1480343.0,47043262.0,3808569.0,0.41,19246100.0,0.40911491214193435,125690543.0,42410304.0,56799698.0,28519498.0,83280239.0,40198403.0,-19170783.0,13380554.385,73116899.385,22.481601106843826,1.991609319350572,0.49449133973428694,1.4655137817451156,0.02640559787666922,22.481601106843826,0.03490526736144122,0.2844308369815001,2.259705079329588,0.315502439808024,0.0,0.6914991622925916,0.0,0.3742784530734345,0.4830636219473428,0.011777680043915476,1.7960528722366698,0.40911491214193435,2.1538461538461537,2.1704557419621593,20.44466284252058,2.667350204065672,0.0318988926633957,2.1270051499136047,0.8611295583654023,-0.8352812277102999,2.4998016770092035,1.971722375433734,Home Improvement Retail,Consumer Cyclical,LIVE
2019Q2,2019,Q2,2019-05-14,2019-03-31,473406.0,46973151.0,2046375.0,0.13,18651149.0,0.3970597799581297,131847661.0,41208659.0,62370563.0,32776381.0,90639002.0,43429090.0,-20650834.0,15022581.6,81047863.6,21.39629184640275,1.9029118254391784,0.5257410065090196,1.682115450541596,0.012978834679611037,21.39629184640275,0.011488022456639513,0.3198120901022799,7.93324419208882,0.3645491497308855,0.0,0.6521435747329728,0.0,0.3562683679310777,0.48831010354681925,0.0035905528881547623,-8.577965041948861,0.3970597799581297,-0.6829268292682926,1.5517920177164153,77.80032977753808,2.855994406128055,-0.03547221560568768,-0.6906872158216646,-0.021103644500911747,-0.4319567247241399,2.461670774374942,6.631501204923081,Home Improvement Retail,Consumer Cyclical,LIVE
2019Q1,2019,Q1,2019-02-13,2018-12-31,1530509.0,53195940.0,2090492.0,0.41,19337078.0,0.36350665107149155,131809291.0,41006326.0,60303718.0,30321303.0,90802965.0,42516250.0,-21123948.0,13072059.84,77698116.84,21.08026692754185,1.9888234354572427,0.5164900249710015,1.6601873574335824,0.013981145005560688,21.08026692754185,0.0373237290265897,0.24573416392303624,2.1352471367368633,0.3187815421454729,0.0,0.7963746097080528,0.0,0.4035826275706164,0.481919230186117,0.011611541101453918,1.6961768126476704,0.36350665107149155,16.781447617773615,4.449146279579324,81.45035647211402,12.237037824102705,-4.498926152867926e-05,33.12277885537199,0.09583063808462434,11.584923464224378,2.832472471844486,7.909806059533719,Home Improvement Retail,Consumer Cyclical,LIVE
2018Q4,2018,Q4,2018-12-27,2018-09-30,44853.0,52423292.0,1907678.0,0.023057740225277304,19337948.0,0.3688808402188859,141523694.0,39448589.0,65666100.0,37260862.0,102075105.0,46527039.0,-22654165.0,17312698.3,93906406.3,20.279475562743446,1.7623344301589159,0.5552803758782611,1.992094824988544,0.0009463564236535945,20.279475562743446,0.001136998841707621,0.33024820913574066,96.49688036474707,0.4388673648124652,0.0,0.7110992814307396,0.0,0.3704206025034932,0.42487057867850725,0.0003169292627423928,14.696425870167001,0.3688808402188859,-0.9588254638834334,1.0429615570927626,77.10419581365619,10.447557442174695,0.027836926307540394,-0.9784053060175115,1.124788933193736,1.014714480471326,3.1813303873785794,8.049797023973914,Home Improvement Retail,Consumer Cyclical,LIVE
2018Q3,2018,Q3,2018-08-14,2018-06-30,2077038.0,54662057.0,897820.0,0.56,18814218.0,0.3441915477128861,141805422.0,39502940.0,63972672.0,36605347.0,102302482.0,43797720.0,-22698726.0,24744908.16,102271267.16,20.050869584637812,1.7476318965095454,0.5628795702889273,2.020593277361128,0.008191244469971293,20.050869584637812,0.052579327007053145,0.45268893119042336,2.978388955811112,0.6264067474471521,0.0,0.8184864189277433,0.0,0.3854722635358752,0.42922382350316196,0.014647098613761044,14.815296459702783,0.3441915477128861,0.1200000000000001,4.545087930565282,77.5849762096628,11.051715852421903,-0.042567590845741334,0.07994964833385589,-0.7796199916395903,1.6743553633181918,24.40896640499323,4.077314435102931,Home Improvement Retail,Consumer Cyclical,LIVE
2018Q2,2018,Q2,2018-05-17,2018-03-31,1923273.0,52179928.0,4073963.0,0.5,19650701.0,0.3765950194488578,137324923.0,37143290.0,62638699.0,69125006.0,100181633.0,45059872.0,-24775472.0,23956853.76,98338545.76,18.853160390957783,0.9061655488319235,0.5598470716054944,2.0698477706202114,0.029135306116291424,18.853160390957783,0.05177982348898011,0.4591200999740744,3.114073477868197,0.6449847000629185,0.0,0.7219112162591141,0.0,0.37997420176962343,0.19518334653019778,0.014005272735525218,-17.43433702612365,0.3765950194488578,0.0,1.4240399240596768,65.63368834885829,7.13305833516401,0.19851383486959231,0.024349752736937135,0.03906740175699375,3.383718394706228,15.61130672133361,3.1014868996744553,Home Improvement Retail,Consumer Cyclical,LIVE
2018Q1,2018,Q1,2018-01-18,2017-12-31,1877555.0,40368064.0,3920788.0,0.5,16395890.0,0.40615992879916163,132156025.0,35287535.0,56585405.0,65267236.0,96868490.0,43675593.0,-26698453.0,31566572.400000002,104379580.4,17.863669268697667,0.8669802563724316,0.5644543939634988,2.113948990769687,0.01263303844348609,17.863669268697667,0.05320731527435963,0.7819689445597392,4.203148829195417,0.8945530596002244,0.0,0.5488688842759387,0.0,0.3054576134534918,0.14811866707516158,0.014207108605150617,33.013694693180895,0.40615992879916163,-0.10575664238414191,2.189293618944033,46.36381325789803,7.467874924367528,-0.003418765806458201,0.6999170663957743,0.041011596184609665,1.483848589584841,5.427796127894794,2.5083785959733054,Home Improvement Retail,Consumer Cyclical,LIVE
2017Q4,2017,Q4,2018-01-18,2017-09-30,1104498.0,39958350.0,3766325.0,0.5591319138596118,16452136.0,0.4117321160658536,128594595.0,33584308.0,55547156.0,66440016.0,95010287.0,34501801.0,-28575716.0,24494712.0,99337519.0,17.001441747916857,0.8360497083564821,0.6128978126957825,2.34679082862151,0.022227465829771538,17.001441747916857,0.032887323448796385,0.6130060925939134,5.544308817218321,0.7293499094874905,0.0,0.681303970189846,0.0,0.31073117808722833,0.21988953163406824,0.008588992406718184,59.56276839427879,0.4117321160658536,0.016603479744748656,1.8803342104019103,42.32659729735464,6.973981889810876,-0.03187973894392793,-0.4809794726892267,-0.3003462485651927,1.8114189470947755,14.347849271127012,2.2769511234171143,Home Improvement Retail,Consumer Cyclical,LIVE
2017Q3,2017,Q3,2017-08-10,2017-06-30,2128043.0,41377493.0,5383127.0,0.55,16993897.0,0.41070388193890817,125722016.0,32616801.0,53213215.0,21000770.0,93105215.0,33746102.0,-23441219.0,21142890.78,94819477.78,15.95135338158333,2.5338697104915675,0.6200317293671141,2.3899228805424544,0.031703211419235294,15.95135338158333,0.06524376808136395,0.510975635474097,2.4838420534735435,0.6482208595502668,0.0,0.7225603715652847,0.0,0.32911891104259733,0.7452840062531041,0.016926573942307767,7.192386630793562,0.41070388193890817,0.17021276595744697,3.2181245512392174,14.62300929489194,2.611136033780753,0.031472859183132154,0.15612664111794317,0.021300141513989092,2.552291793361614,16.40148407103915,1.6020922086934908,Home Improvement Retail,Consumer Cyclical,LIVE
2017Q2,2017,Q2,2017-05-11,2017-03-31,1840666.0,38536425.0,5270857.0,0.47,16475370.0,0.4275272031590891,121468629.0,30918112.0,47306370.0,19531384.0,90550517.0,33653031.0,-25568783.0,32723217.6,108822468.6,15.022910852140653,2.4220695266653913,0.632687638221388,2.48565306963116,0.026641651262259536,15.022910852140653,0.0595335834219114,0.849150319470475,4.444480639073031,1.0583834355732977,0.0,0.6555443698369993,0.0,0.31725413645691186,0.5249502032216458,0.015153426980722735,-15.486541757966124,0.4275272031590891,0.27027027027027023,3.0246891356372463,12.36069333579471,2.4795017509265462,0.30289187260463074,0.28846478268873904,0.4326609347802215,3.0077412369122887,59.49797763082631,1.7073971801031496,Home Improvement Retail,Consumer Cyclical,LIVE
2017Q1,2017,Q1,2017-02-09,2016-12-31,1428573.0,32188664.0,3679068.0,0.37,12645232.0,0.392847370117629,120337967.0,29009849.0,46316408.0,22041048.0,91328118.0,32448126.0,-27408969.0,48039591.66,121966362.66,14.50504779290624,2.1013704974464007,0.6275120469668563,2.6030305776496805,0.022136937397473886,14.50504779290624,0.04924441350935677,1.4924381968757696,8.406919292888778,1.6559752399952168,0.0,0.6022977105056853,0.0,0.26748552266966585,0.4508975707507193,0.011871340655106796,382.6880130962623,0.392847370117629,-0.7587242435940743,2.945580473378356,8.867134892526684,1.9099224961918344,3.4223653922421,-0.5342122149172287,4.7362361493207565,4.13131395414312,47.52498968544075,8.10822746861236,Home Improvement Retail,Consumer Cyclical,LIVE
2016Q4,2016,Q4,2016-12-29,2016-09-30,3067004.0,19015527.0,-984699.0,1.5335150348777964,2859382.0,0.15037090478744028,53467400.0,24195812.0,25218762.0,13588716.0,29271588.0,11053085.0,-28837063.0,22919805.180000003,39621072.18000001,12.098008833075081,1.8558605537123596,0.3267815902774401,0.7221151329825178,-0.030023658860211713,12.098008833075081,0.1267576388839523,1.205320535160556,1.8682568705485878,0.9472633189578429,0.0,1.4616864884328673,0.0,0.35564712329382014,0.6700924502359163,0.05736213094334117,23.52037442045182,0.15037090478744028,-0.634876677175148,3.5510656020694538,4.8687636173675095,7.463534363394998,-0.43927243404830435,-0.7705745958112377,-1.9314058216942958,3.8572701869235253,26.55541090383572,5.829202788014716,Home Improvement Retail,Consumer Cyclical,LIVE
2016Q3,2016,Q3,2016-08-15,2016-06-30,13368197.0,19994363.0,1057218.0,4.199992,5099414.0,0.25504258375223055,52072313.0,21228374.0,24003986.0,11900715.0,30843939.0,10763723.0,-31903588.0,25254585.0,42876088.0,7.565175432500673,2.017020489945352,0.39857889546792363,0.9776973497828897,0.30220887346781267,7.565175432500673,0.6297324985889169,1.2630852505778754,0.4722885404815623,1.1896617706094683,0.0,1.3838101370687448,0.0,0.3839730146037492,0.9893594628558032,0.25672370267093764,60.11622343464351,0.25504258375223055,10.666676851880142,2.4251648270937944,1.166436806352883,1.4805354237185826,-0.09039725489587508,9.97095546356692,-0.11786616024657941,17.019681838104376,19.181786515728042,3.547101775380082,Home Improvement Retail,Consumer Cyclical,LIVE
2016Q2,2016,Q2,2016-05-16,2016-03-31,1218508.0,19839923.0,1198478.0,0.359999,5606199.0,0.2825716107869975,40261352.0,7895044.0,26369838.0,11819227.0,32366308.0,12455001.0,-45271306.0,23485081.38,42063427.379999995,2.8036805959750097,2.231096669858359,0.5464165485550511,2.786490993590409,0.040090233281271384,2.8036805959750097,0.1543383418762454,1.1837284539864392,4.818409353898374,2.9746612406466637,0.0,1.1428119516008068,0.0,0.49277835975304557,1.083803111658656,0.03026495483807896,36.115225978883004,0.2825716107869975,4.999983333333334,1.061590768249853,1.0759459228353774,-0.5651448938851734,-0.1253809161645118,5.917523900356518,0.14440268435868348,1.1879595455116956,16.725583815140375,0.20947880182298365,Home Improvement Retail,Consumer Cyclical,LIVE
2016Q1,2016,Q1,2016-01-13,2015-12-31,176148.0,20104434.0,1047252.0,0.06,6409875.0,0.31882892102309374,38907430.0,6666149.0,24523957.0,11394314.0,32241281.0,13121231.0,-46489335.0,24681483.96,43825421.96,2.3659624897205735,2.15229780397486,0.5774721434954712,3.3704552658513935,0.015113726014208082,2.3659624897205735,0.02642425184315562,1.227663706424165,35.02946948020982,3.702510093908792,0.0,1.0436946807810943,0.0,0.5167248003787451,0.8984700614710109,0.004527361483397901,9.348165252595495,0.31882892102309374,1.0382894776180929,1.0115042340523033,0.32325799027424723,-0.8243665597428134,0.2977304862879244,1.0398968626644476,1.2595162166040004,1.078227171606531,15.538041601206427,0.12153187216724702,Home Improvement Retail,Consumer Cyclical,LIVE
2015Q4,2015,Q4,2016-01-13,2015-09-30,-4415084.0,18159430.0,-4035401.0,-1.5670101482828345,4939296.0,0.2719962025239779,40664356.0,6313716.0,25829435.0,11016781.0,32396796.0,13335598.0,-46665003.0,28400611.68,48179844.68,2.2408762880560604,2.3445537312577964,0.5534835225227716,3.564786727816075,-0.1400171272332898,2.2408762880560604,-0.6992845417817336,1.563959423836541,-1.608158059959901,4.498240288286645,0.0,0.9913416706172457,0.0,0.44656873454481855,0.9959179546185043,-0.10857380847246173,79.84495702803228,0.2719962025239779,-0.004495616519028172,0.7254869334773334,0.15085490779237568,-0.8786282587558211,3.3211699266696177,-0.0491144953023614,0.026121013978782408,-1.4672042632263627,12.804883283437473,0.05101127323246292,Home Improvement Retail,Consumer Cyclical,LIVE
2015Q3,2015,Q3,2015-08-14,2015-06-30,-4208391.0,2939405.0,-4143637.0,-1.559997,1143046.0,0.3888698563144582,15461197.0,10630552.0,10395405.0,4332781.0,4830645.0,2536839.0,-42249440.0,40862829.48,34965591.48,3.9491092862030563,2.3992454268978745,0.045796324825302985,0.06660670113837927,-0.365444624732926,3.9491092862030563,-0.39587699679188815,13.901735038213515,-2.4274615571604445,3.843904764305748,0.0,0.7081091862747301,0.0,0.19011496975298872,1.7356328418168376,-0.2721905037494833,-70.58178349163907,0.3888698563144582,-2.714287414970036,0.6316083794101938,-0.7911851996852266,-0.8381263141597571,-0.4093078586282024,-2.8425074414272933,-2.8038050562726053,-2.3320290302114066,-0.156962080163041,-0.10598364266627995,Home Improvement Retail,Consumer Cyclical,LIVE
2015Q2,2015,Q2,2015-05-14,2015-03-31,-1095220.0,4263979.0,-1089340.0,-0.419999,1935096.0,0.4538239986641585,16946702.0,12292902.0,11249617.0,4182001.0,4653800.0,2827672.0,-38040569.0,50544440.099999994,44065519.099999994,4.59666478331412,2.690008204206551,0.04191145864251345,0.05777813896181715,-0.08377500151309339,4.59666478331412,-0.08909369000094526,11.853820129039095,-11.537508468618176,4.111676811545394,0.0,0.8236043642968491,0.0,0.2516111394417628,1.9270492761718612,-0.06462732394775102,148.89660077770574,0.4538239986641585,0.7878788644017463,0.9271215813293298,-0.7676408115983292,-0.838965949717491,-0.402186498673445,0.778628679028361,-0.25516051015740493,0.07288839317640014,0.13767946746896445,0.06464741216811744,Home Improvement Retail,Consumer Cyclical,LIVE
2015Q1,2015,Q1,2015-02-12,2014-12-31,-4947434.0,8007052.0,-867889.0,-1.979996,3236956.0,0.40426314204029146,17880188.0,12823651.0,12036074.0,4179308.0,5056537.0,3603288.0,-36944870.0,47449142.88,41844412.88,5.0917165237527255,2.8799203121665116,0.050977148562420034,0.07107811964003075,-0.06318752524547999,5.0917165237527255,-0.3858054153220483,5.925919162258469,-2.39766426798215,3.7001274348467534,0.0,1.3238175799436516,0.0,0.4478169916334213,1.8961715671589652,-0.2766992159142846,-35.08801955794952,0.40426314204029146,-1.8733939697372697,0.7545719970994995,-0.5950639795864794,-0.850478353431675,2.857160390702175,-1.8507780033973544,0.4679307583937301,-4.350638391285609,0.9491245592480527,0.02147201913707705,Home Improvement Retail,Consumer Cyclical,LIVE
2014Q4,2014,Q4,2014-12-29,2014-09-30,-1735468.0,3319379.0,-1631158.0,-0.6890791937525511,839207.0,0.25282048238541005,18289446.0,13066620.0,13830057.0,4332857.0,5222826.0,4277145.0,-31996953.0,45031349.641468,38475996.641468,5.188188992635393,3.1919024791263593,0.08525840531200343,0.11933682926418615,-0.11152493421110657,5.188188992635393,-0.13281690291751042,13.5661970632061,-6.486917310124416,3.4462890664508494,0.0,0.5798662425519827,0.0,0.1814915006173506,2.0700579317526517,-0.09488904147233328,-37.40570948809624,0.25282048238541005,-0.04406096638411741,0.9047464514193437,-0.8290149276226051,-0.8760464349440099,1.8452710308257727,-0.12553789121350853,-0.1084738045646213,-0.14631170109393105,-0.1864693416009155,2.6295572625893135,Home Improvement Retail,Consumer Cyclical,LIVE
2014Q3,2014,Q3,2014-08-13,2014-06-30,-1541901.0,2674406.0,-1471535.0,-0.659999,294948.0,0.11028542412782502,16359825.0,14098345.0,13286594.0,2261480.0,2261480.0,676636.0,-30260998.0,60301199.440183006,50431027.440183006,6.130202968323132,5.875176433132285,0.028926715291881178,0.033566776809618434,-0.10098663967897513,6.130202968323132,-0.10936751796044146,22.547511275469397,-9.777086765003558,4.277182849489284,0.0,3.51659976708304,0.0,0.1634739980409326,5.286777243221254,-0.09424923555111378,-23.399839596003016,0.11028542412782502,-0.5714299319760284,0.8997815649037242,-0.8500431027600531,-0.8752382950310801,-0.3178105954597495,-0.5800432439079376,-0.5155542738849895,0.7994359015781205,-0.6464342095892287,1.0100241895492856,Home Improvement Retail,Consumer Cyclical,LIVE
2014Q2,2014,Q2,2014-05-20,2014-03-31,-975860.0,678033.0,-970955.0,-0.419999,432355.0,0.6376607038300496,13452719.0,12155736.0,10578731.0,1296983.0,1296983.0,105748.0,-28718625.0,89905550.43068099,80633670.43068099,5.548838922691163,8.15641454051441,0.022130396093161538,0.02449164740004225,-0.07796674817018577,5.548838922691163,-0.08027979548091535,132.59760281679652,-23.03238948995783,7.396142070762394,0.0,2.323240155842191,0.0,0.050401186555669525,7.664832923793141,-0.07253998243775106,-71.18530904368242,0.6376607038300496,-0.7499958333333334,0.9926489737821267,-0.9725302528806443,-0.9011558651539029,-0.08424392485951933,-1.3908878424531677,-1.281154115430338,0.9365952739436263,-0.9088044256851515,-0.13936668035403657,Home Improvement Retail,Consumer Cyclical,LIVE
2014Q1,2014,Q1,2014-02-14,2013-12-31,-408158.0,593458.0,-425642.0,-0.24,472129.0,0.7955558775852714,3625063.0,2849470.0,733279.0,775593.0,775593.0,0.0,-27742285.0,14242684.72,13731119.72,1.5925214695056453,0.9454430352001629,0.0,0.0,-0.14937584884206537,1.5925214695056453,-0.14323997094196464,23.999482221151286,-8.723756927464365,4.998362755179033,0.0,0.0,0.0,0.16370970656234113,0.8407914976024796,-0.11259335354999347,-56.99513279683705,0.7955558775852714,0.5528280914987624,-1.081679719926884,-0.97958905123278,-0.9863088836840369,3.7440138262276306,0.5749766483845472,0.6178398048445877,0.9580244230521825,-0.938492081321813,-0.8817817164946938,Home Improvement Retail,Consumer Cyclical,LIVE
2013Q4,2013,Q4,2014-01-10,2013-09-30,-960319.0,617382.0,-1113779.0,-0.5367063436618711,99521.0,0.1611984152437227,3993250.0,3169733.0,1003485.0,823517.0,823517.0,0.0,-27333647.0,12310260.16,11548802.16,1.7715111424582597,1.2185358650762521,0.0,0.0,-0.35137943795266036,1.7715111424582597,-0.30296526552867387,19.939454276282756,-3.204732010925536,3.8836899385531845,0.0,0.0,0.0,0.1546063982971264,1.1370244937262983,-0.24048556939835974,-29.00907052754861,0.1611984152437227,-0.7890271089632668,0.3854871440031545,-0.9809808901741877,-0.9845576877391764,-0.7674449580087207,-0.8786722199507404,-1.1758978336338648,0.9059783343571584,-0.9383886544469784,-0.9040503069537391,Home Improvement Retail,Consumer Cyclical,LIVE
2013Q3,2013,Q3,2013-08-13,2013-06-30,-511169.0,606867.0,-511871.0,-0.299999,427946.0,0.7051726325537556,3757140.0,2859747.0,1431137.0,897393.0,897393.0,0.0,-26372848.0,9350658.24,8317001.24,1.6637356730086201,1.5947717443750955,0.0,0.0,-0.17899170800773634,1.6637356730086201,-0.17874623174707413,15.408084868677982,-4.573173568819706,3.269750170207365,0.0,0.0,0.0,0.16152365895335283,1.461173644100188,-0.13605268901345172,-35.47048471652163,0.7051726325537556,0.8695653686203665,0.9383868674262335,-0.9801063353953684,-0.9851994624198844,-0.023335638369495013,0.8410058173875908,0.3605816675535835,0.9299236379994097,-0.9324836819711215,-0.9318036027529792,Home Improvement Retail,Consumer Cyclical,LIVE
2013Q2,2013,Q2,2013-05-14,2013-03-31,-3215017.0,555084.0,-800526.0,-2.299995,438171.0,0.7893778238969237,4242791.0,3237245.0,1749240.0,1005546.0,1005546.0,0.0,-25861199.0,8993550.16,7696275.16,2.318089900996338,1.739592221539343,0.0,0.0,-0.24728619551501355,2.318089900996338,-0.9931336676711215,16.20214266669549,-0.6993392383306216,2.7781493708384755,0.0,0.0,0.0,0.13082991832498939,1.596868765824736,-0.7577599273685647,-10.315774564849598,0.7893778238969237,-1.8750009375023438,-225.66947532274992,-0.9804933515304536,-0.9801797461258565,-0.06752089278759904,-2.0315791756599895,-1.5664629806551722,0.5903177571130547,-0.9420744994956229,-0.9187908139328612,Home Improvement Retail,Consumer Cyclical,LIVE
2013Q1,2013,Q1,2013-01-15,2012-12-31,-1060509.0,572535.0,-311918.0,-0.799998,469899.0,0.8207341035919201,4403647.0,2799353.0,1878186.0,1604294.0,1604294.0,0.0,-22645703.0,10084979.6,8915879.6,2.1095811438230374,1.1707243186099305,0.0,0.0,-0.11142503285580632,2.1095811438230374,-0.3788407535598404,17.61460801523051,-2.3773913281263996,3.6026108890161406,0.0,0.0,0.0,0.13001382717552065,0.9526084371069143,-0.2408251615081772,-26.080607212589058,0.8207341035919201,-0.25956968328217483,-1.8036631691403024,-0.9799852213362784,-0.9817711079981667,-0.011078303655798115,-0.2583058754851348,0.3689230227631848,0.9001508196491722,-0.9450456792850157,-0.9380507448279088,Home Improvement Retail,Consumer Cyclical,LIVE
2012Q4,2012,Q4,2013-01-15,2012-09-30,-842807.0,619532.0,-494263.0,-0.6351359600172122,475163.0,0.7669708747893571,4256721.0,2829254.0,1798247.0,1427467.0,1427467.0,0.0,-21584715.0,12898158.120000001,11592373.120000001,2.1321144169691726,1.2597468102590113,0.0,0.0,-0.17469728769491888,2.1321144169691726,-0.2978901858935253,20.819195973735013,-3.8259524778508007,4.558854779387076,0.0,0.0,0.0,0.1455420733470669,1.2228885151110322,-0.1979944187086727,-30.027140309626354,0.7669708747893571,-0.32320267337476155,-1.5538331254611562,-0.9784998698506201,-0.9814587172253654,-0.28994943185554006,-1.9911168683678178,-5.6017043101951405,0.9122031914889792,-0.9394308973665645,-0.949060609884152,Home Improvement Retail,Consumer Cyclical,LIVE
2012Q3,2012,Q3,2012-08-14,2012-06-30,-281770.0,777857.0,-74869.0,-0.479999,669196.0,0.8603072287065617,4145024.0,2652759.0,2343756.0,1492265.0,1492265.0,0.0,-20741422.0,14364988.56,12759597.56,4.417267373027411,1.570603076531313,0.031349396288175894,0.048984472392705106,-0.02690513504315768,4.417267373027411,-0.10621771521649724,18.4673899701359,-12.745314050466694,5.415112552629168,0.0,0.0,0.0,0.18766043332921595,1.5121844980616714,-0.06797789349349967,-206.22166240776366,0.8603072287065617,-0.08663190946526285,-1.4657189647065534,-0.9428145811853369,-0.9687085336145815,0.12452339382247817,-0.08794446181943141,0.6699770783743277,0.9298649599020128,-0.8329724760826598,-0.910099908337418,Home Improvement Retail,Consumer Cyclical,LIVE
2012Q2,2012,Q2,2012-05-15,2012-03-31,-258993.0,821701.0,-226860.0,-0.441731,595093.0,0.7242208540576195,4371337.0,2531438.0,2709005.0,1839899.0,1839899.0,0.0,-20459173.0,4866406.2,3511413.2,4.317546570608923,1.4723661461851982,0.17279152808397064,0.29837981416096304,-0.0689104637832774,4.317546570608923,-0.1023106234480165,5.922356428920009,-4.69743023942732,1.9223880655974985,0.0,0.0,0.0,0.18797475463456603,1.4254173734536515,-0.059248005816069545,-94.69927220362732,0.7242208540576195,-0.203180837618757,-1.169654559452215,-0.9447983708741577,-0.9573013527489835,-0.03330279372443526,-0.35146995898517,-0.49966286341340876,0.9927105064123326,-0.8756154261621346,-0.9230894676570294,Home Improvement Retail,Consumer Cyclical,LIVE
2012Q1,2012,Q1,2012-02-14,2011-12-31,-191638.0,851413.0,-151274.0,-0.367136,615594.0,0.7230263103805087,4542606.0,2601911.0,2806978.0,1940695.0,1940695.0,0.0,-20199706.0,4165408.3800000004,2909027.3800000004,4.9846852663219545,1.446377715199967,0.20279636842816656,0.35405669140873763,-0.04268021382709821,4.9846852663219545,-0.07365278827753909,4.892347638572585,-5.433954095743015,1.6009034820945067,0.0,0.0,0.0,0.1874283175780598,1.4087504734128753,-0.04218679762233397,85.17694988037545,0.7230263103805087,0.38925409951653556,-1.181315370335465,-0.9498612402002392,-0.9485800450337096,-0.11437429416122975,0.38925415183394574,0.4420054370479117,-1.1314594026190226,-0.8996222217302844,-0.9571460058237916,Home Improvement Retail,Consumer Cyclical,LIVE
2011Q4,2011,Q4,2011-12-29,2011-09-30,-313777.0,845649.0,-271103.0,-0.6011272440950916,695095.0,0.8219663240895454,2808629.0,746134.0,1012649.0,2062495.0,2062495.0,0.0,-20007589.0,1670339.2000000002,2462861.2,1.4294275078977972,0.4909825235939966,0.36921643976473933,1.3898200591314698,-0.14894803523727582,1.4294275078977972,-0.4205370617074145,1.975215721889342,-1.330833043849613,2.238658471534604,0.0,0.0,0.0,0.3010896063524232,0.4360379055464377,-0.11171892051246356,-4.937537171809137,0.8219663240895454,0.8206445868224377,0.95921853580681,-0.9614970094666468,-0.9846926810570468,8.056966396080629,0.725569956366098,0.7569306717641026,0.31172712238498795,-0.9107002052826728,-0.9875396403657174,Home Improvement Retail,Consumer Cyclical,LIVE
2011Q3,2011,Q3,2011-08-15,2011-06-30,-1143377.0,1124976.0,-1115332.0,-3.351598,76747.0,0.06822101093712221,3395929.0,1043165.0,1661227.0,2352764.0,2352764.0,0.0,-19693332.0,2161705.44,2615933.44,3.049815519731495,0.7060746424205743,0.309961427344329,1.0090513006092037,-0.5191504850866631,3.049815519731495,-1.0960653396154971,1.921556939881384,-0.4726580646628365,2.072256488666702,0.0,0.0,0.0,0.3312719435535902,0.6446638931911572,-0.3366904902899913,-1.8341500797140984,0.06822101093712221,0.5232432564684247,-1.6375204585123782,-0.9240342890898706,-0.9736569357311066,1.1944842860690592,0.5060366354171167,0.4503541573135592,0.3074325424565601,-0.8146774044417828,-0.9728689418971351,Home Improvement Retail,Consumer Cyclical,LIVE
2011Q2,2011,Q2,2011-05-16,2011-03-31,-2314700.0,1118165.0,-2029183.0,-7.029996,-394618.0,-0.3529157145859511,3717455.0,2124183.0,1844073.0,1587942.0,1593272.0,0.0,-18549476.0,2464390.72,1790031.7200000002,6.4473903066799405,1.161297452929641,0.01831037631928295,0.03204432009859791,-0.8977418674089808,6.4473903066799405,-1.0896895418144295,2.203959809151601,-0.2661673996630233,1.1601593271389519,0.0,0.0,0.0,0.30078777012768143,1.0473071434598997,-0.6226571673362555,-1.8319502121573445,-0.3529157145859511,-0.29370627182900544,-3.030962266053328,-0.9112418136993617,-0.940637111714879,-2.552361283216302,-0.33767222956159115,-0.17161348209769764,-686.6347740412531,-0.8334413586616128,-0.9448731851818329,Home Improvement Retail,Consumer Cyclical,LIVE
2011Q1,2011,Q1,2011-01-07,2010-12-31,-1730394.0,1717008.0,-1731956.0,-5.433997,254205.0,0.14805114478208606,5406496.0,4289363.0,2927593.0,1093830.0,1117133.0,0.0,-16234297.0,4343166.96,2473579.96,13.471025143366811,2.676460693160729,0.015427182411676621,0.019445078441717337,-0.38866409480592895,13.471025143366811,-0.4034151457920442,2.5294972184171534,-0.6274823768459669,1.0125435781490166,0.0,0.0,0.0,0.3175824045740531,2.591730890540578,-0.32005831503435866,-2.973814566543647,0.14805114478208606,0.0480577413109847,-3.951102106185858,-0.8329714278732983,-0.8691509958403955,-0.3845705030589295,0.04798441470699726,0.051936272296074906,-6.464796383693187,-0.7498558522885123,-0.8835968631918083,Home Improvement Retail,Consumer Cyclical,LIVE
2010Q4,2010,Q4,2011-01-07,2010-09-30,-1817611.0,1783227.0,-1826835.0,-5.708326267061122,413053.0,0.2316323160203384,7212089.0,5878851.0,4496227.0,1294955.0,1333238.0,0.0,-14503423.0,3145930.3200000003,-84126.6799999997,18.462916203433267,3.472110613882336,0.013672876194400817,0.016773685878413998,-0.30076647308825044,18.462916203433267,-0.30917793289879264,1.7641782678256892,-0.4327012655623233,0.5351267313970026,0.0,0.0,0.0,0.2472552682031517,3.3028993285480963,-0.25202281890864076,-2.8550078727723687,0.2316323160203384,-0.3656289469662717,-0.6531645295163478,-0.7814252500025921,-0.8146304473069081,-0.5929505720133748,-0.3564929317414141,-0.3583688880891444,-5.977611687350846,-0.7420988646950689,-0.8394428800594756,Home Improvement Retail,Consumer Cyclical,LIVE
2010Q3,2010,Q3,2010-08-12,2010-06-30,-1339934.0,1651107.0,-1344874.0,-4.179998,1014749.0,0.6145870618924152,8999343.0,7702942.0,5960801.0,1243270.0,1296401.0,0.0,-12685334.0,3283727.2,-746790.7999999998,24.396239979983722,4.794454141095659,0.012632033249538327,0.014757997658556952,-0.16958673200591856,24.396239979983722,-0.1739509397837865,1.988803390694849,-0.612665847720858,0.42629519993789383,0.0,0.0,0.0,0.18346972662337685,4.51425434539561,-0.14889242470255884,-2.5037167728648972,0.6145870618924152,0.26666663157892884,-5.689463301178457,-0.8105518968768797,-0.7680574030092251,-0.11244942334301863,0.24447764896928142,0.3549121447127579,-5.212335524455674,-0.7691280673120562,-0.8271795526968374,Home Improvement Retail,Consumer Cyclical,LIVE
2010Q2,2010,Q2,2010-05-14,2010-03-31,-1773520.0,2165653.0,-2084792.0,-5.699997,1143314.0,0.5279303748107383,10868015.0,9008871.0,7515682.0,1791076.0,1859144.0,0.0,-11344919.0,3787272.0,-1551225.0,28.54467595673086,4.196182629882819,0.011834451829519926,0.014276705704854693,-0.1896624075861307,28.54467595673086,-0.19686373575556804,1.7487898569161358,-0.533863728630069,0.42039363201004876,0.0,0.0,0.0,0.19926849567285287,3.9204835529033946,-0.1631871137461625,-10.492947483618934,0.5279303748107383,0.2857143036161923,-5.635449342910125,-0.7380175608050912,-0.7351972459612289,-0.30650829717208306,0.29779771892745405,0.16081783542660066,-3.1582344140789314,-0.7297212111158503,-0.7177056391544315,Home Improvement Retail,Consumer Cyclical,LIVE
2010Q1,2010,Q1,2010-02-12,2009-12-31,-2525654.0,2477446.0,-2484314.0,-7.979996,1648634.0,0.6654570876620519,12973772.0,10745474.0,9041781.0,2128461.0,2228298.0,0.0,-9570920.0,7573152.0,1672369.0,34.05337381317581,4.248036961917554,0.013070909524230886,0.0157814350488401,-0.233353068809726,34.05337381317581,-0.23504351692628916,3.0568383730664563,-0.7496228699576426,0.7047759828928905,0.0,0.0,0.0,0.19095803440973064,4.135202853141307,-0.19467383888047363,-5.201229918868486,0.6654570876620519,-0.10309953275472637,-40.98032542412519,-0.6891084613465647,-0.6829576926842313,21.70419952780429,-0.10642110040460433,-1.489897534829304,-4.95290256198034,-0.7586614102737655,-0.6487194568222405,Home Improvement Retail,Consumer Cyclical,LIVE
2009Q4,2009,Q4,2009-12-23,2009-09-30,-2282724.0,2432297.0,5071089.0,-7.2341577192693345,-79628.0,-0.03273777832230192,15036725.0,13207548.0,10963490.0,1712104.0,1829177.0,0.0,-7044787.0,10097536.0,2616191.0,41.855907817511124,6.403518711480143,0.012415269947412086,0.01413472054010328,0.42081903291353817,41.855907817511124,-0.17283480627895503,4.151440387419793,-1.1058647475559902,0.7645276776582602,0.0,0.0,0.0,0.16175709803830288,6.212851555746614,-0.15180991871567778,-5.835886048771015,-0.03273777832230192,-0.08784375681212105,-4.6884451272657985,-0.8108509674770312,-0.6070967133165687,-1.0486649945485036,-0.080669954358306,3.197786476504337,0.509222802835397,-0.8168064451275827,-0.5517773884513075,Home Improvement Retail,Consumer Cyclical,LIVE
2009Q3,2009,Q3,2009-08-14,2009-06-30,-2112323.0,2448569.0,-2307362.0,-6.649997,1636248.0,0.6682466371174347,18080665.0,15514518.0,12254311.0,2430418.0,2566147.0,0.0,-4761583.0,7830624.4842489995,-1170169.5157510005,49.13529331656907,5.042059020300211,0.011313134776845873,0.013184360609849432,-0.1380472324436486,49.13529331656907,-0.13615137769668384,3.198041175988506,-0.9267787743930497,0.5047288278146315,-0.00022676456204851248,0.0,6.117008943073315e-05,0.13542472027439256,4.709487010053414,-0.11682772729874703,-10.19666998400826,0.6682466371174347,0.8902821268514075,-1.632791686814167,-0.8858985146000018,-0.5361467315343443,-0.21386878883516952,0.8893122188851535,0.8772534907178672,-2.275850255137239,-0.8208893547651963,-0.575589349147496,Home Improvement Retail,Consumer Cyclical,LIVE
2009Q2,2009,Q2,2009-05-15,2009-03-31,-19083615.0,3548275.0,-18797781.0,-60.60997,2081393.0,0.5865929219127605,20732328.0,17678746.0,14935370.0,2900375.0,3053582.0,0.0,-2648781.0,12596800.0,2727568.0,56.1372602565731,5.149461707537818,0.010671594622658874,0.012514858237117045,-1.2883184527704732,56.1372602565731,-1.0794665526615972,3.5501194242272653,-0.16502114510274912,0.7125392264813353,-2.510006620862976e-05,0.0,3.802553029340785e-05,0.17114696429653245,4.544211351980348,-0.9204762243776965,-14.173359466946305,0.5865929219127605,-22.266663602338106,-5.471419321989765,-0.8301921980634148,-0.4246517672565043,-0.4143528216758277,-22.506033057571834,-6.479194443416597,-18.517636625597287,-0.7053357011383766,-0.48312887063917226,Home Improvement Retail,Consumer Cyclical,LIVE
2009Q1,2009,Q1,2009-02-17,2008-12-31,887361.0,5163130.0,-2513343.0,2.849999,3554005.0,0.6883431174500739,41210188.0,36958258.0,15862184.0,4082321.0,4251930.0,0.0,16435313.0,9532050.0,2198938.0,116.31786866413836,3.8855797963952368,0.00574811743154387,0.006409420054375939,-0.045614314238427024,116.31786866413836,0.02400981669644711,1.8461766409135543,2.6855051100961167,0.2579139417231191,0.0005398028536300333,0.0,5.025151987243038e-05,0.12528770798133704,3.448739332355295,0.021532563743703378,-23.14121114423609,0.6883431174500739,4.263164383578674,-0.7907856846053464,-0.7116523836979086,0.36394808684381263,-0.2281022092013823,4.197639682167889,-3.8793018095410043,0.5165846999715188,-0.4966632884894527,0.12983808720486256,Home Improvement Retail,Consumer Cyclical,LIVE
2008Q4,2008,Q4,2008-12-29,2008-09-30,-277505.0,5764346.0,-515103.0,-0.8733850535823878,4604243.0,0.7987450787999194,39751991.0,36449923.0,14391461.0,3131230.0,3302068.0,0.0,15548431.0,9532050.0,5124250.0,114.71799770248792,4.596104725619006,0.005835858636615208,0.006364540193953222,-0.008789198593105393,114.71799770248792,-0.007613321981503226,1.6536221108170814,-8.587277706707987,0.2615108405030101,-0.0017296985639898381,0.0,5.0356429099721464e-05,0.14500773055618774,3.8348543543591496,-0.00698090820155398,15.715244300533511,0.7987450787999194,0.8161293849845015,-1.0588899779411423,-0.560753176236598,0.6155234067149721,-0.016769348056812527,0.824441369851401,0.7193741824661913,0.7470626023036538,-0.29193928766429755,0.15178034096276521,Home Improvement Retail,Consumer Cyclical,LIVE
2008Q3,2008,Q3,2008-08-14,2008-06-30,-1580697.0,5812141.0,-1835551.0,-4.749998,4682770.0,0.8056876115015104,39737168.0,36813536.0,14418732.0,2923632.0,2923632.0,0.0,15826416.0,15457622.727492,11398588.727492,112.41048941653537,4.931787584757589,0.0,0.0,-0.042857796272633614,112.41048941653537,-0.04293792913563098,2.659540215471717,-2.444747906697488,0.41988964948903573,-0.0003023982458371212,0.0,3.0923254398611886e-05,0.1462646004365485,4.142673906975981,-0.03977880356244813,-7.9421494101261025,0.8056876115015104,-477.1908570179749,-1.6579621734990249,-0.49378322102973726,0.8718917556754268,-0.15352698145513022,-474.5461354104254,-1.3326159924139205,-6.608333358506074,-0.3570396086073346,0.06872128105261562,Home Improvement Retail,Consumer Cyclical,LIVE
2008Q2,2008,Q2,2008-05-15,2008-03-31,3338.0,6637785.0,5518529.0,0.00997498782262571,5532096.0,0.8334250054799907,41966598.0,38098992.0,14525468.0,3867606.0,3867606.0,0.0,17407591.0,21825652.0,15713482.0,116.95561094807157,3.755674181909946,0.0,0.0,0.010793133239715478,116.95561094807157,8.761386652959217e-05,3.288092639336767,1634.6354104254044,0.572866914694226,0.14379868184541642,0.0,2.1992470144763604e-05,0.15816828898067936,3.4913615812986123,7.95394470621612e-05,60.23760922484172,0.8334250054799907,-0.9895000128182887,-0.9984493090815444,-0.32244299642352453,1.2149583120157272,-0.08761558606569747,-0.9897636249892668,10.437792497958473,-0.991547310639934,-0.22203632584990615,0.0849717798962648,Home Improvement Retail,Consumer Cyclical,LIVE
2008Q1,2008,Q1,2008-02-14,2007-12-31,326092.0,7068888.0,482482.0,0.95,6063339.0,0.8577500449858592,40016664.0,37948730.0,14366123.0,2067934.0,2067934.0,0.0,17404733.0,28200690.0,22349678.0,115.72733787719379,6.947089704023436,0.0,0.0,0.008013153555055082,115.72733787719379,0.00859296213601878,3.989409649721427,21.620194607656735,0.743126054547807,0.0014719772334187897,0.0,1.7020860127890488e-05,0.1766486081898281,6.542164788624782,0.008148905166107799,57.082488249796576,0.8577500449858592,-0.17160812438672213,-0.7772351145370625,-0.08079374325787643,1.6814550268040631,0.15785804228093875,-0.13285627291897684,-0.4665978285023167,3.9672585195469408,-0.14638909528870223,0.07743985724847412,Home Improvement Retail,Consumer Cyclical,LIVE
2007Q4,2007,Q4,2007-12-20,2007-09-30,376053.0,7120697.0,904537.0,1.1468002378665203,5236686.0,0.7354176143150032,40042466.0,37707871.0,13650467.0,2334595.0,2334595.0,0.0,17079121.0,43940610.0,38266077.0,114.99282131040056,5.847038565575613,0.0,0.0,0.009601175514671767,114.99282131040056,0.009972798517317511,6.170829906117336,29.211713508468222,1.1652901326622234,0.0,0.0,0.0,0.17782863323152975,5.394388748369631,0.009391354668316382,176.90809683510415,0.7354176143150032,-0.39642060976531024,-0.8567849991419784,0.34154765278111626,2.097222954159371,-0.007861233959666772,0.41158386666916913,0.5693931407572684,1.9017649985239682,-0.4671387064031744,0.07944277865966273,Home Improvement Retail,Consumer Cyclical,LIVE
2007Q3,2007,Q3,2007-08-15,2007-06-30,266405.0,5989437.0,576361.0,1.899999,5278179.0,0.8812479369930764,40328115.0,37328748.0,18710323.0,2999367.0,2999367.0,0.0,16703548.0,39664950.0,29416847.0,141.16524034443506,6.238090570443697,0.0,0.0,0.00636923720475668,141.16524034443506,0.007136724757015692,6.622483882875803,37.22241511983634,1.062584526006605,0.0,0.0,0.0,0.14851765325505545,6.020722705824262,0.006605937321890696,49.75389571048502,0.8812479369930764,0.0,-0.7091644551187135,0.5284760186376973,0.0,-0.008670924090958777,-0.5746109455786875,-0.47874880395323977,-0.904704610093882,-0.6667316778177459,0.33264612272957234,Home Improvement Retail,Consumer Cyclical,LIVE
2007Q2,2007,Q2,2007-05-15,2007-03-31,626262.0,6106544.0,1105726.0,1.899999,5324346.0,0.871908234837905,26026001.0,24321298.0,16611823.0,1704703.0,1704703.0,0.0,16437622.0,38003266.0,32090580.0,101.11670623256433,9.744702156328698,0.0,0.0,0.023908327504483635,101.11670623256433,0.02574953030878533,6.2233672597790175,15.170673775512487,1.562550896749014,0.0,0.0,0.0,0.23463243546328919,9.347222360727939,0.02406293613836409,95.41774567330265,0.871908234837905,0.0,-0.03204674872394365,1.0618392477810286,0.0,-0.15444615852246688,0.29073491646709176,0.49411327536466887,-0.8078779457465914,-0.617375946820763,0.03634053329022477,Home Improvement Retail,Consumer Cyclical,LIVE
2007Q1,2007,Q1,2007-02-20,2006-12-31,485198.0,7795405.0,740055.0,1.899999,6296874.0,0.8077673963059007,26316257.0,23229119.0,16915662.0,3087138.0,3087138.0,0.0,15812797.0,,,,,,,,,,,,,,,,,,,,,,,,,,,,,,,Home Improvement Retail,Consumer Cyclical,LIVE
