Quarters,Year,Quarter,FillingDate,Date,NetIncome,Revenue,OperatingIncome,EPSDiluted,GrossProfit,GrossProfitRatio,TotalAssets,CommonStockEquity,CurrentAssets,CurrentLiability,TotalLiability,Inventory,RetainedEarnings,MarketCap,EnterpriseValue,bookValuePerShare,currentRatio,debtToAssets,debtToEquity,roic,shareholdersEquityPerShare,roe,priceToSalesRatio,peRatio,pbRatio,payoutRatio,inventoryTurnover,dividendYield,assetTurnover,quickRatio,returnOnAssets,priceToFreeCashFlowsRatio,grossProfitMargin,epsdilutedGrowth,fiveYNetIncomeGrowthPerShare,fiveYRevenueGrowthPerShare,fiveYShareholdersEquityGrowthPerShare,grossProfitGrowth,netIncomeGrowth,operatingIncomeGrowth,threeYNetIncomeGrowthPerShare,threeYRevenueGrowthPerShare,threeYShareholdersEquityGrowthPerShare,Industry,Sector,Symbol
2023Q3,2023,Q3,2023-05-19,2023-03-31,1062000.0,5947000.0,2873000.0,0.34,5947000.0,1.0,685985000.0,50123000.0,91944000.0,10000000.0,635862000.0,0.0,11824000.0,51310474.02,23992474.020000003,16.674950413954488,9.1944,0.026604080264145718,0.36410430341360256,0.03347690944060222,16.674950413954488,0.021187877820561418,8.627959310576761,12.078736822033898,1.0236912000478822,0.3615819209039548,0.0,0.0074838521244282976,0.008669285771554772,9.1944,0.0015481388076998767,17.317068518393523,1.0,-0.38181818181818183,0.2406370434801434,0.7096234783562573,0.288164890584508,0.02516807446991898,-0.38003502626970226,0.060930576070901035,0.21630480751116352,0.4683193009560609,0.12952354230908328,Banks—Regional,Financial Services,HFBL
2023Q2,2023,Q2,2023-02-10,2022-12-31,1713000.0,5801000.0,2708000.0,0.55,5801000.0,1.0,576543000.0,48689000.0,52958000.0,814000.0,527854000.0,0.0,11147000.0,51244452.995000005,38161452.995000005,16.256761268781304,65.05896805896806,0.012772681309113111,0.1512456612376512,0.038366927069098396,16.256761268781304,0.0351824847501489,8.833727459920704,7.478758463952131,1.0524852224321715,0.2183304144775248,0.0,0.007298350907101921,0.010061695311537907,65.05896805896806,0.0029711573984941278,96.68764716037737,1.0,0.057692307692307744,4.706372876308159,0.6018604979980029,0.27475136116872784,0.0003448870494912916,0.025134649910233394,0.2560296846011132,2.304522186637594,0.4175107610774527,0.10513511250224084,Banks—Regional,Financial Services,HFBL
2023Q1,2023,Q1,2022-11-14,2022-09-30,1671000.0,5799000.0,2156000.0,0.52,5799000.0,1.0,581585000.0,47125000.0,69546000.0,823000.0,534460000.0,0.0,9878000.0,57395520.0,27037520.0,15.370189171559035,84.5030376670717,0.012333536800295744,0.15221220159151194,0.03949408818004346,15.370189171559035,0.03545888594164456,9.897485773409208,8.587001795332135,1.2179420689655172,0.24356672651107122,0.0,0.007091145789775927,0.009971027450845535,84.5030376670717,0.0028731827677811496,13.571889335540316,1.0,0.6774193548387097,0.9640844185847859,0.48394002992480745,0.20427054941901165,5798.0,0.5646067415730337,0.2863961813842482,0.5008468088578931,0.3940770190389663,0.06120221228633259,Banks—Regional,Financial Services,HFBL
2022Q4,2022,Q4,2022-09-26,2022-06-30,1068000.0,1000.0,1676000.0,0.31,1000.0,1.0,590480000.0,52347000.0,71476000.0,3182000.0,538133000.0,0.0,14506000.0,64156949.84,3260949.8400000036,16.04100604169246,22.462602137020742,0.005388836201056768,0.06078667354385161,0.025321942065840857,16.04100604169246,0.020402315318929453,64156.94984,15.018012602996254,1.2256089143599442,0.31835205992509363,0.0,0.005299503808206603,1.6935374610486383e-06,29.321495914519172,0.0018086980083999457,74.77499981351981,1.0,-0.16216216216216217,0.15438496169079063,-0.9997664476485518,0.266302254651213,-0.999802371541502,-0.16366483946750196,-0.14923857868020304,-0.014391543326329227,-0.9997555478183503,0.11410653133349913,Banks—Regional,Financial Services,HFBL
2022Q3,2022,Q3,2022-05-12,2022-03-31,1277000.0,5060000.0,1970000.0,0.37,5060000.0,1.0,574597000.0,52632000.0,101252000.0,841000.0,521965000.0,0.0,14051000.0,67935500.0,-8491500.0,16.07574832009774,120.3947681331748,0.004596264860415213,0.05017859857121143,0.028982546923583215,16.07574832009774,0.02426280589755282,13.425988142292491,13.299823805794832,1.2907641738866087,0.2678151918559123,0.0,0.00503418683898698,0.008806171977925398,120.3947681331748,0.00222242719680054,7.92158348880597,1.0,0.08823529411764697,0.6652271395630963,0.3347020642652898,0.294272801037755,-0.018047739181059577,0.0858843537414966,-0.0035407182599898838,0.15536767446245447,0.28561470990431775,0.15588775465727958,Banks—Regional,Financial Services,HFBL
2022Q2,2022,Q2,2022-02-11,2021-12-31,1176000.0,5153000.0,1977000.0,0.34,5153000.0,1.0,571285000.0,53408000.0,99776000.0,36000.0,517877000.0,0.0,14737000.0,65792220.891726,-4385779.108273998,16.543824966530103,2771.5555555555557,0.00739385770674882,0.07908927501497903,0.026923234056461166,16.543824966530103,0.02201917315757939,12.767750997812149,13.986441516098216,1.231879510405295,0.2857142857142857,0.0,0.005106986744724028,0.009020016279090121,2771.5555555555557,0.002058517202447115,822.402761146575,1.0,-0.1052631578947368,0.7302924726447823,0.38494460189829705,0.3584085278682723,-0.0029024767801857586,-0.13082039911308205,0.0,0.10132016925611223,0.31989689582455993,0.20829991326953295,Banks—Regional,Financial Services,HFBL
2022Q1,2022,Q1,2021-11-12,2021-09-30,1353000.0,5168000.0,0.0,0.38,5168000.0,1.0,566815000.0,53684000.0,0.0,35000.0,513131000.0,0.0,16153000.0,60066187.5,-38355812.5,16.757764091486578,0.0,0.004999867681695086,0.05279040309962,0.0,16.757764091486578,0.025203040011921616,11.622714299535604,11.098704268292684,1.118884351017063,0.24759793052475979,0.0,0.0055771810055366,0.009117613330628159,3693.542857142857,0.0023870222206540054,12.08332076041038,1.0,0.027027027027027053,0.5280162745620939,0.30656292922535594,0.3815184099978877,0.041515517936316,0.04317656129529684,0.0,0.24528443907605071,0.28944890985626914,0.25485285079322106,Banks—Regional,Financial Services,HFBL
2021Q4,2021,Q4,2021-09-28,2021-06-30,1297000.0,4962000.0,0.0,0.37,4962000.0,1.0,565731000.0,52725000.0,0.0,2435000.0,513006000.0,0.0,15587000.0,62534862.0,5021862.0,16.441029325370543,0.0,0.005774829380041044,0.06196301564722617,0.0,16.441029325370543,0.024599336178283547,12.602753325272067,12.053751349267541,1.1860571266002844,0.21434078643022358,0.0,0.004445520324327253,0.008770952979419547,37.5741273100616,0.002292609031500837,6.6932315102215565,1.0,-0.09756097560975606,0.511771802712285,0.40613977409353763,0.3893836777779236,-0.10851598993891484,-0.08533145275035262,0.0,0.2312486468484049,0.22876808246183256,0.2524466243249883,Banks—Regional,Financial Services,HFBL
2021Q3,2021,Q3,2021-05-14,2021-03-31,1418000.0,5566000.0,0.0,0.41,5566000.0,1.0,563260000.0,52142000.0,0.0,35000.0,511118000.0,0.0,15508000.0,50541503.401599996,-47066496.598400004,16.19882219756213,0.0,0.005970599723040869,0.06449695063480496,0.0,16.19882219756213,0.027194967588508305,9.080399461300754,8.910702292242593,0.9693050401135361,0.19675599435825106,0.0,0.005520215688541779,0.009881759755707844,3737.4,0.002517487483577744,6.1575905703703695,1.0,-0.012048192771084348,1.107025463264332,0.6035672695676361,0.39858117803579823,-0.056610169491525426,0.010691375623663579,0.0,0.5469088260676205,0.4942181100508384,0.2513832728556787,Banks—Regional,Financial Services,HFBL
2021Q2,2021,Q2,2021-02-12,2020-12-31,1403000.0,5900000.0,0.0,0.415,5900000.0,1.0,535394000.0,51462000.0,0.0,57000.0,483932000.0,0.0,14629000.0,46693212.879999995,-28816787.120000005,15.914760072513563,0.0,0.008003451663634632,0.0832653219851541,0.0,15.914760072513563,0.02726283471299211,7.914103877966101,8.320244632929438,0.9073338167968598,0.20171062009978616,0.0,0.006060838022161819,0.011019921777233216,2004.578947368421,0.002620500042959017,5836.651609999999,1.0,0.12162162162162159,1.382633670274953,0.8426591803871019,0.3896180345181254,0.05375959992855867,0.12510024057738572,0.0,3.3288318539882837,0.5089821410753643,0.2479338122575037,Banks—Regional,Financial Services,HFBL
2021Q1,2021,Q1,2020-11-12,2020-09-30,1247000.0,5599000.0,0.0,0.37,5599000.0,1.0,541625000.0,51052000.0,0.0,125000.0,490573000.0,0.0,14515000.0,37593835.45,-34672164.55,15.65081862377519,0.0,0.006207246711285483,0.06585442294131474,0.0,15.65081862377519,0.02442607537412834,6.71438389891052,7.53685554330393,0.7363832063386352,0.22614274258219727,0.0,0.007501229832616081,0.010337410570043849,925.0,0.0023023309485345027,-3.2461648778171144,1.0,0.21311475409836067,0.566103836217264,0.6513337168416803,0.370617623267996,0.1356997971602434,0.20134874759152216,0.0,0.377674444159192,0.3466978210426566,0.22625816328838774,Banks—Regional,Financial Services,HFBL
2020Q4,2020,Q4,2020-09-29,2020-06-30,1038000.0,4930000.0,0.0,0.305,4930000.0,1.0,518220000.0,50535000.0,0.0,2493000.0,467685000.0,0.0,13937000.0,40791386.309999995,7355386.309999995,15.368113999261626,0.0,0.00648373277758481,0.06648857227663996,0.0,15.368113999261626,0.0205402196497477,8.274114870182554,9.824515007225433,0.807190784802612,0.26685934489402696,0.0,0.006790649327161835,0.009513334105206283,32.37705575611713,0.0020030103045038787,-13.610739509509507,1.0,0.12962962962962954,0.4340834980060898,0.6189172762536015,0.37428755496241356,0.08781994704324801,0.062436028659160696,0.0,0.11343600188913851,0.1426669384755942,0.21318309814367503,Banks—Regional,Financial Services,HFBL
2020Q3,2020,Q3,2020-03-31,2020-03-31,977000.0,4532000.0,0.0,0.27,4532000.0,1.0,460498000.0,49654000.0,0.0,259000.0,410844000.0,0.0,13538000.0,42043125.0,3366125.0,14.762817939912887,0.0,0.006373534738478777,0.05910903451887058,0.0,14.762817939912887,0.019676159020421316,9.276947263901148,10.75822031729785,0.8467218149595199,0.29273285568065505,0.0,0.006802539059596545,0.009841519398564163,338.0617760617761,0.0021216161633709593,8.435618980738363,1.0,0.6875000000000001,0.3576655077954314,0.31967097290891044,0.3480602418416381,-0.023696682464454975,0.6615646258503401,0.0,0.24014037188090118,0.16363671493017848,0.18856760791744595,Banks—Regional,Financial Services,HFBL
2020Q2,2020,Q2,2019-12-31,2019-12-31,588000.0,4642000.0,0.0,0.16,4642000.0,1.0,455295000.0,49974000.0,0.0,302000.0,405321000.0,0.0,14621000.0,60725557.75,48238557.75,14.710202476485282,0.0,0.005291075017296478,0.04820506663465002,0.0,14.710202476485282,0.01176611838155841,13.081765995260664,25.818689519557825,1.2151430293752752,0.48639455782312924,0.0,0.004709713843674,0.01019558747625166,241.78476821192052,0.001291470365367509,-35.57443336262449,1.0,-0.5294117647058824,-0.17218556093462142,0.4752409241089898,0.3569961308269649,-0.003648851684910925,-0.5284683239775461,0.0,-0.17788144681307475,0.18555668030260417,0.20785033274670228,Banks—Regional,Financial Services,HFBL
2020Q1,2020,Q1,,2019-09-30,1247000.0,4659000.0,0.0,0.34,4659000.0,1.0,459891000.0,49737000.0,0.0,299000.0,410154000.0,0.0,14541000.0,56076991.379999995,25218991.379999995,14.48375153538774,0.0,0.00496204535422524,0.045881335826447114,0.0,14.48375153538774,0.02507187807869393,12.03627202833226,11.242379987971129,1.1274703214910426,0.23496391339214115,0.0,0.005224959342317698,0.010130661395852496,259.90635451505017,0.0027115120756875,-53.40665845714285,1.0,0.09677419354838718,0.769774547195592,0.5381057949958926,0.36185359911154524,0.06297056810403832,0.07407407407407407,0.0,0.31379290396692266,0.09883077058954998,0.19404768337434505,Banks—Regional,Financial Services,HFBL
2019Q4,2019,Q4,2019-09-30,2019-06-30,1161000.0,4383000.0,0.0,0.31,4383000.0,1.0,442453000.0,50342000.0,0.0,745000.0,392111000.0,0.0,15370000.0,57691194.0,44163194.0,14.398089940728216,0.0,0.0040795293511401215,0.0358547534861547,0.0,14.398089940728216,0.02306225418139923,13.162490075290897,12.422737726098191,1.145985340272536,0.223083548664944,0.0,0.004489419997096958,0.009906136923017813,78.06711409395973,0.00262400752170287,-38.95421607022282,1.0,-0.015873015873015886,0.8043266278976955,0.5182177165138938,0.3679945700135153,0.03519130845536136,-0.023549201009251473,0.0,0.24119633810915658,0.13921371515256095,0.21674079882315636,Banks—Regional,Financial Services,HFBL
2019Q3,2019,Q3,2019-05-14,2019-03-31,1189000.0,4234000.0,0.0,0.315,4234000.0,1.0,434357000.0,48983000.0,0.0,292000.0,385374000.0,0.0,14818000.0,56264013.9,46277013.9,13.907707089486554,0.0,0.003283013742152193,0.029112140946859114,0.0,13.907707089486554,0.024273727619786457,13.288619248937175,11.830112258200169,1.148643690668191,0.22119428090832632,0.0,0.0046743909964802564,0.009747742064707143,191.1472602739726,0.0027373796209109098,-105.36332191011236,1.0,0.01612903225806453,1.148540639724636,0.503781490983803,0.345227349693372,-0.014432029795158287,0.011914893617021277,0.0,0.6146924319604313,0.11483151413348996,0.20076985399088135,Banks—Regional,Financial Services,HFBL
2019Q2,2019,Q2,2019-02-11,2018-12-31,1175000.0,4296000.0,0.0,0.31,4296000.0,1.0,425569000.0,48638000.0,0.0,288000.0,376931000.0,0.0,14952000.0,52325968.2,43398968.2,13.691820039748448,0.0,0.004575051284280575,0.04003042888276656,0.0,13.691820039748448,0.024158065709938732,12.180160195530727,11.133184723404256,1.0758248324355442,0.2246808510638298,0.0,0.005045296037159614,0.010094720245130636,175.95833333333334,0.0027610093780327046,69.48999760956175,1.0,-0.015873015873015886,1.1527871594454628,0.6020090896116294,0.3910358983422573,-0.0438459826396617,-0.035303776683087026,0.0,0.8163917011720602,0.22131956666490116,0.19551912601382418,Banks—Regional,Financial Services,HFBL
2019Q1,2019,Q1,2018-11-14,2018-09-30,1218000.0,4493000.0,0.0,0.315,4493000.0,1.0,428328000.0,47959000.0,0.0,286000.0,380369000.0,0.0,14880000.0,61230983.0,54458983.0,13.35436587715732,0.0,0.015334043069796978,0.1369503117245981,0.0,13.35436587715732,0.025396693008611523,13.628084353438682,12.567935755336618,1.2767360245209451,0.2175697865353038,0.0,0.004327874337735195,0.010489624773538037,160.35664335664336,0.0028436151734185016,17.44969592476489,1.0,0.03278688524590167,1.0098998660602065,0.6151284831867306,0.3382420655513745,-0.0042109929078014184,0.034834324553950725,0.0,0.3894094295512562,0.20362071414481558,0.16950618742685836,Banks—Regional,Financial Services,HFBL
2018Q4,2018,Q4,2018-09-26,2018-06-30,1177000.0,4512000.0,0.0,0.305,4512000.0,1.0,421650000.0,47037000.0,0.0,5582000.0,374613000.0,0.0,14125000.0,56345662.75,61215662.75,13.127129736352245,0.0,0.02831020988971896,0.25377893998341733,0.0,13.127129736352245,0.025022854348704212,12.487957169769503,11.96806770390824,1.197900859961307,0.19456244689889549,0.0,0.004064199244865569,0.010700818214158662,6.724650662844859,0.0027914146804221512,243.92061796536797,1.0,0.12962962962962954,1.1940040354223582,0.5740550456019846,0.3262065698584283,0.08749096167751265,0.15279138099902057,0.0,0.4922974846121997,0.359717504603847,0.17388841792250423,Banks—Regional,Financial Services,HFBL
2018Q3,2018,Q3,2018-05-14,2018-03-31,1021000.0,4149000.0,0.0,0.27,4149000.0,1.0,412106000.0,46410000.0,0.0,10000000.0,365696000.0,0.0,13639000.0,53830616.009,62095616.009,12.94473287995622,0.0,0.040538113980383685,0.359965524671407,0.0,12.94473287995622,0.02199956905839259,12.974359124849363,13.180856025710087,1.1598926095453566,0.22428991185112634,0.0,0.0042540847008273736,0.01006779809078247,4.085,0.0024775179201467585,-43.65824493836172,1.0,1.842105263157895,0.8369606339431936,0.4863615408024099,0.3339768413535826,-0.04730195177956372,1.8282548476454294,0.0,0.3310380282467345,0.13340649854472336,0.18204260241877354,Banks—Regional,Financial Services,HFBL
2018Q2,2018,Q2,2018-02-09,2017-12-31,361000.0,4355000.0,0.0,0.095,4355000.0,1.0,411833000.0,45932000.0,0.0,10000000.0,365901000.0,0.0,12806000.0,50657826.11,63337826.11,12.752887946616232,0.0,0.053720804306600006,0.4816685535138901,0.0,12.752887946616232,0.007859444396063746,11.63210702870264,35.08159702908587,1.102887444700862,0.6426592797783933,0.0,0.0045797464639763235,0.010574674686098491,4.4114,0.0008765689005009312,8.622608699574467,1.0,-0.6415094339622641,-0.44922287977207337,0.6489382934104002,0.36451955035087,-0.05939524838012959,-0.6418650793650794,0.0,-0.5206182211351917,0.30546317093147146,0.17643653294994663,Banks—Regional,Financial Services,HFBL
2018Q1,2018,Q1,2017-11-14,2017-09-30,1008000.0,4630000.0,0.0,0.265,4630000.0,1.0,418046000.0,46363000.0,0.0,23000000.0,371683000.0,0.0,13364000.0,48495076.5,75789076.5,12.763069875763573,0.0,0.08334250297814116,0.7514828634902831,0.0,12.763069875763573,0.02174147488298859,10.474098596112311,12.027548735119048,1.0459865949140479,0.23214285714285715,0.0,0.004825232103716755,0.01107533620702028,1.716217391304348,0.0024112179042497716,6.285816785482826,1.0,-0.018518518518518535,0.5331803946958096,0.8481574704121253,0.3550741377595784,-0.033402922755741124,-0.02608695652173913,0.0,0.35236574172830826,0.44496266588555056,0.2000642653633766,Banks—Regional,Financial Services,HFBL
2017Q4,2017,Q4,2017-09-21,2017-06-30,1035000.0,4790000.0,0.0,0.27,4790000.0,1.0,426606000.0,46246000.0,0.0,37000000.0,380360000.0,0.0,13320000.0,49193613.699999996,86195613.69999999,12.667596525847419,0.0,0.11464208192102314,1.0575401115772174,0.0,12.667596525847419,0.022380313973100377,10.270065490605427,11.882515386473429,1.063737700557886,0.17004830917874397,0.0,0.0035777001680199804,0.011228159003858361,1.3495675675675676,0.0024261262148211698,-7.584584289238359,1.0,0.22727272727272735,0.9658903258114353,1.018919178337561,0.3628183661214869,0.1372269705603039,0.2147887323943662,0.0,0.5405255976764892,0.5890725600487831,0.20357653923676464,Banks—Regional,Financial Services,HFBL
2017Q3,2017,Q3,2017-05-12,2017-03-31,852000.0,4212000.0,0.0,0.22,4212000.0,1.0,416041000.0,45180000.0,0.0,0.0,370861000.0,0.0,12514000.0,52561614.9,84273614.9,12.420680019859892,0.0,0.10256681432839553,0.9444887118193891,0.0,12.420680019859892,0.018857901726427623,12.479015883190883,15.423009066901407,1.1633823572377158,0.20657276995305165,0.0,0.003348451152706117,0.010124002201706082,0.0,0.0020478750892339937,8.563312952101661,1.0,0.09999999999999995,1.228956392468311,0.9308282036367178,0.37678927235260856,0.008379219535551832,0.11664482306684142,0.0,0.4907001834344469,0.4484757737711556,0.20139418791299793,Banks—Regional,Financial Services,HFBL
2017Q2,2017,Q2,2017-02-09,2016-12-31,763000.0,4177000.0,0.0,0.2,4177000.0,1.0,410308000.0,44138000.0,0.0,0.0,366170000.0,0.0,11905000.0,48672441.94,88763441.94,12.178828847969653,0.0,0.13096746834085612,1.2174770039421814,0.0,12.178828847969653,0.01728669173954416,11.652487895618865,15.947720163826997,1.1027332896823598,0.2306684141546527,0.0,0.003616009244347357,0.010180157345213839,0.0,0.0018595786579837586,11.935370755272192,1.0,-0.24528301886792453,0.774658052013899,1.1046128524783327,0.3346534166248361,-0.06680071492403931,-0.23852295409181637,0.0,0.3702353540201721,0.526766356981256,0.2373218518875096,Banks—Regional,Financial Services,HFBL
2017Q1,2017,Q1,2016-11-10,2016-09-30,1002000.0,4476000.0,0.0,0.265,4476000.0,1.0,389542000.0,43973000.0,0.0,0.0,345569000.0,0.0,11596000.0,42305570.52,78741570.52000001,12.129960752033844,0.0,0.1096184750296502,0.9710731585290974,0.0,12.129960752033844,0.022786710026607235,9.451646675603218,10.555282065868264,0.9620806067359516,0.17664670658682635,0.0,0.004183846189151924,0.011490416951188832,0.0,0.0025722515158827547,-41.23349953216375,1.0,0.019230769230769246,0.9706559282124032,1.337763565455953,0.32597529211840476,0.10929368029739776,0.021406727828746176,0.0,0.6380041685243868,0.5939727167658895,0.21554433068403228,Banks—Regional,Financial Services,HFBL
2016Q4,2016,Q4,2016-09-21,2016-06-30,981000.0,4035000.0,0.0,0.26,4035000.0,1.0,381701000.0,43392000.0,0.0,0.0,338309000.0,0.0,11018000.0,39327845.699999996,82836845.69999999,11.833325515717226,0.0,0.12592317023010158,1.107692662241888,0.0,11.833325515717226,0.022607853982300884,9.746677992565054,10.022386773700305,0.9063386269358408,0.16309887869520898,0.0,0.004068364212484693,0.010571101464235094,0.0,0.0025700744823828076,-11.281653958691908,1.0,0.3,2.321021935147573,1.5972209599645366,0.37187506812353716,0.010771543086172345,0.26744186046511625,0.0,0.7868864169494187,0.3755023758719606,0.19549622479608678,Banks—Regional,Financial Services,HFBL
2016Q3,2016,Q3,2016-05-12,2016-03-31,774000.0,3992000.0,0.0,0.2,3992000.0,1.0,362599000.0,42878000.0,0.0,0.0,319721000.0,0.0,10838000.0,41647725.0,61327725.0,11.582325325092787,0.0,0.07508845860027193,0.6349876393488503,0.0,11.582325325092787,0.018051215075330005,10.432796843687374,13.452107558139536,0.9713075469937963,0.21059431524547803,0.0,0.00391377920402615,0.01100940708606477,0.0,0.0021345894500536407,90.34213665943601,1.0,0.142857142857143,2.9636139862024726,1.9527477712457146,0.36333924486001423,0.07804482851741831,0.13656387665198239,0.0,0.3486361068380738,0.385004779343529,0.1935784149413161,Banks—Regional,Financial Services,HFBL
2016Q2,2016,Q2,2016-02-11,2015-12-31,681000.0,3703000.0,0.0,0.175,3703000.0,1.0,360981000.0,42829000.0,0.0,0.0,318152000.0,0.0,11147000.0,43473663.75,46901663.75,11.452614802910418,0.0,0.07698189101365446,0.6488360690186555,0.0,11.452614802910418,0.015900441289780288,11.7401198352687,15.959494768722466,1.0150520383385089,0.24669603524229075,0.0,0.003864408598412642,0.010258157631565096,0.0,0.0018865258836337647,11.762354910714286,1.0,-0.2553191489361702,1.1515387305889326,1.3305527909028216,0.3428593862389636,-0.07586723234339905,-0.2763018065887354,0.0,0.0006664357326265552,0.35034110647030425,0.22539434727453178,Banks—Regional,Financial Services,HFBL
2016Q1,2016,Q1,2015-11-10,2015-09-30,941000.0,4007000.0,0.0,0.235,4007000.0,1.0,366144000.0,44019000.0,0.0,0.0,322125000.0,0.0,12137000.0,44079494.382,47650494.382,11.41880737419571,0.0,0.07196895210627513,0.59862786524001,0.0,11.41880737419571,0.021377132601831026,11.0006225061143,11.71081147236982,1.0013742788795748,0.179596174282678,0.0,0.003833982271561892,0.010943781681524208,0.0,0.0025700270931655303,11.720152720553044,1.0,0.09302325581395345,1.4598048642121566,1.6639690590175389,1.2018825477064796,0.11522404675758419,0.10187353629976581,0.0,0.34871226237472386,0.507211784610063,0.21235178585161885,Banks—Regional,Financial Services,HFBL
2015Q4,2015,Q4,2015-06-30,2015-06-30,854000.0,3593000.0,0.0,0.215,3593000.0,1.0,369833000.0,43386000.0,0.0,0.0,326447000.0,0.0,11664000.0,39195437.04,72340437.03999999,11.182604356540171,0.0,0.10386039104136191,0.8853316738118286,0.0,11.182604356540171,0.0196837689577283,10.908833019760646,11.47407407494145,0.9034120923800304,0.1756440281030445,0.0,0.003826976080070774,0.009715195777553653,0.0,0.002309150346237356,-14.657979446522065,1.0,0.023809523809523832,2.098279819066147,1.631024005066326,1.1748142784506397,-0.10688540889883172,0.013048635824436536,0.0,0.5263358567108519,0.42499695962183415,0.20305841499349486,Banks—Regional,Financial Services,HFBL
2015Q3,2015,Q3,2015-03-31,2015-03-31,843000.0,4023000.0,0.0,0.21,4023000.0,1.0,357734000.0,43149000.0,0.0,0.0,314585000.0,0.0,11632000.0,37923770.5,64023770.5,10.95115595112042,0.0,0.10754079847037185,0.8915849730005331,0.0,10.95115595112042,0.019536953347702148,9.426738876460353,11.24666978054567,0.8789026512781293,0.18149466192170818,0.0,0.004034408973126763,0.01124578597505409,0.0,0.0023564995219912,108.0449301994302,1.0,0.024390243902439046,5.754493924089241,2.4310522544575623,1.214561062967771,0.08759124087591241,0.009580838323353293,0.0,1.0360087176041497,0.7025323994373035,0.21389762953841054,Banks—Regional,Financial Services,HFBL
2015Q2,2015,Q2,2014-12-31,2014-12-31,835000.0,3699000.0,0.0,0.205,3699000.0,1.0,346307000.0,43292000.0,0.0,0.0,303015000.0,0.0,28936000.0,38997777.42,83416777.42,10.84026854779664,0.0,0.14157958112310753,1.1325418091102282,0.0,10.84026854779664,0.019287628199205396,10.542789245742092,11.675981263473055,0.9008079418830269,0.1844311377245509,0.0,0.003948942995941639,0.01068127412960177,0.0,0.0024111554199019946,28.238796104272268,1.0,0.024999999999999883,4.447473799658438,1.4396523351101471,1.174177961938059,0.04550593555681176,0.014580801944106925,0.0,0.7624472844064122,0.6913426044043687,0.18796327915056577,Banks—Regional,Financial Services,HFBL
2015Q1,2015,Q1,2014-09-30,2014-09-30,823000.0,3538000.0,0.0,0.2,3538000.0,1.0,340485000.0,42658000.0,0.0,0.0,297827000.0,0.0,28255000.0,38605624.75,77400624.75,10.635321994109162,0.0,0.12802032394966004,1.0218247456514604,0.0,10.635321994109162,0.019292981386844203,10.911708521763709,11.727103508505467,0.9050031588447652,0.18955042527339003,0.0,0.00404086194719592,0.010391059811739137,0.0,0.002417140255811563,-20.415454653622422,1.0,0.11111111111111122,4.129676731886071,3.162624782728808,1.0769537682234263,0.054231227651966626,0.10026737967914438,0.0,0.4629172844351399,0.670110436124453,0.1625902569839449,Banks—Regional,Financial Services,HFBL
2014Q4,2014,Q4,2014-09-22,2014-06-30,748000.0,3356000.0,0.0,0.18,3356000.0,1.0,329529000.0,42779000.0,0.0,0.0,286750000.0,0.0,27588000.0,39690115.92,48079115.92,10.524961323922483,0.0,0.03913767832269694,0.30147969798265506,0.0,10.524961323922483,0.017485214708151196,11.826613802145411,13.265413074866311,0.9277943832254144,0.17914438502673796,0.0,0.003376155420409767,0.010184232647202522,0.0,0.0022699064422251154,-20.596842719252724,1.0,0.16129032258064513,200.98057995089874,3.5125183869937575,1.191719828552366,0.033887861983980284,0.1724137931034483,0.0,1.2845310826500038,0.948857338898155,0.22019224554211012,Banks—Regional,Financial Services,HFBL
2014Q3,2014,Q3,2014-05-12,2014-03-31,638000.0,3246000.0,0.0,0.155,3246000.0,1.0,289524000.0,41979000.0,0.0,0.0,247545000.0,0.0,26974000.0,36746909.6,47551909.6,10.338555109407078,0.0,0.06028515770713309,0.41577931823054387,0.0,10.338555109407078,0.015198075228090236,11.320674553296366,14.399259247648903,0.8753641010981682,0.2115987460815047,0.0,0.003673778325021378,0.01121150578190409,0.0,0.0022036169713046242,-78.01891634819533,1.0,0.03333333333333337,2.752609603415626,3.633096511241497,1.0976312218246196,0.024297885768381194,-0.010852713178294573,0.0,1.978774237918952,1.1890256585872578,0.21693679983814232,Banks—Regional,Financial Services,HFBL
2014Q2,2014,Q2,2013-12-31,2013-12-31,645000.0,3169000.0,0.0,0.15,3169000.0,1.0,285808000.0,41320000.0,0.0,0.0,244488000.0,0.0,26471000.0,37361772.800000004,48937772.800000004,9.842894821093715,0.0,0.0645783183115938,0.44668441432720235,0.0,9.842894821093715,0.015609874152952565,11.78976737141054,14.481307286821705,0.9042055372700871,0.2186046511627907,0.0,0.0037739108568210123,0.011087863180876673,0.0,0.0022567597827912443,-35.01571958762887,1.0,-0.09090909090909098,6.2031950975587735,4.527293113350339,0.8954968009219614,-0.031775129850290254,-0.09537166900420757,0.0,0.815338352351878,0.776737562310051,0.15411405392850772,Banks—Regional,Financial Services,HFBL
2014Q1,2014,Q1,2013-11-12,2013-09-30,713000.0,3273000.0,0.0,0.165,3273000.0,1.0,292688000.0,42165000.0,0.0,0.0,250523000.0,0.0,25967000.0,35852162.629999995,41910162.629999995,9.979036095876372,0.0,0.05580344940687695,0.38735918415747655,0.0,9.979036095876372,0.016909759279022885,10.953914644057438,12.57088451262272,0.8502825241313886,0.19775596072931276,0.0,0.003932817148442127,0.011182556169026404,0.0,0.0024360411086207837,-22.879491148691766,1.0,0.13793103448275876,9.07466580183721,4.521319060456086,1.169549061874314,-0.03536693191865606,0.12283464566929134,0.0,0.7004210661955641,0.9852342241825716,0.9242522185020084,Banks—Regional,Financial Services,HFBL
2013Q4,2013,Q4,2013-09-24,2013-06-30,635000.0,3393000.0,0.0,0.145,3393000.0,1.0,277155000.0,41982000.0,0.0,500000.0,235173000.0,0.0,25395000.0,36793745.95,56270745.95,9.898254189581912,0.0,0.07996247587090256,0.5278929064837311,0.0,9.898254189581912,0.015125529989042923,10.844015900383143,14.485726751968505,0.8764171775999238,0.2204724409448819,0.0,0.0038049944735241066,0.012242247118038643,102.84,0.002291136728545399,33.57093608576643,1.0,-0.03333333333333337,3.127420058663422,5.469400516534573,1.3060013281692908,-0.000589101620029455,-0.060650887573964495,0.0,1.107359469704481,1.2727600313071883,0.9250314020674953,Banks—Regional,Financial Services,HFBL
2013Q3,2013,Q3,2013-05-10,2013-03-31,676000.0,3395000.0,0.0,0.15,3395000.0,1.0,276225000.0,42314000.0,0.0,0.0,233911000.0,0.0,24900000.0,39026743.5,62247743.5,9.703866273136523,0.0,0.10949407186170694,0.7147752516897481,0.0,9.703866273136523,0.015975799971640593,11.495358910162002,14.432967270710057,0.9223127924563973,0.22633136094674555,0.0,0.003920388591992054,0.012290705041180197,0.0,0.002447280296859444,8.584853387593489,1.0,-0.14285714285714282,7.988550048470517,5.549127507186493,1.0162915842261357,-0.04366197183098591,-0.23269012485811577,0.0,4.445045093016688,1.6163062049825205,0.9623320592503921,Banks—Regional,Financial Services,HFBL
2013Q2,2013,Q2,2013-02-12,2012-12-31,881000.0,3550000.0,0.0,0.175,3550000.0,1.0,272500000.0,45246000.0,0.0,0.0,227254000.0,0.0,24377000.0,42336136.589999996,67104136.589999996,9.34606465941582,0.0,0.11098348623853212,0.6684126773637449,0.0,9.34606465941582,0.019471334482606198,11.925672278873238,12.013659645289442,0.9356879412544755,0.18955732122587968,0.0,0.003944620682262401,0.013027522935779816,0.0,0.0032330275229357796,60.82778245689654,1.0,0.0,6.816943082432216,4.530544491378441,0.9914034936105143,-0.007825600894354388,-0.0617678381256656,0.0,3.741336530680543,0.9314708658843579,0.8744930278946078,Banks—Regional,Financial Services,HFBL
2013Q1,2013,Q1,2012-11-09,2012-09-30,939000.0,3578000.0,0.0,0.175,3578000.0,1.0,270229000.0,48866000.0,0.0,0.0,221363000.0,0.0,23663000.0,45863475.839999996,65292475.839999996,9.41872442261018,0.0,0.09719164116360568,0.53746981541358,0.0,9.41872442261018,0.019215814676871446,12.818187769703744,12.210723067092651,0.9385559661114068,0.18317358892438765,0.0,0.003750260896056848,0.01324062184295542,0.0,0.003474830606633633,14.252167756370415,1.0,0.2499999999999998,9.459468713777527,4.586703366540912,1.0856432821092705,0.025802752293577983,0.2131782945736434,0.0,3.5247115749350058,2.2545048240893757,0.8393665177447037,Banks—Regional,Financial Services,HFBL
2012Q4,2012,Q4,2012-09-17,2012-06-30,774000.0,3488000.0,0.0,0.14,3488000.0,1.0,296183000.0,49888000.0,0.0,0.0,246295000.0,0.0,22897000.0,39582377.25,28188377.25,9.295146617299242,0.0,0.07923817369666726,0.47043377164849265,0.0,9.295146617299242,0.015514753046824887,11.348158615252293,12.785005571705426,0.7934248165891598,0.22997416020671835,0.0,0.004496950723190837,0.011776503040350054,0.0,0.0026132492411785955,17.16495110581093,1.0,0.33333333333333354,6.993802180007345,4.537289698236368,1.23863573187567,0.04119402985074627,0.3185689948892675,0.0,157.7102693408845,2.5517613693639594,0.9356229940846711,Banks—Regional,Financial Services,HFBL
2012Q3,2012,Q3,2012-03-31,2012-03-31,587000.0,3350000.0,0.0,0.105,3350000.0,1.0,266284000.0,50394000.0,0.0,0.0,215890000.0,0.0,22301000.0,39800250.0,58233250.0,9.021482277121375,0.0,0.11002914181850956,0.5813985791959361,0.0,9.021482277121375,0.011648212088740723,11.880671641791045,16.95070272572402,0.7897815216097154,0.313458262350937,0.0,0.004623086538401141,0.012580553093689445,0.0,0.002204413333133046,39.76048951048951,1.0,-0.0869565217391305,2.821263197547148,3.623974862815862,0.9758016114927867,0.06721885950939789,-0.13676470588235295,0.0,1.5097017793043572,2.475673310259776,0.8304049928996846,Banks—Regional,Financial Services,HFBL
2012Q2,2012,Q2,2012-02-13,2011-12-31,680000.0,3139000.0,0.0,0.115,3139000.0,1.0,252428000.0,52305000.0,0.0,0.0,200123000.0,0.0,21898000.0,40668540.0,60021540.0,9.125087229588276,0.0,0.10146259527469219,0.4896663798872001,0.0,9.125087229588276,0.01300066915208871,12.955890410958904,14.951669117647057,0.7775268138801261,0.2676470588235294,0.0,0.0044752036832401655,0.01243522905541382,0.0,0.0026938374506790055,-11.259285714285713,1.0,-0.1785714285714286,3.6017944322011934,3.1697174067624445,0.9904924507861139,0.03940397350993378,-0.15211970074812967,0.0,4.561675711768338,3.0097090354171736,0.7572649069409109,Banks—Regional,Financial Services,HFBL
2012Q1,2012,Q1,2011-11-14,2011-09-30,802000.0,3020000.0,0.0,0.14,3020000.0,1.0,243848000.0,52308000.0,0.0,0.0,191540000.0,0.0,21400000.0,37167000.0,60126000.0,9.147953830010493,0.0,0.09415291493061251,0.43891947694425326,0.0,9.147953830010493,0.01533226275139558,12.306953642384107,11.58572319201995,0.7105414085799495,0.2281795511221945,0.0,0.004923722657195899,0.012384764279387159,0.0,0.003288934090088908,-15.570590699622958,1.0,0.7379353974895398,4.97896931220435,3.230426216632972,1.0166640576826496,0.2012728719172633,0.6778242677824268,0.0,7.37403645336953,2.764637311049023,0.988862898107978,Banks—Regional,Financial Services,HFBL
2011Q4,2011,Q4,2011-09-27,2011-06-30,478000.0,2514000.0,0.0,0.08055535332454303,2514000.0,1.0,233320000.0,51183000.0,0.0,0.0,182137000.0,0.0,20781000.0,38777435.28,56069435.28,8.625658261945786,0.0,0.11525372878450198,0.5253892894125003,0.0,8.625658261945786,0.009339038352578004,15.424596372315037,20.28108539748954,0.7576233374362582,0.38284518828451886,0.0,0.004719239389573162,0.010774901422938453,0.0,0.0020486884964855136,-8.03344422622747,1.0,0.4646427877189641,2.925048339990688,2.3493338425976464,1.0455713688259693,0.1601292108906322,0.5271565495207667,0.0,2.1446651302537942,2.4262297733351494,1.0095240056894876,Banks—Regional,Financial Services,HFBL
2011Q3,2011,Q3,2011-05-12,2011-03-31,313000.0,2167000.0,0.0,0.055,2167000.0,1.0,217590000.0,50411000.0,0.0,0.0,167179000.0,0.0,20486000.0,38866442.4,52211442.4,8.495556310551336,0.0,0.11005560917321568,0.47503521056912185,0.0,8.495556310551336,0.006208962329650275,17.935598707891092,31.043484345047922,0.7709912995179623,0.5846645367412141,0.0,0.004708431971123758,0.00995909738499012,0.0,0.0014384852245048025,7.29338382435729,1.0,-0.35294117647058826,1.5193468549660694,2.0670467720656682,0.912526912016867,-0.14007936507936508,-0.37649402390438247,0.0,2.0583914542855832,2.0719091506270932,0.7652261696664155,Banks—Regional,Financial Services,HFBL
2011Q2,2011,Q2,2010-12-31,2010-12-31,502000.0,2520000.0,0.0,0.085,2520000.0,1.0,210943000.0,50584000.0,0.0,0.0,160359000.0,0.0,20356000.0,34104124.0,23679124.0,8.528528690547805,0.0,0.12316597374646232,0.5136209077969318,0.0,8.528528690547805,0.009924086667721018,13.53338253968254,16.984125498007966,0.674207733670726,0.14342629482071714,0.0,0.0021111816271838562,0.01194635517651688,0.0,0.0023797898010362987,-1176.0042758620689,1.0,-0.15,2.6715787593297358,2.495761746793974,0.9094290555962938,-0.007874015748031496,-0.22291021671826625,0.0,2.635608535144115,2.204442137943664,0.8172078247504849,Banks—Regional,Financial Services,HFBL
2011Q1,2011,Q1,2010-09-30,2010-09-30,646000.0,2540000.0,0.0,0.1,2540000.0,1.0,193393000.0,33759000.0,0.0,0.0,159634000.0,0.0,21239000.0,30758474.249999996,34108474.25,5.185929370342548,0.0,0.1447570491175999,0.8292603453893777,0.0,5.185929370342548,0.01913563790396635,12.109635531496062,11.90343430727554,0.9111192348707011,0.1130030959752322,0.0,0.0023733296849078917,0.013133877648105153,0.0,0.003340348409714933,4.821077468652037,1.0,0.40756811279826466,2.570636308302146,2.1170022915727316,0.18529425171873393,0.11208406304728546,0.40130151843817785,0.0,4.734932033608592,2.1608269332814865,0.14835069670195244,Banks—Regional,Financial Services,HFBL
2010Q4,2010,Q4,2010-06-30,2010-06-30,461000.0,2284000.0,0.0,0.07104451933142947,2284000.0,1.0,185145000.0,33365000.0,0.0,0.0,151780000.0,0.0,20665000.0,25955556.0,48625556.0,5.141866350310508,0.0,0.17017472791595775,0.9443129027423948,0.0,5.141866350310508,0.013816873969728758,11.36407880910683,14.075681127982646,0.7779276487337029,0.15835140997830802,0.0,0.002812499951840754,0.012336276972102947,0.0,0.0024899403170487995,-2.6083364485981306,1.0,2.5787670962539884,0.18485202699537506,1.0617730522103315,0.12851400971589408,0.1828068358363542,2.578767123287671,0.0,2.938064865450454,1.9990684118950908,0.23836300967125176,Banks—Regional,Financial Services,HFBL
2010Q3,2010,Q3,2010-03-31,2010-03-31,-292000.0,1931000.0,0.0,-0.045,1931000.0,1.0,170815000.0,32088000.0,0.0,0.0,138727000.0,0.0,20277000.0,27577778.25,46228778.25,4.945068408474856,0.0,0.19925065128940667,1.0606768885564697,0.0,4.945068408474856,-0.009099975068561457,14.281604479544278,-23.611111515410958,0.8594421045250561,-0.25,0.0,0.0026470587782030626,0.011304627813716593,0.0,-0.0017094517460410385,-14.186099922839507,1.0,-2.1249999999999996,-3.055775149641254,1.663430997585865,0.13215435545359533,-0.21599675192854242,-2.1726907630522088,0.0,-2.636372936149297,1.2944759899531975,0.08302314744715175,Banks—Regional,Financial Services,HFBL
2010Q2,2010,Q2,2009-12-31,2009-12-31,249000.0,2463000.0,0.0,0.04,2463000.0,1.0,172242000.0,32346000.0,0.0,0.0,139896000.0,0.0,20642000.0,29193633.0,58319633.0,4.985915935848067,0.0,0.24698970053761568,1.315216719223397,0.0,4.985915935848067,0.007698015210536079,11.852875761266748,29.310876506024098,0.9025422927100722,0.2931726907630522,0.0,0.002500545238751203,0.014299648169436026,0.0,0.0014456404361305605,-10.008101816935207,1.0,0.0,1.1149566354004128,2.7750125289042353,0.8543090070867357,0.8449438202247191,-0.011904761904761904,0.0,0.4888405889970635,1.8907482418249633,0.08759815450088027,Banks—Regional,Financial Services,HFBL
2010Q1,2010,Q1,2009-09-30,2009-09-30,252000.0,1335000.0,0.0,0.04,1335000.0,1.0,161726000.0,32260000.0,0.0,0.0,129466000.0,0.0,20466000.0,25200000.0,57179000.0,5.12063492063492,0.0,0.23515081063032536,1.1788592684438934,0.0,5.12063492063492,0.007811531308121513,18.876404494382022,25.0,0.7811531308121513,0.29365079365079366,0.0,0.0029365079365079364,0.008254702397882839,0.0,0.0015581910144318169,36.896046852122986,1.0,44.46666666666667,1.6008731348146217,1.7396446108296095,1.402455372535112,0.11902766135792121,43.0,0.0,0.7051245150715448,0.697313436216456,0.12884264490731964,Banks—Regional,Financial Services,HFBL
2009Q4,2009,Q4,2009-06-30,2009-06-30,-6000.0,1193000.0,0.0,-0.0009202453987730061,1193000.0,1.0,154766000.0,31310000.0,0.0,0.0,123456000.0,0.0,20288000.0,22005000.0,47995000.0,4.802147239263804,0.0,0.23258984531486243,1.149696582561482,0.0,4.802147239263804,-0.0001916320664324497,18.44509639564124,-916.875,0.7028106036410092,-12.333333333333334,0.0,0.0033628720745285164,0.0077084114081904295,0.0,-3.8768204902885646e-05,-141.05769230769232,1.0,-1.0230061349693251,-1.015347484032973,0.07178568565990981,0.053953966714915765,0.060444444444444446,-1.021978021978022,0.0,-1.044838828529321,0.4465035440919104,0.13882727592650954,Banks—Regional,Financial Services,HFBL
2009Q3,2009,Q3,2009-03-31,2009-03-31,273000.0,1125000.0,0.0,0.04,1125000.0,1.0,149456000.0,32135000.0,0.0,0.0,117321000.0,0.0,20368000.0,20375000.0,52064000.0,4.928680981595092,0.0,0.24084011347821432,1.1201182511280536,0.0,4.928680981595092,0.008495409989108449,18.11111111111111,18.65842490842491,0.6340438773922514,0.27472527472527475,0.0,0.0036809815950920245,0.007527299004389251,0.0,0.0018266245583984583,-377.31481481481484,1.0,1.0,0.9128378509274275,0.5443098727657631,0.12840251722122523,0.2640449438202247,0.9640287769784173,0.0,0.9998258015233995,0.44910516408386103,0.10954888337790183,Banks—Regional,Financial Services,HFBL
2009Q2,2009,Q2,2008-12-31,2008-12-31,139000.0,890000.0,0.0,0.02,890000.0,1.0,155557000.0,33839000.0,0.0,0.0,121718000.0,0.0,20170000.0,22775342.25,60868342.25,5.192778387336857,0.0,0.26245684861497715,1.2065072844942226,0.0,5.192778387336857,0.004107686397352168,25.590272191011238,40.9628457733813,0.6730500975206124,0.5323741007194245,0.0,0.0032491279027870587,0.005721375444370873,0.0,0.000893563131199496,-1897.9451875,1.0,0.3333333333333334,0.17537058761443,0.3580066312208928,0.931243097424234,-0.025191675794085433,0.27522935779816515,0.0,-0.07469426480608932,0.12370577732047516,0.16259700727073292,Banks—Regional,Financial Services,HFBL
2009Q1,2009,Q1,2008-09-30,2008-09-30,109000.0,913000.0,0.0,0.015,913000.0,1.0,141029000.0,29933000.0,0.0,0.0,111096000.0,0.0,20105000.0,24404077.5,49153077.5,4.599589966062024,0.0,0.22596061802891604,1.0646109644873551,0.0,4.599589966062024,0.003641465940600675,26.729548192771084,55.97265481651377,0.8152900644773327,0.6880733944954128,0.0,0.003073256917824491,0.006473845804763559,0.0,0.0007728906820583001,68.55077949438203,1.0,1.2131450765864333,0.0890668719760832,0.81381572576228,1.1579959900859615,0.136986301369863,1.2385120350109409,0.0,-0.39734127982165746,0.12074298882748033,0.05128071705233599,Banks—Regional,Financial Services,HFBL
2008Q4,2008,Q4,2008-06-30,2008-06-30,-457000.0,803000.0,0.0,-0.07037460231420027,803000.0,1.0,137715000.0,27874000.0,0.0,0.0,109841000.0,0.0,20071000.0,28897499.0,48410499.0,4.2923887634705,0.0,0.19515666412518606,0.9641960249695056,0.0,4.2923887634705,-0.01639520700294181,35.98692278953923,-15.808259846827134,1.0367187701800962,-0.16411378555798686,0.0,0.002595380313016016,0.005830882619903424,0.0,-0.003318447518425734,-38.893,1.0,-5.691640154280019,-2.17367941940717,-0.2756801229552027,-0.057925561516973145,0.04015544041450777,-5.080357142857143,0.0,-2.17367941940717,-0.2756801229552027,-0.057925561516973145,Banks—Regional,Financial Services,HFBL
2008Q3,2008,Q3,2008-03-31,2008-03-31,112000.0,772000.0,0.0,0.015,772000.0,1.0,138630000.0,31253000.0,0.0,0.0,107377000.0,0.0,20602000.0,25975280.0,47484280.0,4.812729641412912,0.0,0.19571521315732526,0.8681406584967843,0.0,4.812729641412912,0.0035836559690269735,33.64673575129534,57.980535714285715,0.8311291715995265,0.6607142857142857,0.0,0.0028488624569205797,0.005568780206304551,0.0,0.0008079059366659454,103.48717131474103,1.0,-0.4000000000000001,-0.21208225426498512,0.06401212037483874,0.10185590472483226,-0.10232558139534884,-0.2582781456953642,0.0,-0.21208225426498512,0.06401212037483874,0.10185590472483226,Banks—Regional,Financial Services,HFBL
2008Q2,2008,Q2,2007-12-31,2007-12-31,151000.0,860000.0,0.0,0.025,860000.0,1.0,128084000.0,30441000.0,0.0,0.0,97643000.0,0.0,20565000.0,30809383.5,31902383.5,4.693204912717581,0.0,0.12531619874457386,0.5272822837620315,0.0,4.693204912717581,0.004960415229460268,35.82486453488372,51.0089130794702,1.0121015571104761,0.5033112582781457,0.0,0.0024667809402937257,0.00671434371193904,0.0,0.0011789138377939477,86.30079411764706,1.0,0.6666666666666669,0.28281875030732534,0.31837411836997287,0.7454470259285815,0.07634543178973717,0.3482142857142857,0.0,0.28281875030732534,0.31837411836997287,0.7454470259285815,Banks—Regional,Financial Services,HFBL
2008Q1,2008,Q1,2007-09-30,2007-09-30,112000.0,799000.0,0.0,0.015,799000.0,1.0,125219000.0,29230000.0,0.0,0.0,95989000.0,0.0,20490000.0,32362850.0,43330850.0,4.51598051469509,0.0,0.1348996558030331,0.5778994184057475,0.0,4.51598051469509,0.0038316797810468697,40.50419274092616,72.23850446428573,1.1071792678754704,0.6339285714285714,0.0,0.0021938735309158493,0.006380820801954975,0.0,0.0008944329534655284,74.22672018348624,1.0,-0.16853582038911286,0.12512414349801393,0.5959656379171622,1.118768828074908,0.016360995143346335,-0.07314691448952738,0.0,0.12512414349801393,0.5959656379171622,1.118768828074908,Banks—Regional,Financial Services,HFBL
2007Q4,2007,Q4,2007-06-30,2007-06-30,120839.0,786138.0,0.0,0.018040464481608547,786138.0,1.0,118785000.0,27812000.0,0.0,0.0,90973000.0,0.0,20449000.0,33826011.0,42222011.0,4.152147884064721,0.0,0.10412089068485078,0.4447001294405293,0.0,4.152147884064721,0.004344851143391342,43.028082855681824,69.981568450583,1.2162379907953402,0.6949412027573879,0.0,0.0024825865515150456,0.006618158858441722,0.0,0.0010172917455907732,-26.60170591857487,1.0,-0.27838142073565814,-0.6991283619042556,-0.31252883594358843,-0.08870500741500613,-0.09507836673051422,-0.3439793702497286,0.0,-0.6991283619042556,-0.31252883594358843,-0.08870500741500613,Banks—Regional,Financial Services,HFBL
2007Q3,2007,Q3,2007-03-31,2007-03-31,184200.0,868736.0,0.0,0.025,868736.0,1.0,122733294.0,30583978.0,0.0,0.0,92149316.0,0.0,20411832.0,35400092.7,40401858.7,4.565985888788365,0.0,0.12524352194116128,0.502601394756431,0.0,4.565985888788365,0.006022761329477807,40.74896481785031,48.04572842019544,1.1574718207029837,0.4564495114006515,0.0,0.0023750785262774184,0.00707824235533025,0.0,0.0015008152555573062,72.11322296372349,1.0,0.0,0.2562998960853586,0.16080142448568102,0.045364873430686334,-0.01968559470356507,0.058937153632119946,0.0,0.2562998960853586,0.16080142448568102,0.045364873430686334,Banks—Regional,Financial Services,HFBL
2007Q2,2007,Q2,2006-12-31,2006-12-31,173948.0,886181.0,0.0,0.025,886181.0,1.0,124186845.0,30932884.0,0.0,0.0,93253961.0,0.0,20311710.0,,,,,,,,,,,,,,,,,,,,,,,,,,,,,,,Banks—Regional,Financial Services,HFBL
2007Q1,2007,Q1,2006-09-30,2006-09-30,158013.0,840945.0,0.0,0.025,840945.0,1.0,120134781.0,30554792.0,0.0,0.0,89579989.0,0.0,20221935.0,,,,,,,,,,,,,,,,,,,,,,,,,,,,,,,Banks—Regional,Financial Services,HFBL
