Quarters,Year,Quarter,FillingDate,Date,NetIncome,Revenue,OperatingIncome,EPSDiluted,GrossProfit,GrossProfitRatio,TotalAssets,CommonStockEquity,CurrentAssets,CurrentLiability,TotalLiability,Inventory,RetainedEarnings,MarketCap,EnterpriseValue,bookValuePerShare,currentRatio,debtToAssets,debtToEquity,roic,shareholdersEquityPerShare,roe,priceToSalesRatio,peRatio,pbRatio,payoutRatio,inventoryTurnover,dividendYield,assetTurnover,quickRatio,returnOnAssets,priceToFreeCashFlowsRatio,grossProfitMargin,epsdilutedGrowth,fiveYNetIncomeGrowthPerShare,fiveYRevenueGrowthPerShare,fiveYShareholdersEquityGrowthPerShare,grossProfitGrowth,netIncomeGrowth,operatingIncomeGrowth,threeYNetIncomeGrowthPerShare,threeYRevenueGrowthPerShare,threeYShareholdersEquityGrowthPerShare,Industry,Sector,Symbol
2023Q1,2023,Q1,2023-05-02,2023-03-31,90167000.0,204108000.0,129025000.0,0.5,197262000.0,0.9664589335,8238114000.0,4134872000.0,40869000.0,267218000.0,4103242000.0,2086000.0,-802999000.0,7984328957.45,11940807957.45,22.864112910786616,0.1529425412958708,0.48065843711315476,0.9576400430291433,0.01594549021000165,22.864112910786616,0.021806479136476292,39.11815782551394,22.137613975872547,1.9309736691849229,1.1024099726063858,3.2818791946308723,0.012449512104239033,0.02477605918053574,0.12706105127648587,0.010945102240634203,44.15573855753171,0.966458933505791,0.6666666666666667,-0.26119192954485027,0.1301461351791889,-0.09446558277046678,0.030169464971146566,0.7004299777467657,0.0056664951908837234,0.30838051675558037,0.10268924485367538,-0.09074191004318793,REIT—Retail,Real Estate,NNN
2022Q4,2022,Q4,2023-02-09,2022-12-31,53026000.0,198520000.0,128298000.0,0.3,191485000.0,0.9645627645,8146045000.0,4123502000.0,43537000.0,190026000.0,4022543000.0,4273000.0,-793765000.0,8180927040.0,12094476040.0,23.064800675694574,0.22911075326534264,0.4807307104245066,0.9496913060791531,0.009333647473697592,23.064800675694574,0.012859457810375743,41.209586137416885,38.570357183268584,1.9839755237174612,1.8462829555312488,1.6463842733442546,0.011966981189456985,0.02437010843912598,0.17845978971298665,0.006509416532808252,72.3438067277422,0.9645627644569816,0.03448275862068969,-0.37615928434013446,0.12183239201906423,-0.08841442991632925,0.02073071920510032,0.0297910355006603,0.02351814918228959,-0.3135764543795525,0.09368576555758876,-0.09074098177180133,REIT—Retail,Real Estate,NNN
2022Q3,2022,Q3,2022-11-02,2022-09-30,51492000.0,193471000.0,125350000.0,0.29,187596000.0,0.9696336919,7951847000.0,4006932000.0,38667000.0,104884000.0,3944915000.0,0.0,-786526000.0,7051265329.96,10844482329.96,22.650730336494945,0.3686644292742458,0.4774354939173251,0.9474815145353103,0.009354559901120597,22.650730336494945,0.012850729685455106,36.44610990773811,34.23476137050415,1.7597666568736379,1.8839431367979491,0.0,0.013757530806254643,0.02433032225091856,0.3288013424354525,0.006475476703714244,37.119737470835965,0.9696336918711331,0.38095238095238093,-0.28877702040519043,0.10578334558343008,-0.10160531431732471,0.01617463842695412,0.3737061146088998,0.13078699527297658,-0.28037380106646853,0.06951710353834856,-0.19275168679585497,REIT—Retail,Real Estate,NNN
2022Q2,2022,Q2,2022-08-03,2022-06-30,37484000.0,190783000.0,110852000.0,0.21,184610000.0,0.9676438676,7804255000.0,3915526000.0,44854000.0,63178000.0,3888729000.0,3461000.0,-777939000.0,7523144808.0,11307997808.0,22.379951775082194,0.7099623286587103,0.48539444187818054,0.96746695080048,0.007272653613746278,22.379951775082194,0.009573171012017287,39.432993547643136,50.175707021662575,1.9213624958690099,2.477803862981539,1.7835885582201676,0.012345635019710761,0.024446023355208152,0.5534521510652443,0.004803020916154073,67.79256943580872,0.9676438676401985,-0.19230769230769237,-0.4521889624415091,0.11160352530823085,-0.0996738457728301,0.008351494693605563,-0.1615818198085354,-0.060870743919279546,-0.5591499356686721,0.071277145783451,-0.1419274869484353,REIT—Retail,Real Estate,NNN
2022Q1,2022,Q1,2022-05-03,2022-03-31,44708000.0,190279000.0,118037000.0,0.26,183081000.0,0.9621713379,7771813000.0,3897744000.0,94762000.0,58022000.0,3874067000.0,562000.0,-759232000.0,7854264600.42,11547824600.42,22.30184801141449,1.6332080934817828,0.4821649723172701,0.9614012618581416,0.008482879848801488,22.30184801141449,0.011470224827489953,41.277621810183994,43.919793998948734,2.0150796461799443,2.074595150756017,12.807829181494663,0.011808998641965822,0.024483219037822964,1.504239771121299,0.005752583084538961,47.79335637783105,0.9621713378775377,0.625,-0.4897191919724721,0.1310484168628368,-0.10830501804932798,5.289930257326416,0.571734927052206,0.15935096696885467,-0.48499929684378257,0.0713904099618837,-0.13475563790846748,REIT—Retail,Real Estate,NNN
2021Q4,2021,Q4,2022-02-09,2021-12-31,28445000.0,36627000.0,101813000.0,0.16,29107000.0,0.7946869796,7751054000.0,3901663000.0,3154000.0,3735769000.0,3849391000.0,0.0,-747853000.0,8400232500.0,11964679500.0,22.327113018598,0.0008442706173748966,0.4819691618714048,0.9574812073723435,0.005822203835652617,22.327113018598,0.00729048100771389,229.34535998034238,73.828726489717,2.1529877131879407,3.3146422921427314,0.0,0.011224094095014632,0.004725421858756241,0.04670417255456641,0.003669823484651249,72.87124268054652,0.7946869795506047,-0.6444444444444445,-0.6397617573671399,-0.7828819510113979,-0.16623306103319196,-0.8325605743344302,-0.6570122870268771,-0.1252352026394247,-0.29124741652093844,-0.7901199775151765,-0.14441352764766893,REIT—Retail,Real Estate,NNN
2021Q3,2021,Q3,2021-11-02,2021-09-30,82933000.0,180357000.0,116389000.0,0.45,173836000.0,0.9638439317575697,8132945000.0,4260142000.0,597664000.0,52803000.0,3872802000.0,0.0,-720241000.0,7542245599.98,14479122599.98,24.395325044902794,11.318750828551408,0.9197655953655164,1.7559046153860598,0.009913423950932431,24.395325044902794,0.01946719146920455,41.81842456893827,22.735960353478106,1.7704211737496074,1.1722233610263706,0.0,0.012889529876918592,0.022176099801486424,10.98412968960097,0.010197167200811022,43.750046985277905,0.9638439317575697,0.15384615384615383,0.36636283074761816,0.12161528776020819,-0.004029972249704046,0.008376258759107151,0.13571066650233488,0.09725377805850688,-0.09192986099420002,0.04291804896553867,-0.061418251105396685,REIT—Retail,Real Estate,NNN
2021Q2,2021,Q2,2021-08-03,2021-06-30,73023000.0,179011000.0,106073000.0,0.39,172392000.0,0.963024618598857,7675800000.0,4270876000.0,312285000.0,21816000.0,3404922000.0,0.0,-705958000.0,8185758851.360001,11246467851.36,24.45938983979906,14.31449394939494,0.4312601943771333,0.7750791640871803,0.013991689643632893,24.45938983979906,0.017097897480516877,45.72768629503215,28.02459105815976,1.9166463393833022,1.3072045793790998,0.0,0.011661227961063222,0.023321477891555278,13.340713237990466,0.009513405768779801,68.45081239743783,0.963024618598857,0.3000000000000001,0.15491535306013526,0.12321519634534753,-0.010914240100301188,0.001970323098115116,0.29045540495166733,-0.05660058521661019,-0.08854281158686458,0.013944628571658966,-0.056824293885400314,REIT—Retail,Real Estate,NNN
2021Q1,2021,Q1,2021-05-04,2021-03-31,56587000.0,179778000.0,112437000.0,0.3,172053000.0,0.9570303374161466,7712203000.0,4287835000.0,369282000.0,44668000.0,3424364000.0,0.0,-683525000.0,7694150451.0,10692443451.0,24.55955204585848,8.267260678785707,0.4291282270448535,0.7718403343412235,0.01479948492627504,24.55955204585848,0.013197102966881888,42.79806456296099,33.99257095711029,1.7944138361200932,1.6847155707141217,0.0,0.012390321791486372,0.02331084905311751,8.088385421330706,0.007337332795830193,47.739346348576035,0.9570303374161466,-0.14538499192324636,-0.35418038286970416,0.14211742794130433,0.007299673472082106,0.10840323141741719,-0.07668836784309886,0.20512545686448944,-0.5197241261636051,0.03110100885615454,-0.02731762495920414,REIT—Retail,Real Estate,NNN
2020Q4,2020,Q4,2021-02-11,2020-12-31,61287000.0,163284000.0,93299000.0,0.35103525817447,155226000.0,0.9506504005291394,7637844000.0,4319300000.0,333120000.0,19401000.0,3318540000.0,0.0,-644779000.0,7144194156.0,10097880156.0,24.739775003393678,17.17024895623937,0.42170565410867256,0.7457046280647327,0.012373508366199298,24.739775003393678,0.01418910471604195,43.753179466451094,29.142371775417303,1.6540166591808858,1.542398877412828,0.0,0.01323158328789406,0.021378284238326942,16.779135096129064,0.008024123037862518,70.47641467889908,0.9506504005291394,0.17011752724823342,0.1332625858482202,0.014682718511693777,0.014948919011120032,0.019292393359949568,0.09306390340473346,0.0612047589799586,-0.2616673196768516,-0.05514270589982627,-0.022214749769077318,REIT—Retail,Real Estate,NNN
2020Q3,2020,Q3,2020-11-02,2020-09-30,56069000.0,158633000.0,87918000.0,0.3,152288000.0,0.9600020172347494,7634697000.0,4287205000.0,368488000.0,51327000.0,3347488000.0,0.0,-611537000.0,5959226003.36,8884464003.36,24.827292078968025,7.179223410680539,0.42177155164114566,0.7510949441419293,0.011710996612232115,24.827292078968025,0.013078217626635535,37.56611804202152,26.570948310831294,1.390002578220542,1.6842105263157894,0.0,0.01584635319196759,0.020777903825128882,7.0282697215890275,0.007343971869479562,36.98924319464703,0.9600020172347494,0.25,-0.212388342423325,-0.0011587369897125529,0.05037195602620284,-0.032342512930651046,0.21190965092402464,0.12842694321798953,-0.20663379734295204,-0.07117783372453951,-0.015276464278106677,REIT—Retail,Real Estate,NNN
2020Q2,2020,Q2,2020-08-03,2020-06-30,46265000.0,163701000.0,77912000.0,0.24,157378000.0,0.9613747014373767,7632928000.0,4310795000.0,309088000.0,21652000.0,3322128000.0,0.0,-573174000.0,6080881719.999999,9075597720.0,25.152110112084205,14.275263255126546,0.42176160969944954,0.7467940368307934,0.01034678159077119,25.152110112084205,0.010732359112414299,37.14627106737283,32.858973954393164,1.4106172341760626,2.0048632875824057,0.0,0.015253544513936049,0.02144668467985025,13.978570108996859,0.006061238884999308,101.97175590696425,0.9613747014373767,-0.3142857142857143,-0.22113168371488004,0.08601220277201432,0.06553059444628305,-0.060025802135843465,-0.2901745987910031,-0.32462443980201283,-0.309783341870808,-0.02633491870335276,0.01184769276956657,REIT—Retail,Real Estate,NNN
2020Q1,2020,Q1,2020-05-04,2020-03-31,65178000.0,175063000.0,115361000.0,0.35,167428000.0,0.9563871292049148,7647050000.0,4300930000.0,254687000.0,41698000.0,3346115000.0,0.0,-526684000.0,5505745957.23,11713383957.23,25.14589989721468,6.107894863062977,0.8401960233031038,1.4938678378862247,0.010755316708047613,25.14589989721468,0.015154396839753262,31.450083439847365,21.118114844080825,1.2801291714187397,1.4212310902451748,0.0,0.01682478645393306,0.022892880261015686,6.000023981965562,0.008523286757638566,42.98543110169888,0.9563871292049148,0.029411764705882214,-0.07047677919060985,0.1598793886730316,0.06006016717445191,0.007885960582236723,-0.11666169734095899,0.10949642225128876,-0.23984476578947636,0.06331507353452433,0.005408733101580762,REIT—Retail,Real Estate,NNN
2019Q4,2019,Q4,2020-02-11,2019-12-31,73786000.0,173376000.0,103976000.0,0.34,166118000.0,0.9581372277593208,7434867000.0,4331675000.0,39893000.0,151850000.0,3103185000.0,0.0,-499229000.0,9156312060.0,12143557060.0,25.366589952155913,0.26271320381955876,0.40193819203490794,0.6898848597828785,0.014204309489357424,25.366589952155913,0.01703405726422227,52.81187742248062,31.023202436776625,2.1138040273104513,1.267354240641856,0.0,0.01021295466856336,0.023319314252696115,0.21654922621007575,0.009924320098799346,89.16025181362286,0.9581372277593208,-0.02857142857142844,0.03152588354879797,0.12991132698291882,0.05606792561920135,0.026046781675221276,0.10635299056872535,0.08087654372323173,-0.043728410605342105,0.05173654996816075,-0.05272911733738785,REIT—Retail,Real Estate,NNN
2019Q3,2019,Q3,2019-10-31,2019-09-30,66693000.0,168607000.0,96196000.0,0.35,161901000.0,0.960227036837142,7627684000.0,4626497000.0,399101000.0,45886000.0,3001180000.0,0.0,-469646000.0,9299429907.6,11799642907.6,28.059185712744625,8.697663775443491,0.3741503974207636,0.6168600130941401,0.012859743559099395,28.059185712744625,0.014415442180120294,55.154471093133736,34.85909281183932,2.010036947522067,1.3872070532139804,0.0,0.009948674372435464,0.02210461261898107,8.39340975460925,0.008743545222901212,56.81088091342835,0.960227036837142,-0.186046511627907,0.0509036773064681,0.15939789463900858,0.2123363575685222,0.023446191969252555,-0.15232974910394265,-0.11331919992626048,0.16374857424666037,0.11052096906314175,0.14555177770882316,REIT—Retail,Real Estate,NNN
2019Q2,2019,Q2,2019-08-01,2019-06-30,78678000.0,164792000.0,108490000.0,0.43,158192000.0,0.9599495121122384,7252801000.0,4222449000.0,33202000.0,81184000.0,3030350000.0,0.0,-443822000.0,8463789147.76,11377833147.76,26.08165561147313,0.40897221127315725,0.4020864490836023,0.6906544045884272,0.01519744065517793,26.08165561147313,0.01863326235556664,51.3604370828681,26.893760478659853,2.004473978906554,1.1395180355372532,0.0,0.010592773335300752,0.02272115283460831,0.4054247142294048,0.010847946882866357,92.03272057587125,0.9599495121122384,-0.02272727272727275,0.30628282194432654,0.18056854664873992,0.13131664997686224,0.010043481314527612,-0.016807667795508793,0.0034406851773062766,0.3421031076872558,0.11522234674719589,0.05468674111978895,REIT—Retail,Real Estate,NNN
2019Q1,2019,Q1,2019-05-01,2019-03-31,80023000.0,163712000.0,108118000.0,0.44,156619000.0,0.9566739151681001,7136988000.0,4152522000.0,132948000.0,47456000.0,2984101000.0,0.0,-432845000.0,8807627571.050001,11579320571.050001,25.77520176786222,2.8015003371544167,0.3996383348269606,0.6868630677934999,0.015434985701102797,25.77520176786222,0.0192709394435478,53.79952337672255,27.515925330998588,2.121030923147427,1.1140297164565187,0.0,0.010121681381377055,0.02293852812979369,2.3506195212407284,0.011212433031973713,61.43027822683016,0.9566739151681001,1.588235294117647,0.39358670096549725,0.18718368659735354,0.12602059117062156,0.03496378727003595,1.188753042859878,-0.2556368718545394,-0.010269060534667099,0.12710008725687483,0.05715903433274925,REIT—Retail,Real Estate,NNN
2018Q4,2018,Q4,2019-02-12,2018-12-31,36561000.0,158978000.0,145249000.0,0.17,151328000.0,0.9518801343582131,7103438000.0,4154250000.0,157057000.0,19519000.0,2948833000.0,0.0,-424225000.0,7722452430.0,10459580430.0,26.095682599109256,8.046365080178289,0.4014105564094457,0.6863802130348439,0.02073313734852394,26.095682599109256,0.0088008665824156,48.57560436035175,52.8052599080988,1.8589281892038274,2.404447361943054,0.0,0.011383559924369777,0.02238043043382655,7.3493006813873665,0.005146944338783558,72.57875800039473,0.9518801343582131,-0.6382978723404255,-0.3712502077706027,0.171732421209681,0.13813671908050287,0.011740165271574893,-0.5543080748976009,0.5338937408256154,-0.2585635883171236,0.08347106758191734,0.07057500891540235,REIT—Retail,Real Estate,NNN
2018Q3,2018,Q3,2018-11-01,2018-09-30,82032000.0,155331000.0,94693000.0,0.47,149572000.0,0.9629243357732842,7358723000.0,4076874000.0,638839000.0,35298000.0,3281503000.0,0.0,-372877000.0,6932901892.8,9473389892.8,25.991689134839795,18.09844750410788,0.4278133583775337,0.772199484212659,0.013106235901450429,25.991689134839795,0.020121298818653703,44.63308607296676,21.12865068753657,1.7005435764755055,1.058550321825629,0.0,0.01252505824295313,0.02110841786000098,18.00470281602357,0.011147586340727869,50.503011376996874,0.9629243357732842,0.17499999999999988,0.41840160223121,0.18385532159616857,0.12193796121259742,-0.0007882958113434431,0.1623708783812506,0.012218065205772314,0.26860008762082077,0.07674580307433208,0.09963427626946719,REIT—Retail,Real Estate,NNN
2018Q2,2018,Q2,2018-08-01,2018-06-30,70573000.0,155518000.0,93550000.0,0.4,149690000.0,0.9625252382360884,6744941000.0,3988775000.0,41014000.0,186101000.0,2755830000.0,0.0,-368074000.0,6761518020.32,9387723020.32,25.93301511184931,0.2203857045367838,0.3896386936520275,0.6588714580290942,0.014138115255487305,25.93301511184931,0.017692900702596662,43.47739824534781,23.952212674535588,1.6951364818321415,1.1538690434018675,0.0,0.012043449378568112,0.02305698448659521,0.16416354560158194,0.01046310115981741,68.83073091108984,0.9625252382360884,-0.3548387096774193,0.4420362154857566,0.23927894464100347,0.09259772306411326,0.018479458951923468,-0.31668280402788535,0.0249808261203024,0.32387343920835865,0.14963626216089498,0.09861243787404461,REIT—Retail,Real Estate,NNN
2018Q1,2018,Q1,2018-05-01,2018-03-31,103280000.0,152836000.0,91270000.0,0.62,146974000.0,0.9616451621345756,6660656000.0,3864180000.0,38017000.0,212779000.0,2796150000.0,0.0,-357216000.0,6008391858.559999,8641331858.56,25.249303036696244,0.1786689475935125,0.39589824185485634,0.6824066166689957,0.014039115094286802,25.249303036696244,0.02672753339647739,39.31267409877254,14.543938464756001,1.5548944041323127,0.7873257164988381,0.0,0.01353357136388377,0.022946088193114913,0.16085233975157323,0.015505980191740874,46.219465515050345,0.9616451621345756,0.4761904761904762,1.248272470435228,0.2244264789682764,0.173633767832831,0.02220027541695066,0.4311051989801574,0.09531009984639018,0.6461245086693059,0.13170012921773144,0.06441926944453338,REIT—Retail,Real Estate,NNN
2017Q4,2017,Q4,2018-02-13,2017-12-31,72168000.0,150247000.0,83328000.0,0.42,143782000.0,0.9569708546593276,6560534000.0,3840593000.0,35680000.0,140811000.0,2719624000.0,0.0,-379181000.0,6546745830.0,9125588830.0,25.301849253249532,0.25338929487042916,0.39329222285868803,0.6718251582503014,0.012977822078245702,25.301849253249532,0.018790848184121568,43.57322162838526,22.678839063019623,1.7046184873013102,1.116713778960204,0.0,0.012310085360378194,0.022901641848056882,0.22439298066202215,0.011000324058986662,71.67289779072058,0.9569708546593276,0.20000000000000004,0.2790851129598571,0.2460903541445697,0.2053578694982226,0.011466599133322078,0.18075916230366493,-0.032015240927466194,0.13500712058506573,0.10156200111086125,0.05337262539452974,REIT—Retail,Real Estate,NNN
2017Q3,2017,Q3,2017-11-02,2017-09-30,61120000.0,147705000.0,86084000.0,0.35,142152000.0,0.9624047933380725,6626220000.0,3765253000.0,286067000.0,37055000.0,2860457000.0,0.0,-370758000.0,6221547101.499999,8676145101.5,25.212449157892145,7.7200647685872354,0.4088093966092282,0.7194366487457815,0.01329664568773426,25.212449157892145,0.016232640940728287,42.121438688602275,25.448082057837038,1.6523583147002339,1.2966623036649214,0.0,0.012738310697815426,0.02229098943288934,7.65467548239104,0.009223961776095572,54.03275117678732,0.9624047933380725,0.06060606060606049,0.15720137898071923,0.25051943749040917,0.19030136042895807,0.014458415997031243,0.05328462121734335,0.04229274376142679,0.06332028132185964,0.1213732627421052,0.0893391237500274,REIT—Retail,Real Estate,NNN
2017Q2,2017,Q2,2017-08-01,2017-06-30,58028000.0,145550000.0,82591000.0,0.33,140126000.0,0.9627344555135692,6337128000.0,3688185000.0,34687000.0,235421000.0,2648442000.0,0.0,-352626000.0,5801364789.1,8325715789.1,24.857604846871187,0.14734029674498028,0.3990452772928052,0.6856491743228715,0.013284733148828066,24.857604846871187,0.015733484084990312,39.85822596427345,24.99381673114703,1.572959271050666,1.3138657199972428,0.0,0.013141907597889172,0.022967817598129627,0.13739640898645405,0.009156829402846211,59.27078115939068,0.9627344555135692,-0.05714285714285704,0.23722204544324585,0.14845867772466959,0.18356891424329452,0.032091272676384154,-0.2121862144806332,-0.0340346896527526,0.05122903082721769,0.13774027723139182,0.07822228238610507,REIT—Retail,Real Estate,NNN
2017Q1,2017,Q1,2017-05-02,2017-03-31,73657000.0,141432000.0,85501000.0,0.35,135769000.0,0.9599595565360032,6114772000.0,3674811000.0,70341000.0,36379000.0,2439841000.0,0.0,-334413000.0,6409086600.0,8687157600.0,25.010624106717483,1.9335605706588965,0.3781807400177799,0.6292810705094766,0.014280393499574098,25.010624106717483,0.020043751909962174,45.315675377566606,21.753148376936338,1.7440588373116332,1.0720094492037417,0.0,0.01232016431171331,0.023129562312380576,1.7339124220017044,0.012045747576524522,54.688772271144785,0.9599595565360032,-0.054054054054054106,0.761780428672989,0.1227810663997339,0.183914189873118,0.008355366744897655,0.11447852203779638,-0.004772380719581893,0.4064768253397981,0.12456478230307975,0.09261909938980845,REIT—Retail,Real Estate,NNN
2016Q4,2016,Q4,2017-02-13,2016-12-31,66091000.0,141199000.0,85911000.0,0.37,134644000.0,0.9535761584713772,6334151000.0,3916799000.0,348197000.0,19665000.0,2417223000.0,0.0,-319254000.0,6464957200.0,8482142200.0,26.778601999097535,17.706432748538013,0.364956408522626,0.5901985269093462,0.013793235212141373,26.778601999097535,0.01687372775575157,45.78614012847117,24.45475632083037,1.6505716019637464,1.1919474663721232,0.0,0.012185231481501533,0.022291700971448267,16.49361810322909,0.010434073958767323,63.92656257725129,0.9535761584713772,0.3214285714285713,0.5996841363760963,0.09535732054193288,0.3052324886825929,0.038927769504394326,0.3014138311279143,0.21655951740349486,0.23703701291557272,0.13267058199567092,0.16792155580003043,REIT—Retail,Real Estate,NNN
2016Q3,2016,Q3,2016-11-03,2016-09-30,50784000.0,134541000.0,70618000.0,0.28,129599000.0,0.9632677027820515,5856363000.0,3578849000.0,67652000.0,216992000.0,2277283000.0,0.0,-306568000.0,7429746434.85,9579006434.85,24.494035327556116,0.31177186255714495,0.3680058766848981,0.6021980810031382,0.012315607274122453,24.494035327556116,0.014190037076166109,55.22291669342431,36.5752325282077,2.0760156225786557,1.4873582230623819,0.0,0.010166430397368597,0.022973473468089325,0.1770480017696505,0.008671593615354786,58.70625669534917,0.9632677027820515,-0.06666666666666654,0.337783970653976,0.004376370029880242,0.20030899532481766,0.025641228563062387,-0.022294097262331062,-0.058978732476946856,-0.057345449451813184,0.10079106065154414,0.05729134858079809,REIT—Retail,Real Estate,NNN
2016Q2,2016,Q2,2016-08-02,2016-06-30,51942000.0,130926000.0,75044000.0,0.3,126359000.0,0.9651177000748514,5785290000.0,3547253000.0,48952000.0,166438000.0,2237794000.0,0.0,-281818000.0,7418891355.0,9534199355.0,24.729291262144383,0.2941155265023612,0.3660454359245604,0.5969912492850101,0.013247113998897074,24.729291262144383,0.014642879997564312,56.664767540442696,35.707574578375876,2.0914469182209445,1.3728581879788995,0.0,0.009611813489078922,0.022630844780469086,0.2742642906067124,0.008978288037419041,87.05064658257554,0.9651177000748514,-0.31818181818181823,0.43479619109544065,0.027717793188407166,0.34223674129421944,0.03409360601671127,-0.26514154747251817,-0.03165283817438094,0.13805247377998006,0.11871726211435048,0.04188299006013489,REIT—Retail,Real Estate,NNN
2016Q1,2016,Q1,2016-05-02,2016-03-31,70683000.0,126980000.0,77497000.0,0.44,122193000.0,0.9623011497873681,5552903000.0,3433910000.0,102136000.0,33637000.0,2118741000.0,0.0,-262451000.0,6506825140.200001,8479212140.200001,24.38157451317705,3.03641822992538,0.35473139004949306,0.5736286041276563,0.014341472387710715,24.38157451317705,0.020583824270292466,51.242913373759656,23.01410926318917,1.8948735232431835,0.9904786157916331,0.0,0.010759471553564463,0.02286731822976198,1.7353806819870976,0.01272901759674174,63.528945063120595,0.9623011497873681,0.8333333333333334,1.0036732120179641,0.058479472862990975,0.31983821942345436,0.011514710021357262,0.6642650279013915,0.0259475488833287,0.671970000166066,0.10540943238216798,0.1333001596126849,REIT—Retail,Real Estate,NNN
2015Q4,2015,Q4,2016-02-12,2015-12-31,42471000.0,126377000.0,75537000.0,0.24,120802000.0,0.9558859602617565,5460044000.0,3342134000.0,95602000.0,20113000.0,2117651000.0,0.0,-263124000.0,5491295550.0,7464094550.0,24.37538928313556,4.753244170437031,0.3618915891520288,0.5912222550023428,0.011466828067938344,24.37538928313556,0.012707749001087329,43.45170046764839,32.32379476584022,1.6430506825878315,1.5983376892467802,0.0,0.012361927960697726,0.023145784173167837,3.129120469348183,0.007778508744618175,87.00736060716493,0.9558859602617565,-0.2941176470588236,0.8113114312728634,0.05184457677489741,0.32646250491976664,0.02062334721741114,-0.23056994818652848,-0.0068892073467348575,-0.16666238557038873,0.1603406057297472,0.16122213046292097,REIT—Retail,Real Estate,NNN
2015Q3,2015,Q3,2015-11-03,2015-09-30,55198000.0,123143000.0,76061000.0,0.34,118361000.0,0.9611670984140389,5349235000.0,3164782000.0,54716000.0,311913000.0,2184049000.0,0.0,-237712000.0,4856295664.35,6876286664.35,23.636666931679464,0.17542071026215644,0.37811126263848943,0.639098048459578,0.01451438051022919,23.636666931679464,0.017441327712303722,39.43622994689102,21.994889599034387,1.5344803099707975,1.216221602231965,0.0,0.013823911194868638,0.023020674918937008,0.16390147252599283,0.010318858677923105,44.08682164217044,0.9611670984140389,0.21428571428571425,0.6089693913760479,0.15561895206779927,0.26934767938088905,0.051630386494891156,0.195072313154932,0.12843451427215002,0.1656562659016458,0.16285761903635865,0.11590732929558847,REIT—Retail,Real Estate,NNN
2015Q2,2015,Q2,2015-07-30,2015-06-30,46188000.0,117208000.0,67404000.0,0.28,112550000.0,0.9602586854139649,5131965000.0,3145807000.0,54798000.0,144948000.0,1985811000.0,0.0,-225777000.0,4665687892.92,6531202892.92,23.605244413610507,0.3780528189419654,0.3639859196233801,0.5937945334853664,0.013589503839613047,23.605244413610507,0.01468240105003263,39.80690646474643,25.25378828332034,1.4831449904332972,1.406079501169135,0.0,0.01391949086404815,0.02283881515170115,0.35216077489858433,0.009000061379997721,66.0011584631707,0.9602586854139649,-0.1764705882352941,0.3515250637850304,0.10475840158780797,0.26002003043605093,0.010069282406576443,-0.14431805550409427,-0.03230252390386769,0.09640005597171435,0.029651516767879436,0.1239390791338119,REIT—Retail,Real Estate,NNN
2015Q1,2015,Q1,2015-05-05,2015-03-31,53978000.0,116187000.0,69654000.0,0.34,111428000.0,0.9590401680050263,5020836000.0,3123258000.0,59100000.0,71203000.0,1897005000.0,0.0,-207022000.0,5394325620.26,7172679620.26,23.72120062226286,0.8300212069716164,0.35508230103512645,0.5708173964494768,0.014064793899959767,23.72120062226286,0.01728259400920449,46.42796199454328,24.983908352754824,1.7271469792953384,1.18887324465523,0.0,0.011896389746844191,0.023140966962473978,0.7635773773576956,0.010750799269285035,55.532599191459575,0.9590401680050263,-0.02857142857142844,1.0622391123988804,0.15011139127590528,0.25367068560291756,0.01225483516383688,0.004111092508882564,-0.0456133620158119,0.4407672497081782,0.029305325916568207,0.12287745790322464,REIT—Retail,Real Estate,NNN
2014Q4,2014,Q4,2015-02-20,2014-12-31,53757000.0,115315000.0,72983000.0,0.35,110079000.0,0.9545939383428002,4926714000.0,3082515000.0,67372000.0,17396000.0,1843622000.0,0.0,-196827000.0,5052430840.0,6794506840.0,24.01984695944893,3.872844332030352,0.3533905154632479,0.5648160673995098,0.015371978998000966,24.01984695944893,0.017439331195468637,43.814168494991975,23.49661830087244,1.6390612340896962,1.1485201927190878,0.0,0.012220058414495784,0.023406067411260324,3.5627155667969648,0.010911329539323776,77.75362942443829,0.9545939383428002,0.12903225806451607,2.612124995249218,0.09293292244394384,0.26408501574163085,0.04565273146960759,0.12133917396745933,0.09914156626506024,0.48298022959830444,0.01957321940056697,0.17076629413712913,REIT—Retail,Real Estate,NNN
2014Q3,2014,Q3,2014-11-04,2014-09-30,47940000.0,109856000.0,66400000.0,0.31,105273000.0,0.9582817506554034,4866577000.0,2882769000.0,70425000.0,165437000.0,1983248000.0,0.0,-188843000.0,4305834061.62,6161789061.62,23.144720141051035,0.42569074632639614,0.3823753328057894,0.6455109653253521,0.0138816130611606,23.144720141051035,0.01662984443082328,39.19525616825663,22.4542869295995,1.493645193777233,1.2760742594910304,0.0,0.014207468082730504,0.02257356659516535,0.34070371198704036,0.009850866430347244,45.4518342054595,0.9582817506554034,0.03333333333333337,0.37788329040399443,0.10056110320212697,0.15619280814706354,0.0436812832740143,0.0519848149042154,0.027545651501083256,0.48143376231101387,-0.03796528792473827,0.1341869727902798,REIT—Retail,Real Estate,NNN
2014Q2,2014,Q2,2014-08-05,2014-06-30,45571000.0,105613000.0,64620000.0,0.3,100867000.0,0.9550623502788482,4650854000.0,2823922000.0,153135000.0,18532000.0,1826404000.0,0.0,-175608000.0,4555414480.139999,6205126480.139999,23.054248880723673,8.263274336283185,0.3704659402337721,0.6101383111856489,0.01406595126347044,23.054248880723673,0.016137485383803093,43.13308475414958,24.99075333073665,1.6131516664199645,1.2846547146211407,0.0,0.012851300415193136,0.022708302604209894,7.819177638679042,0.00979841551680616,77.98364255995891,0.9550623502788482,0.07142857142857129,0.09266398153168125,0.1631645712519031,0.15247499934615072,0.011461634110143998,0.051646551127316365,0.03818903330494995,0.47414051124152284,-0.02916789341293596,0.25132012731872927,REIT—Retail,Real Estate,NNN
2014Q1,2014,Q1,2014-05-01,2014-03-31,43333000.0,104064000.0,62243000.0,0.28,99724000.0,0.9582948954489545,4518462000.0,2782938000.0,73573000.0,119496000.0,1734984000.0,0.0,-162636000.0,4172487736.56,5781728736.559999,22.890524356278494,0.6156942491798889,0.3574594629765615,0.580381956047889,0.014183547678921873,22.890524356278494,0.015570954149894824,40.09540029750922,24.0722298049985,1.4993103463174529,1.341518011677013,0.0,0.013932215903389765,0.023030845451394746,0.5636422976501305,0.009590210120169208,53.0823843132665,0.9582948954489545,-0.034482758620689495,0.039413762254588335,0.15430074295433177,0.13700747576116148,0.020643352062800005,-0.020523948373680524,0.003094228940710061,0.4230168594018169,0.004909619035315553,0.23912378553451608,REIT—Retail,Real Estate,NNN
2013Q4,2013,Q4,2014-02-19,2013-12-31,44241000.0,103227000.0,62051000.0,0.29,97707000.0,0.9465256182975385,4454523000.0,2777045000.0,74573000.0,63542000.0,1676238000.0,0.0,-147837000.0,3673508940.0,5242082940.0,22.92842517214617,1.1736017122533127,0.3524640011960877,0.5653703847074858,0.01418751479973374,22.92842517214617,0.015930962587930697,35.586706384957424,20.758509866413508,1.3228121762520952,1.3126963676227934,0.0,0.015809135338595365,0.023173524976748353,0.9321236347612603,0.009931703125115753,61.90402986080685,0.9465256182975385,0.0,-0.01091936981605277,0.07587981268521288,0.16211230066614066,0.01565472292387813,-0.0025027056277056275,-0.011848077076200334,1.1359406629483986,-0.027386162659905188,0.247721459314398,REIT—Retail,Real Estate,NNN
2013Q3,2013,Q3,2013-11-05,2013-09-30,44352000.0,100621000.0,62795000.0,0.29,96201000.0,0.9560727879866032,4436860000.0,2786683000.0,82917000.0,27913000.0,1648930000.0,0.0,-134003000.0,3827560659.8,5359433659.8,23.16677929922954,2.970551355998997,0.34340682374472037,0.5467604316673264,0.01444632404367888,23.16677929922954,0.01591569618790512,38.03938203555918,21.574904512761545,1.3735185020327034,1.3187454906204905,0.0,0.015281011902514486,0.02267842573351424,2.368967864435926,0.009996258615327056,42.11201078006381,0.9560727879866032,0.07407407407407393,-0.10217908258938162,0.05277964182631578,0.16367368440415017,0.04771291657590939,0.1831617137064504,0.05191302599839185,0.4390414588280705,0.05106412404725695,0.24411354727824944,REIT—Retail,Real Estate,NNN
2013Q2,2013,Q2,2013-08-01,2013-06-30,37486000.0,96121000.0,59696000.0,0.27,91820000.0,0.955254314873961,4649352000.0,2796314000.0,352652000.0,17277000.0,1851781000.0,0.0,-119866000.0,4035095250.0,5558931250.0,23.735190513780314,20.41164554031371,0.3756607372382216,0.6246004561719464,0.012985757990786502,23.735190513780314,0.013405504532037532,41.97933073938057,26.91068165448434,1.4430050595176365,1.3707250706930587,0.0,0.012734024060522486,0.020674063826528945,17.709150894252474,0.008062628942699972,72.8803823646281,0.955254314873961,0.08000000000000007,-0.24729395025360243,0.04542159028332033,0.20069367861920626,0.03621446547268398,0.1003933540773792,0.08974078130704637,0.24077891744672167,0.024846201805009054,0.2669563995844508,REIT—Retail,Real Estate,NNN
2013Q1,2013,Q1,2013-05-02,2013-03-31,34066000.0,92565000.0,54780000.0,0.25,88611000.0,0.9572840706530547,4001790000.0,2441623000.0,96958000.0,87530000.0,1559030000.0,0.0,-105969000.0,4151504474.58,5605771474.58,21.513783710671728,1.1077116417228379,0.36426424175181604,0.5970246020782078,0.014377753998478102,21.513783710671728,0.01395219491297387,44.84961351029006,30.466627095784652,1.700305278325114,1.4408207597017555,0.0,0.011822942815198492,0.02313089892273208,0.8393236604592711,0.008512690570969492,60.321469197506644,0.9572840706530547,-0.21875000000000003,-0.3432870799569484,0.06849631784221306,0.09499589075221655,-0.12098366184887954,-0.16221533618611972,0.04814021123526711,0.5099158977822091,0.06301295543564403,0.13700821488595524,REIT—Retail,Real Estate,NNN
2012Q4,2012,Q4,2013-02-22,2012-12-31,40662000.0,86896000.0,52264000.0,0.32,100807000.0,1.1600879211931505,3988026000.0,2296285000.0,113285000.0,191727000.0,1690441000.0,0.0,-90952000.0,3413061600.0,4997949600.0,20.991151170550218,0.5908661795156656,0.39793221007084706,0.6911006255756581,0.013415072701904743,20.991151170550218,0.017707732271908756,39.277545571717916,20.984344105061236,1.4863405892561246,1.1833407112291574,0.0,0.01409789966873144,0.021789226048175212,0.37298867660788515,0.010196021791232053,7.240281799494696,1.1600879211931505,0.06666666666666674,-0.21781412955071638,0.09363223613103532,0.07865189054323722,0.24246009736858323,0.06963040904905958,0.09437359968172206,2.430532910078872,-0.03383139663753966,0.10469478438628191,REIT—Retail,Real Estate,NNN
2012Q3,2012,Q3,2012-11-05,2012-09-30,38015000.0,85013000.0,47757000.0,0.3,81135000.0,0.9543834472374814,3934198000.0,2276763000.0,221833000.0,1556975000.0,1656120000.0,0.0,-83497000.0,3270857862.05,4664274862.05,21.181567959231888,0.1424769183834037,0.39013364350243684,0.6741426314464879,0.016096197918286443,21.181567959231888,0.01669695089036496,38.47479634938186,21.510310811850587,1.4366264130478228,1.2466131790082862,0.0,0.014488553767450618,0.021608724319416562,0.0916302445447101,0.009662706350824234,-59.34820935260284,0.9543834472374814,0.15384615384615377,-0.5014665879483707,0.10560820947936475,0.10729836821623023,0.026648445507345405,0.1346067751081928,-0.04970649686598348,0.2660987746761719,-0.013098270890103542,0.05812368395438533,REIT—Retail,Real Estate,NNN
2012Q2,2012,Q2,2012-08-03,2012-06-30,33505000.0,90535000.0,50255000.0,0.26,79029000.0,0.8729110288838571,3703990000.0,2226070000.0,70044000.0,1389097000.0,1476580000.0,40351000.0,-74123000.0,2998513680.0,4227663680.0,21.00224545248698,0.05042412444919253,0.3326296777259118,0.5534673213331117,0.014467269620664476,21.00224545248698,0.015051188866477693,33.11993902910476,22.3736284136696,1.3469988275301314,1.4029249365766303,0.2851478278109588,0.01567609990026792,0.024442560590066387,0.0031408893691369285,0.009045650771195386,-63.78323541298845,0.8729110288838571,0.13043478260869565,-0.56839686756228,0.22237499331010233,0.1168629834946856,0.06496604139715395,0.1231228211316707,0.03644200626959248,-0.07159745289387597,0.1523089227587681,0.04989596231698395,REIT—Retail,Real Estate,NNN
2012Q1,2012,Q1,2012-05-04,2012-03-31,29832000.0,89882000.0,48488000.0,0.23,74208000.0,0.8256158073919139,3612538000.0,2214802000.0,73280000.0,1299604000.0,1396366000.0,0.0,-60623000.0,2850623173.73,4148192173.73,21.125368984214905,0.05638640693626674,0.36002444818573537,0.587231725454465,0.013747235498539682,21.125368984214905,0.013469375592039378,31.715172934847914,23.888971353999064,1.2870781106979317,1.4216613032984715,0.0,0.014877799489893925,0.02488056873034969,0.0035364618760791748,0.00825790621441214,-20.196416265046583,0.8256158073919139,-0.11538461538461538,-0.3571196385714478,0.21097941284990193,0.06847698184628134,0.27476680466562453,0.08204570184983678,0.04011326097215668,-0.1702079641947934,0.15613453286588921,0.049329499377637136,REIT—Retail,Real Estate,NNN
2011Q4,2011,Q4,2012-02-24,2011-12-31,27570000.0,86021000.0,46618000.0,0.26,58213000.0,0.6767301007893421,3434429000.0,2002498000.0,66619000.0,1354217000.0,1430553000.0,0.0,-44946000.0,2574819900.0,3911846900.0,20.516346498642488,0.049193740737267365,0.3899073179267937,0.6687192696322294,0.013688925657319032,20.516346498642488,0.013767804012788027,29.932457190685994,23.348022306855277,1.2858039808279458,1.3964816829887559,0.0,0.014952890491486414,0.025046667146125308,0.0031243146408588877,0.008027535290436925,-9.194242037943631,0.6767301007893421,0.08333333333333341,-0.703107002924034,0.31180013112307886,0.12887049154226274,-0.1476741972796088,0.21818663838812302,0.11374441550995054,-0.23514316328274038,0.11252957435719435,0.039857663655206425,REIT—Retail,Real Estate,NNN
2011Q3,2011,Q3,2011-11-08,2011-09-30,22632000.0,79862000.0,41857000.0,0.24,68299000.0,0.8552127419799154,3146361000.0,1777593000.0,78517000.0,1295003000.0,1367505000.0,31928000.0,-34014000.0,2340629739.2200003,3570130739.2200003,20.40644152710673,0.06063074757355774,0.39702341848249456,0.702736228146713,0.013786618507364639,20.40644152710673,0.012731823313885686,29.308428779895323,25.855312601846947,1.3167410870879892,1.5343319194061507,0.36215860686544726,0.014835751002451112,0.025382338517417422,0.016363668655593848,0.00719307161511346,-8.948284949975724,0.8552127419799154,0.04347826086956513,-0.29766178875949545,0.39657273178624003,0.25314701278941737,0.154089219330855,0.06238557949584565,0.08792951083848834,-0.3673605066737822,0.15384078433054518,0.025021160287734902,REIT—Retail,Real Estate,NNN
2011Q2,2011,Q2,2011-08-04,2011-06-30,21303000.0,74966000.0,38474000.0,0.23,59180000.0,0.789424539124403,2798807000.0,1555161000.0,62748000.0,1201964000.0,1242359000.0,31350000.0,-21922000.0,2068883903.88,3017046903.88,18.42394154573638,0.05220455853919086,0.34005595955705414,0.6119951567715497,0.015195466322651825,18.42394154573638,0.01369826018013569,27.59762964383854,24.279255314744404,1.3303342251252444,1.5915598741961225,0.5035406698564593,0.01638806311771014,0.026784983744859863,0.005001813698247202,0.007611457310203955,-88.33456743435379,0.789424539124403,0.0,-0.8198185950292607,0.3335593545478485,0.13377192960750578,0.01634952256646287,0.02319884726224784,0.014689980747422001,-0.40296817955097053,0.13798864531537908,-0.06798683008792346,REIT—Retail,Real Estate,NNN
2011Q1,2011,Q1,2011-05-05,2011-03-31,20820000.0,70802000.0,37917000.0,0.23,58228000.0,0.8224061467190192,2753697000.0,1535539000.0,62100000.0,1153285000.0,1216826000.0,0.0,-9319000.0,2171996961.0299997,3327706961.0299997,18.473153871712903,0.05384618719570618,0.4206225303655413,0.7543064682824728,0.014088608119531014,18.473153871712903,0.013558756892530896,30.677056594870198,26.08065515165706,1.4144850511970062,1.6029779058597502,0.0,0.015365583193161307,0.025711616056523286,0.004671872087125039,0.0075607447006696814,-208.98652564514575,0.8224061467190192,0.3449333893774182,-0.40812693296915553,0.08569926494481891,0.18930428209385614,-0.02540755866501523,0.46465001758705593,0.2594499435328506,-0.45200430167571937,0.11587039568530358,-0.05976429572799469,REIT—Retail,Real Estate,NNN
2010Q4,2010,Q4,2011-02-24,2010-12-31,14215000.0,72839000.0,30106000.0,0.1710121867867888,59746000.0,0.8202473949395241,2713575000.0,1527483000.0,63062000.0,1141027000.0,1184801000.0,32076000.0,3234000.0,2202752371.5,3149120371.5,18.376236940530745,0.05526775440020262,0.3495079369466479,0.6209011818789473,0.012179016974829473,18.376236940530745,0.009306159217483926,30.241386777687776,38.739929150545194,1.4420797949960817,2.344354555047485,0.40818680633495447,0.015128799964612817,0.026842449536128538,0.004777275209087954,0.0052384769169822095,-22.390245695263264,0.8202473949395241,-0.25646875310091827,-0.4785678630300501,0.18682901049769327,0.22957231765114292,0.04265121636243063,-0.3297972654408298,-0.17501986682377443,-0.6401364800846545,0.20643859305597378,-0.0557181663870414,REIT—Retail,Real Estate,NNN
2010Q3,2010,Q3,2010-11-05,2010-09-30,21210000.0,65881000.0,36493000.0,0.23,57302000.0,0.8697803615609964,2609755000.0,1541446000.0,103730000.0,1067029000.0,1067029000.0,31995000.0,22343000.0,2078592642.36,3083005642.3599997,18.621113281751143,0.09721385266942136,0.3864048540954994,0.6542052073183232,0.014192010910943258,18.621113281751143,0.013759807349722274,31.55071480942912,24.50014901414427,1.3484693218964532,1.60990099009901,0.2681356461947179,0.01642746120819094,0.02524413211201818,0.0289851541054648,0.008127199679663417,-65.04952877135882,0.8697803615609964,0.0,-0.16837172890334584,0.22019158315979592,0.22776963788734297,0.053113283834448285,0.00018862586060548902,-0.0004930021089534661,-0.6388255745360604,0.11253361478862003,-0.02655325654181041,REIT—Retail,Real Estate,NNN
2010Q2,2010,Q2,2010-08-05,2010-06-30,21206000.0,65833000.0,36511000.0,0.23,54412000.0,0.8265155772940622,2587398000.0,1549203000.0,113176000.0,1002839000.0,1035684000.0,31933000.0,34418000.0,1772972738.5600002,2686326738.5600004,18.7340231452047,0.11285560294324413,0.37303344904803976,0.6230209985392489,0.014361572636223884,18.7340231452047,0.013688328772923884,26.931367833153587,20.901781790059417,1.1444418443289874,1.5483353767801566,0.3576550903454107,0.018519179277774807,0.025443708312366323,0.055319946671399896,0.008195878639467141,37.43212791217144,0.8265155772940622,0.2777777777777779,-0.5337937874032799,0.14156352932673386,0.2075445705433583,-0.13853266204363382,0.29581423770241366,0.14763940403595902,-0.649869831317053,0.13927195675717718,-0.003757144437421294,REIT—Retail,Real Estate,NNN
2010Q1,2010,Q1,2010-05-06,2010-03-31,16365000.0,63162000.0,31814000.0,0.18,63162000.0,1.0,2601801000.0,1557624000.0,130155000.0,1012563000.0,1041731000.0,71778000.0,46056000.0,1879383224.7599998,2842217224.7599998,18.92139689846446,0.1285401500943645,0.38207264890742987,0.6382008751791189,0.012396415425092417,18.92139689846446,0.010506386650436818,29.754966985845915,28.710406733272226,1.2065705361242507,2.0001222120378856,0.0,0.01741635211423148,0.02427626094386158,0.05765270901662415,0.006289873822017902,47.03749780402953,1.0,1.6927414193548387,-0.6034779801128576,0.20300851565172215,0.2822626084839424,0.2243307681870166,1.7650771388499298,2.182673069227691,-0.5508566564090749,0.08377985704404012,-0.042995316886852646,REIT—Retail,Real Estate,NNN
2009Q4,2009,Q4,2010-02-25,2009-12-31,-21390000.0,67681000.0,9996000.0,-0.2598372133827899,51589000.0,0.7622375555916727,2590962000.0,1564240000.0,115339000.0,994817000.0,1024100000.0,72423000.0,62413000.0,1746846781.84,2693677781.84,19.001765435338726,0.11593991658767391,0.37131227706157016,0.6150309415434971,0.0042988443771563535,19.001765435338726,-0.013674372219096814,25.810002538969577,-20.41662905376344,1.1167383405615505,-1.5314165497896213,0.22219460668572139,0.018752073931461916,0.026121957790195303,0.017260460969203383,-0.008255620885215607,122.38820022700203,0.7622375555916727,-1.9993738976261153,-1.7121039689694584,0.3162143414365442,0.3019674079630478,-0.19877927564142386,-1.9530811388851759,-0.7302533934209461,-1.273109371957713,0.2237496514502171,0.04553373031504075,REIT—Retail,Real Estate,NNN
2009Q3,2009,Q3,2009-11-06,2009-09-30,22443000.0,64388000.0,37057000.0,0.26,64388000.0,1.0,2651604000.0,1608329000.0,149133000.0,1004526000.0,1040422000.0,98580000.0,116333000.0,1724984778.26,2687811778.26,20.018045414192812,0.14846106521881963,0.37187981312443336,0.6131071441228754,0.014615146755652352,20.018045414192812,0.013954234488092921,26.79046993632354,19.215175982043398,1.072532285533619,1.4215568328654815,0.0,0.0184952356693731,0.02428266060844681,0.050325228017990574,0.008463933528535935,44.63437726757575,1.0,-0.1875,-0.1511979438583771,0.2383796416800397,0.37404115173130037,0.0972546480121334,-0.16735920457075018,0.01676452834330242,-0.24487977614726433,0.22078768912241215,0.22929584657650517,REIT—Retail,Real Estate,NNN
2009Q2,2009,Q2,2009-08-04,2009-06-30,26954000.0,58681000.0,36446000.0,0.32,58681000.0,1.0,2638159000.0,1583589000.0,169296000.0,1014301000.0,1051741000.0,98364000.0,125789000.0,1373480479.0,2378733479.0,20.004120604614723,0.16690903390610873,0.38163962065971,0.6357874423224713,0.014428095703068302,20.004120604614723,0.017020830531154232,23.405880591673625,12.739115520887438,0.8673213055912867,1.1740743488907026,0.0,0.023040735186160587,0.02224316275099416,0.004323174284556557,0.01021697327568202,77.5495725255491,1.0,0.0,0.37635969601914687,0.14731569121162563,0.36849998922161004,0.012387212532132567,0.005596179674675421,-0.002053612989786698,-0.7569127262093426,0.11305164327790726,0.2310129383385865,REIT—Retail,Real Estate,NNN
2009Q1,2009,Q1,2009-05-06,2009-03-31,26804000.0,57963000.0,36521000.0,0.32,57963000.0,1.0,2638765000.0,1573655000.0,156971000.0,54205000.0,1063010000.0,98889000.0,129671000.0,1238147206.56,2245094206.56,20.13225492730784,2.89587676413615,0.38230194807040413,0.6410585547658159,0.014496199908798657,20.13225492730784,0.017032958304075543,21.360992470369027,11.548157052678706,0.7867971102687692,1.1672138486793016,0.0,0.02526840090922896,0.02196595755969175,0.5253389908680011,0.010157782144298563,35.952935901039545,1.0,-0.1335062569716285,0.06893105171017558,0.04773039720301623,0.3600199913973201,0.0,-0.07146568746319326,0.041255630951702114,-0.18969193636243356,-0.054813365249834975,0.2961174447810858,REIT—Retail,Real Estate,NNN
2008Q4,2008,Q4,2009-02-26,2008-12-31,28867000.0,61921000.0,35074000.0,0.3693044555424127,0.0,0.0,2649362000.0,1542209000.0,131316000.0,1060412000.0,1105938000.0,101106000.0,143789000.0,1343671116.21,2367559116.21,19.729956527439942,0.12383488681757657,0.38745705569869276,0.6656127671411592,0.014534697144208486,19.729956527439942,0.01871795586720088,21.69976447747937,11.636740189576333,0.8712639572262904,1.0737520351958985,0.0,0.023068144895030764,0.02337204202370231,0.005882619208383157,0.010895830769823074,-4.11969387907088,0.0,-0.053065498609198236,0.20119060944028988,0.40225791836519637,0.3691665476852405,0.0,-0.0464755235515624,-0.1100905792505011,0.12604379292622722,0.0729138185850956,0.32015104360642627,REIT—Retail,Real Estate,NNN
2008Q3,2008,Q3,2008-11-04,2008-09-30,30274000.0,58573000.0,39413000.0,0.39,0.0,0.0,2637970000.0,1467583000.0,200037000.0,65800000.0,1168185000.0,126223000.0,145918000.0,1765524473.1499999,2787977473.1499996,19.908312450231186,3.0400759878419454,0.38854384242428835,0.6984047920969376,0.01684037018365042,19.908312450231186,0.020628475527448873,30.14229206545678,14.579544106741759,1.203015075229135,0.9695448239413358,0.0,0.016625088151641973,0.02220381581291675,1.1217933130699087,0.011476248782207531,4.9666768122281795,0.0,-0.025000000000000022,0.18442988781377526,0.3046343265226763,0.32592390578176567,0.0,-0.019878269878269877,0.0416248216079074,0.33294684634114263,0.21820326549900104,0.31264018418934214,REIT—Retail,Real Estate,NNN
2008Q2,2008,Q2,2008-08-05,2008-06-30,30888000.0,57026000.0,37838000.0,0.4,0.0,0.0,2672431000.0,1444441000.0,275255000.0,49000000.0,1225430000.0,176070000.0,144995000.0,1527163710.6,2547210710.6,19.76789828782617,5.6174489795918365,0.3835159822648368,0.7095616920317271,0.01644397065898643,19.76789828782617,0.02138405099273698,26.78013030196752,12.360493643162393,1.0572697054431437,0.9986402486402487,0.0,0.02019822746304066,0.02133862389711839,2.0241836734693877,0.011558015903871793,-7.426322009122649,0.0,-0.06976744186046505,0.3850348627365021,0.31005893455718286,0.4651128970881952,0.0,-0.06550086225153541,0.10292360159734165,-0.2314943662700872,0.11909593031511968,0.27418537190330866,REIT—Retail,Real Estate,NNN
2008Q1,2008,Q1,2008-05-07,2008-03-31,33053000.0,55200000.0,34307000.0,0.43,0.0,0.0,2662760000.0,1420795000.0,0.0,66400000.0,1236724000.0,0.0,143258000.0,1594541053.3500001,2607578053.3500004,19.647364791380774,0.0,0.38489199176794003,0.7213391094422489,0.01594940342605997,19.647364791380774,0.023263736147720114,28.88661328532609,12.060486592366805,1.1222879115917497,0.7774785949838139,0.0,0.016116236045481933,0.020730369992038335,0.25295180722891564,0.012413060133094985,26.37523245583565,0.0,-0.09514452466171983,0.8190374172062128,0.308555446670709,0.4543732953915501,0.0,-0.03817837916484795,0.04033113988537466,-0.0883156347692078,0.19683485687596847,0.3314599002611687,REIT—Retail,Real Estate,NNN
2007Q4,2007,Q4,2008-02-22,2007-12-31,34365000.0,52525000.0,32977000.0,0.4752140112090768,0.0,0.0,2539605000.0,1407285000.0,0.0,72200000.0,1127652000.0,0.0,137599000.0,1690719720.06,2566010720.06,19.460542696475066,0.0,0.35548441588357244,0.6415118472804017,0.015522576414550774,19.460542696475066,0.024419360683870003,32.18885711680152,12.299721519423832,1.2014053443758725,0.5930452495271352,0.0,0.012054038146119665,0.02068235020800479,0.4381994459833795,0.01353163188763607,-8.153390752782546,0.0,-0.3011558658690047,0.44859157815841644,0.2824604561660806,0.42831813029240734,0.0,-0.2747858017135863,0.03998864675644139,0.30236073226874444,0.16280860236001438,0.3334020156339334,REIT—Retail,Real Estate,NNN
2007Q3,2007,Q3,2007-11-06,2007-09-30,47386000.0,47783000.0,31709000.0,0.68,0.0,0.0,2340690000.0,1277740000.0,0.0,81800000.0,1058642000.0,0.0,130400000.0,1659875207.5500002,2567470207.55,19.129051904369472,0.0,0.3990438716788639,0.7310078732762534,0.015206550794733396,19.129051904369472,0.037085792101679525,34.73777719167905,8.757202589108598,1.2990711784478846,0.5373739079052885,0.0,0.015340912307248225,0.020414065937821753,0.3232640586797066,0.020244457830810574,-23.80773390060241,0.0,-0.02857142857142844,2.3344234236503856,0.19650705040218536,0.0,0.0,-0.026081594902887677,0.030717722012742168,1.155657408800173,0.10541781364308489,0.3130205255490229,REIT—Retail,Real Estate,NNN
2007Q2,2007,Q2,2007-08-02,2007-06-30,48655000.0,46421000.0,30764000.0,0.7,0.0,0.0,2219043000.0,1249227000.0,0.0,77300000.0,967052000.0,0.0,108475000.0,1452197508.5,2134557508.5,18.804675025373797,0.0,0.3086357497353589,0.5482398315118069,0.01765894345515626,18.804675025373797,0.03894808549607077,31.28320175136253,7.461707473538177,1.1624768825041405,0.5206864659336142,0.0,0.017445285404853732,0.020919378308577166,0.03254851228978008,0.02192611860157735,-5.267577999970982,0.0,0.7073170731707317,1.1824060199498692,0.21537407285526564,0.0,0.0,0.8220116836428999,0.1058628994572055,1.9606269081070085,0.08155199136089328,0.2864448319514397,REIT—Retail,Real Estate,NNN
2007Q1,2007,Q1,2007-05-02,2007-03-31,26704000.0,42713000.0,27819000.0,0.41,0.0,0.0,1987568000.0,1192872000.0,0.0,72400000.0,792562000.0,0.0,85156000.0,1459454568.49,2125175568.49,19.77147785412391,0.0,0.3633998937394846,0.6054983267274275,0.016722751152284724,19.77147785412391,0.022386308002870385,34.168861201273614,13.663258018368035,1.223479609287501,0.8167690233672859,0.0,0.014944624156794673,0.021490082351899406,0.7812292817679558,0.013435515162248536,275.21300556100323,0.0,-0.5690577148481734,0.4108447732712806,0.18025723096509536,0.0,0.0,-0.5347816240135189,0.08127332089552239,0.37971312665858215,0.00027901423113762283,0.33564795588815244,REIT—Retail,Real Estate,NNN
