Quarters,Year,Quarter,FillingDate,Date,NetIncome,Revenue,OperatingIncome,EPSDiluted,GrossProfit,GrossProfitRatio,TotalAssets,CommonStockEquity,CurrentAssets,CurrentLiability,TotalLiability,Inventory,RetainedEarnings,MarketCap,EnterpriseValue,bookValuePerShare,currentRatio,debtToAssets,debtToEquity,roic,shareholdersEquityPerShare,roe,priceToSalesRatio,peRatio,pbRatio,payoutRatio,inventoryTurnover,dividendYield,assetTurnover,quickRatio,returnOnAssets,priceToFreeCashFlowsRatio,grossProfitMargin,epsdilutedGrowth,fiveYNetIncomeGrowthPerShare,fiveYRevenueGrowthPerShare,fiveYShareholdersEquityGrowthPerShare,grossProfitGrowth,netIncomeGrowth,operatingIncomeGrowth,threeYNetIncomeGrowthPerShare,threeYRevenueGrowthPerShare,threeYShareholdersEquityGrowthPerShare,Industry,Sector,Symbol
2023Q1,2023,Q1,2023-03-31,2023-03-31,-15815000.0,81016000.0,35871000.0,-0.8,38654000.0,0.4771156315,2338214000.0,0.0,109892000.0,128451000.0,1695363000.0,6423000.0,0.0,264755342.72,1718562342.72,0.0,0.8555168897089163,0.6596598942611754,0.0,-0.03667701793086651,0.0,0.0,3.267938959217932,-4.185193530192855,0.0,-0.1953841289914638,6.595360423478126,0.011671152575258595,0.03464866774384209,0.7291184965473215,-0.006763709395290593,-0.8925681261673106,0.4771156314802014,-4.478260869565218,-11.486904110858102,0.13412962483945684,-1.0,-0.07488691573127827,-4.5261984392419174,-0.05020255778854556,-7.629577903586565,1.2179299389306182,-1.0,Marine Shipping,Industrials,CPLP
2022Q4,2022,Q4,2022-12-31,2022-12-31,4485000.0,79897000.0,37767000.0,0.23,41783000.0,0.522960812,1996764000.0,638426000.0,166323000.0,118580000.0,1358338000.0,6817000.0,0.0,266245324.8,1410688324.8,32.7311471348698,1.4026227019733513,0.6455835541906805,2.0191502225786544,0.00415970346750129,32.7311471348698,0.007025089830301397,3.332356969598358,14.840876521739132,0.4170339629025134,0.6911928651059086,5.5910224438902745,0.011643396939753513,0.04001324142462504,1.2681143531792882,0.0022461342452087477,-3.6163335479401817,0.5229608120455086,-0.9584086799276672,3.8272585972632687,0.1549942890181053,-0.3661569813638188,0.22197525809376187,-0.9576898767016028,0.43067656640654595,-0.2567747743001096,1.6880561200975128,0.46285132887339525,Marine Shipping,Industrials,CPLP
2022Q3,2022,Q3,2022-09-30,2022-09-30,106003000.0,71858000.0,26398000.0,5.53,34193000.0,0.4758412425,1882565000.0,0.0,150331000.0,110950000.0,1268820000.0,5189000.0,0.0,256585218.89000002,1303363218.89,0.0,1.3549436683190625,0.6274582816529576,0.0,0.04033751444398197,0.0,0.0,3.570725860586156,0.6051366916266522,0.0,0.028244483646689245,7.258624012333783,0.011668637862119214,0.0381702623813786,1.2411536728255972,0.056307750330001884,5.417991023480722,0.4758412424503883,12.825,38.85820547049818,0.05915082332805931,-1.0,-0.03431427925892454,12.637334362536986,-0.20158485315912048,28.628096420185166,1.578264871705201,-1.0,Marine Shipping,Industrials,CPLP
2022Q2,2022,Q2,2022-06-30,2022-06-30,7773000.0,73960000.0,33063000.0,0.4,35408000.0,0.4787452677,1874509000.0,0.0,122295000.0,154931000.0,1311312000.0,5486000.0,0.0,291773577.3,1489725577.3,0.0,0.7893513886827039,0.6518085535999026,0.0,0.010301729451334412,0.0,0.0,3.9450186222282317,9.384200993824779,0.0,0.3988164157982761,7.027342325920525,0.010624676945344495,0.039455665456927656,0.1778662759551026,0.004146685878808797,24.175455903554564,0.47874526771227693,-0.5454545454545454,1.1876173036963307,0.0863549899327909,-1.0,0.019845041619862322,-0.5461816907986922,-0.0032258064516129032,-0.063233934739101,1.5461977579149386,-1.0,Marine Shipping,Industrials,CPLP
2022Q1,2022,Q1,2022-03-31,2022-03-31,17128000.0,73356000.0,33170000.0,0.88,34719000.0,0.473294618,1880154000.0,0.0,55028000.0,130674000.0,1333769000.0,5740000.0,0.0,353185850.63,1597752850.63,0.0,0.4211090193917688,0.682668015492348,0.0,0.01760063863060834,0.0,0.0,4.814682515813294,5.155094737126343,0.0,0.17287482484820177,6.731184668989547,0.008383688063149406,0.03901595294853507,0.32141818571406705,0.009109892062033217,7.757041370275197,0.4732946180271552,-0.7283950617283951,1.5202639399600624,0.09478343474213581,-1.0,0.1352014125032697,-0.7212647886865531,0.2055680744348332,1.1153643995613673,1.5665948009370796,-1.0,Marine Shipping,Industrials,CPLP
2021Q4,2021,Q4,2021-12-31,2021-12-31,61449000.0,63574000.0,27514000.0,3.24,30584000.0,0.4810771699,1885170000.0,0.0,37684000.0,130801000.0,1359706000.0,5009000.0,0.0,305869115.78999996,1594470115.79,0.0,0.2881017729222254,0.6943532943978528,0.0,0.032273762316309594,0.0,0.0,4.811229681788152,1.244402332788166,0.0,0.032124200556559096,6.5861449391096025,0.006453740826044319,0.033723218595670415,0.20181802891415204,0.032595999299797895,-1.3307162220636666,0.48107716991222826,5.893617021276597,5.708852549489862,-0.07645842004430464,-1.0,0.715022710704873,6.253186968838527,0.800890168870271,7.887134597640447,-0.18917586517115456,-1.0,Marine Shipping,Industrials,CPLP
2021Q3,2021,Q3,2021-09-30,2021-09-30,8472000.0,43125000.0,15278000.0,0.47,17833000.0,0.4135188406,1174166000.0,0.0,140994000.0,141080000.0,687230000.0,3455000.0,0.0,236619123.0,780717123.0,0.0,0.999390416784803,0.5115988710284577,0.0,0.01814511631916973,0.0,0.0,5.4868202434782605,6.98238677407932,0.0,0.21966477809254012,7.320405209840811,0.007864960263587824,0.03672819686483853,0.4243407995463567,0.007215334118003757,-7.210919820808192,0.41351884057971017,-0.8609467455621302,0.399250511822089,-0.32813452473186594,-1.0,0.12256074531033614,-0.8606280948229063,0.07470455824423185,1.1637996932238321,-0.4159092411475208,-1.0,Marine Shipping,Industrials,CPLP
2021Q2,2021,Q2,2021-06-30,2021-06-30,60787000.0,39823000.0,14216000.0,3.38,15886000.0,0.3989151998,838392000.0,461727000.0,189300000.0,100488000.0,376665000.0,3368000.0,0.0,219545368.39999998,411740368.4,25.657883111142873,1.8838070217339384,0.3535136308552563,0.6419009501285392,0.03219703166538719,25.657883111142873,0.1316513870750465,5.513029364939858,0.902928950268972,0.47548739493250336,0.030944116340664945,7.1071852731591445,0.008567705225158373,0.0474992604891268,1.0857813868322586,0.07250427007891297,13.253568874132204,0.3989151997589333,6.8604651162790695,5.312269265735447,-0.37940373295749164,-0.5242676159879799,0.017876593836099186,6.791207382722379,0.018629979936944683,14.182699250274625,0.3899207718447649,-0.4934724157268456,Marine Shipping,Industrials,CPLP
2021Q1,2021,Q1,2021-03-31,2021-03-31,7802000.0,38143000.0,13956000.0,0.43,15607000.0,0.4091707522,869537000.0,0.0,63237000.0,65192000.0,439373000.0,3271000.0,0.0,202332804.24,551023804.24,0.0,0.9700116578721315,0.4609062064063979,0.0,0.02497337894638587,0.0,0.0,5.304585487245366,6.483363376057421,0.0,0.2431427839015637,6.889636196881687,0.009375642309340237,0.04386587344759337,0.8476040004908578,0.008972591160583162,-18.682622736842106,0.4091707521694675,0.9545454545454545,0.1894004340791806,-0.38262451122520147,-1.0,0.27445696553976806,0.9297551323274796,0.3300295435051939,7.685172332142239,-0.4205341767093655,-1.0,Marine Shipping,Industrials,CPLP
2020Q4,2020,Q4,2020-12-31,2020-12-31,4043000.0,35085000.0,10493000.0,0.22,12246000.0,0.3490380504,822198000.0,422078000.0,57779000.0,61606000.0,400120000.0,3528000.0,0.0,147737845.92,474725845.91999996,23.198343922354653,0.9378794273285069,0.4552723309956969,0.88685977473358,0.0073291929227153165,23.198343922354653,0.00957879823160648,4.210854949978623,9.135409715557753,0.35002498571354107,0.46920603512243386,6.473639455782313,0.012840311757538588,0.04267220304598163,0.8147096062071876,0.004917307023369067,8.26644169203223,0.3490380504489098,0.047619047619047665,-0.6313748817143627,-0.44511976489303867,-0.5775036677068682,-0.09423076923076923,0.049312224240851285,-0.10201112537441163,3.6650409932277666,-0.4562685536688843,-0.5507609837651946,Marine Shipping,Industrials,CPLP
2020Q3,2020,Q3,2020-09-30,2020-09-30,3853000.0,35523000.0,11685000.0,0.21,13520000.0,0.3805984855,825290000.0,416192000.0,50307000.0,61620000.0,409098000.0,2854000.0,0.0,120081337.19999999,470534337.2,22.875055058930506,0.8164070107108082,0.4643991808939888,0.9208826695371367,0.0072488320568734575,22.875055058930506,0.00925774642472705,3.3803827717253605,7.791418193615364,0.28852389570198367,0.49234362834155204,7.709530483531885,0.015797625544762838,0.04304305153340038,0.5813696851671535,0.004668661924899126,18.291140472201064,0.3805984854882752,0.1052631578947368,-0.5933629674390583,-0.4209394621956274,-0.5906203322824216,-0.1407689863361932,0.1349042709867452,-0.1603793921103686,0.5258718871807085,-0.4485428196237288,-0.567725179726087,Marine Shipping,Industrials,CPLP
2020Q2,2020,Q2,2020-06-30,2020-06-30,3395000.0,36570000.0,13917000.0,0.19,15735000.0,0.4302707137,843600000.0,409805000.0,56200000.0,77328000.0,433795000.0,2368000.0,0.0,147008667.36,500093667.36,22.52400800213607,0.7267742602938133,0.46496088193456614,0.9571405912568173,0.006805638566196896,22.52400800213607,0.00828442795963934,4.019925276456112,10.825380512518409,0.3587283399665695,1.9561119293078055,8.79856418918919,0.0451742072032888,0.04334992887624466,0.5464773432650528,0.004024419155998104,13.194100463112548,0.4302707136997539,0.5833333333333334,-0.6659528522427834,-0.38646087781950106,-0.6145131767991394,0.21627889000541084,0.5431818181818182,0.2483853606027987,0.011402931679711776,-0.43140692148538573,-0.5747033486058019,Marine Shipping,Industrials,CPLP
2020Q1,2020,Q1,2020-03-31,2020-03-31,2200000.0,33687000.0,11148000.0,0.12,12937000.0,0.3840353846,823370000.0,407281000.0,24235000.0,87065000.0,416089000.0,1993000.0,0.0,133181119.44000001,482792119.44,22.3852820319859,0.27835525182335036,0.44445510523822823,0.8985221505545311,0.004752516350209568,22.3852820319859,0.0054016759927421115,3.9534870852257553,15.134218118181819,0.32700057071162175,3.018181818181818,10.411440040140493,0.04985691686569293,0.04091356255389436,0.2137368632630793,0.0026719457837910054,-0.9503162421509306,0.3840353845697153,-0.6,-0.7887171485366798,-0.43561498100119744,-0.6107292658071923,0.1274074074074074,-0.6088193456614509,0.17856010149064383,-0.6552953833168818,-0.4646473459362091,-0.5812231686863772,Marine Shipping,Industrials,CPLP
2019Q4,2019,Q4,2019-12-31,2019-12-31,5624000.0,27701000.0,9459000.0,0.3,11475000.0,0.4142449731,703462000.0,406737000.0,65946000.0,64736000.0,296725000.0,1471000.0,0.0,244316002.56,445338002.56,22.374896538582266,1.0186913000494315,0.368159189835414,0.6367406948470388,0.01378696265060087,22.374896538582266,0.01382711678553955,8.819753891917259,10.86041974395448,0.6006731685585526,1.0376955903271692,11.030591434398369,0.023887096787967355,0.03937810428992611,0.9369438952051409,0.007994745984857747,17.52248458437926,0.41424497310566405,0.6666666666666666,-0.536706962319588,-0.5442528348398132,-0.6187289279159425,0.33538927033632027,0.6570418385385975,0.3333803213983648,-0.35869270356138255,-0.5796995985452653,-0.5849166164302683,Marine Shipping,Industrials,CPLP
2019Q3,2019,Q3,2019-09-30,2019-09-30,3394000.0,26439000.0,7094000.0,0.18,8593000.0,0.3250122924,698669000.0,406048000.0,67278000.0,55946000.0,292621000.0,1345000.0,0.0,194505670.0,402251670.0,22.337207959027623,1.2025524613019698,0.38134510046960723,0.6561638032941918,0.010655726880138834,22.337207959027623,0.0083586177003704,7.35677105790688,14.327170742486741,0.4790213718575143,1.719505008839128,13.268401486988848,0.030004266713664445,0.03784195377210095,1.1401172559253565,0.004857808203884815,13.260544723206982,0.3250122924467643,-0.5813953488372093,-0.6547053599816871,-0.6023707285846251,-0.6682212624162693,-0.34574387086949904,-0.5666496424923391,-0.41632384400197464,-0.4387202612872767,-0.5875643084038562,-0.5863370656026018,Marine Shipping,Industrials,CPLP
2019Q2,2019,Q2,2019-06-30,2019-06-30,7832000.0,27417000.0,12154000.0,0.43,13134000.0,0.4790458475,704227000.0,408688000.0,68308000.0,51418000.0,295539000.0,1487000.0,0.0,188870459.0,405168459.0,22.482437658501162,1.3284841884165077,0.38887745002676694,0.6700906314841639,0.017356977634478556,22.482437658501162,0.01916376306620209,6.888808367071525,6.028806786261492,0.462138499295306,0.7451481103166496,9.605245460659045,0.030899485451030752,0.038932048899005575,1.2631179742502625,0.011121413975891297,-95.53386899342438,0.4790458474669001,1.056135770234987,0.49684785970755185,-0.5978720168929422,-0.6210368842914145,0.056467181467181465,1.0562219590108037,0.0638074398249453,-0.1948747525652366,-0.5770285268612783,-0.5831447349202626,Marine Shipping,Industrials,CPLP
2019Q1,2019,Q1,2019-03-31,2019-03-31,-139305000.0,26817000.0,11425000.0,-7.66,12432000.0,0.4635865309,729991000.0,406692000.0,85935000.0,71687000.0,323299000.0,1601000.0,0.0,191051831.0,398882831.0,22.372635203899197,1.1987529119645124,0.3853211888913699,0.6916315049226441,-0.31997291785545023,22.372635203899197,-0.34253194063320647,7.124280531006451,-0.34286606905710487,0.4697703200456365,-0.08085136929758444,8.985009369144285,0.05895258863025501,0.03673606934880019,1.1391186686567998,-0.190831119835724,9.085160064672595,0.4635865309318716,-22.27777777777778,-15.621191612339212,-0.6071681659913214,-0.6317797947871703,-0.4101067615658363,-22.132433252427184,-0.42541742104204383,-22.237896473108812,-0.565922399990946,-0.5837608940365586,Marine Shipping,Industrials,CPLP
2018Q4,2018,Q4,2018-12-31,2018-12-31,6592000.0,74751000.0,19884000.0,0.36,21075000.0,0.2819360276,1385245000.0,881314000.0,64560000.0,115159000.0,503931000.0,8699000.0,0.0,264818639.47000003,675643639.47,48.68850563466721,0.5606161915264981,0.31837256225433047,0.5004164236583102,0.007487832105905221,48.68850563466721,0.0074797404784219925,3.5426768801755166,10.043182625530948,0.3004815984654732,1.9948422330097086,6.170364409702264,0.04965662547892403,0.053962295478417174,0.40226990508774824,0.004758724990886089,11.88380180712619,0.28193602761167075,1.1267605633802817,1.7829265013144926,0.08762488007657625,-0.22844109083031813,0.47604706541532427,1.1281642493292374,0.5155487804878048,-0.3958707106289716,0.1883005303126091,-0.11326795031873857,Marine Shipping,Industrials,CPLP
2018Q3,2018,Q3,2018-09-30,2018-09-30,-51434000.0,73422000.0,13120000.0,-2.84,14278000.0,0.1944648743,1408281000.0,881224000.0,68143000.0,125648000.0,527057000.0,8461000.0,0.0,359832433.24,784945433.24,48.685809009093425,0.542332548070801,0.32232487692442063,0.5151062612911133,0.022335175205836912,48.685809009093425,-0.05836654471507812,4.900880298003323,-1.7490008226076137,0.40833253887774273,-0.25566745732394913,6.9901902848363076,0.036544788032570844,0.05213590185481449,0.3437141856615306,-0.036522540600917,15.067728874000252,0.19446487428836043,-41.57142857142856,-1.5524277166195395,0.06960224273895955,-0.3179222603265285,0.4020031421838178,-13.772287062329278,0.5045871559633027,-6.456395892813038,0.20306252351139642,-0.12870241127909235,Marine Shipping,Industrials,CPLP
2018Q2,2018,Q2,2018-06-30,2018-06-30,4027000.0,28818000.0,8720000.0,0.07,10184000.0,0.3533902422,1456561000.0,916858000.0,55158000.0,118658000.0,539703000.0,10331000.0,0.0,387707162.22,828474162.22,50.65446366156119,0.4648485563552394,0.32489610802431207,0.5161442666148957,0.006059316149047482,50.65446366156119,0.004392174142560789,13.453645715178014,24.06923033399553,0.4228650044172599,3.265458157437298,1.8036976091375472,0.03391735124185862,0.01978495922930794,0.33480254175866775,0.002764731446194152,123.5523142829828,0.35339024220973003,2.0903426791277258,-0.9695237724139532,-0.6276129388414403,-0.26401513080348005,-0.240226797970755,4.465576592082616,-0.25355247389145696,-0.6017123488311362,-0.5140088510281408,-0.13307488276567658,Marine Shipping,Industrials,CPLP
2018Q1,2018,Q1,2018-03-31,2018-03-31,-1162000.0,65539000.0,11682000.0,-0.0642,13404000.0,0.2045194464,1477743000.0,925753000.0,85720000.0,131291000.0,551990000.0,5774000.0,0.0,391507823.49,821026823.49,51.14594444499385,0.6529008081285085,0.3182210979852383,0.5079637873169193,-0.001848636592374608,51.14594444499385,-0.0012551944201098996,5.97366184241444,-84.23145944277108,0.4229074315611184,-11.31669535283993,9.029269137512989,0.033588089971683235,0.044350742991169645,0.358493727673641,-0.0007863342949349109,90.58487355159649,0.20451944643647293,-2.348739495798319,-1.0147594601928929,-0.11490168882405169,-0.2350733253677225,-0.23897121444387667,-2.3495934959349594,-0.07717829212418043,-1.1121748121898354,0.10372430391152637,-0.11059332124389423,Marine Shipping,Industrials,CPLP
2017Q4,2017,Q4,2017-12-31,2017-12-31,861000.0,64105000.0,12659000.0,0.0476,17613000.0,0.2747523594,1466216000.0,933405000.0,105457000.0,123071000.0,532811000.0,5315000.0,0.0,433993043.12,825030043.12,51.63920114683335,0.8568793623193116,0.3098683959252934,0.4867490531977009,0.0011618446481489065,51.63920114683335,0.0009224291706172562,6.770034211371968,126.01424016260164,0.46495684415660943,15.272938443670151,8.747318908748824,0.03030002487013138,0.043721388935873025,0.5530872423235368,0.0005872258930471363,12.812359198181442,0.27475235941034243,-0.66,1.0058892661785044,-0.09561537756671064,-0.12016695953879108,-0.04443359375,-0.6495726495726496,-0.24850103888394182,-0.9286694372059486,0.06067533681694942,-0.12006146938523607,Marine Shipping,Industrials,CPLP
2017Q3,2017,Q3,2017-09-30,2017-09-30,2457000.0,62679000.0,16845000.0,0.14,18432000.0,0.2940697841,1585654000.0,936824000.0,170620000.0,209642000.0,648830000.0,5683000.0,0.0,433732418.0,860567418.0,52.91785222288826,0.813863634195438,0.36894871138344176,0.6244769561838723,0.0028179435758695325,52.91785222288826,0.002622691135154522,6.91990009413041,44.132317663817666,0.46298175324287166,5.2344322344322345,7.785852542671124,0.02965192239792415,0.03952880010393188,0.7743104912183627,0.0015495183690767342,14.395845132596502,0.2940697841382281,-0.22222222222222213,-0.8775336858593269,-0.09026087529703351,-0.17741049104669654,0.02748202240927588,-0.24143254090768757,0.027196780291481187,-0.7433295662192332,-0.03206081714534761,-0.21400121992164284,Marine Shipping,Industrials,CPLP
2017Q2,2017,Q2,2017-06-30,2017-06-30,3239000.0,62061000.0,16399000.0,0.18,17939000.0,0.2890543175,1585267000.0,929781000.0,147430000.0,147457000.0,655486000.0,4378000.0,0.0,417834132.8,873513132.8,52.960699145639545,0.999816895773005,0.37468830171825945,0.638839683753486,0.0035501272086696204,52.960699145639545,0.0034836160343134567,6.732636161196242,32.250241803025624,0.44938983782202474,3.9706699598641557,10.07811786203746,0.030780156503288903,0.03914861029719284,0.9524200275334505,0.0020431889391503135,13.882916330531282,0.2890543175263048,-0.4857142857142857,-0.8796265361611026,-0.09018005805712734,-0.19298413057387084,-0.09526931611862013,-0.4701455913626697,-0.10841080845974012,-0.3590303580689338,-0.05749282833837628,-0.1072964656593824,Marine Shipping,Industrials,CPLP
2017Q1,2017,Q1,2017-03-31,2017-03-31,6113000.0,60270000.0,18393000.0,0.35,19828000.0,0.3289862286,1595339000.0,931516000.0,135304000.0,126955000.0,663823000.0,5913000.0,0.0,435488459.90999997,909201459.91,53.453964876155055,1.0657634594935212,0.3748990026571155,0.6420619720970976,0.0059990802383171424,53.453964876155055,0.006562420827983631,7.225625682926829,17.809932108212006,0.46750507764761956,2.087027646000327,6.839506172839506,0.02929583944115678,0.037778804379508056,0.9951793942735615,0.003831787475890704,14.122270645977235,0.3289862286377966,-0.27083333333333337,-0.7437425605827716,-0.15437989478237,0.022365067220741545,-0.05287795557678529,-0.26376008671564494,-0.041282251759186865,-0.3307189122199874,-0.07905060415283695,-0.12022746821050391,Marine Shipping,Industrials,CPLP
2016Q4,2016,Q4,2016-12-31,2016-12-31,8303000.0,62401000.0,19185000.0,0.48,20935000.0,0.3354914184,1598605000.0,927757000.0,117879000.0,92196000.0,670848000.0,4761000.0,0.0,383119019.22,878628019.22,53.90458260737244,1.2785695691787062,0.37669530622011066,0.6490783685814281,0.007575445187606279,53.90458260737244,0.008949541744228283,6.139629480617298,11.5355600150548,0.4129519035911344,1.4527279296639768,8.709514807813484,0.0314836888666015,0.03903465834274258,1.1841620026899216,0.005193903434557005,24.31729731640749,0.3354914184067563,0.4545454545454544,1.0572993888510638,-0.1965679696171495,0.015368997772146098,0.06609970973162907,0.46051011433597183,0.07448893867264071,2.037133123125608,-0.04511878885981248,-0.1457827589151153,Marine Shipping,Industrials,CPLP
2016Q3,2016,Q3,2016-09-30,2016-09-30,5685000.0,60268000.0,17855000.0,0.33,19637000.0,0.3258279684,1586705000.0,922845000.0,116431000.0,71304000.0,663860000.0,4406000.0,0.0,389997770.68,874964770.6800001,53.99857251307096,1.6328817457646134,0.3721718908051591,0.6398983577957295,0.00569859990095747,53.99857251307096,0.006160297774815923,6.47105878210659,17.150297743183817,0.42260376409906325,2.1088830255057167,9.221743077621426,0.030741201364038524,0.03798311595413136,1.5225793784359924,0.003582896631699024,5.992313978765576,0.3258279684077786,-0.3888888888888889,-0.9900596080272063,-0.2790655855059923,-0.3540867040992455,-0.10991750521258273,-0.37800875273522977,-0.13350480442589538,-0.9353314579868971,-0.07013411370425927,-0.2434915833804829,Marine Shipping,Industrials,CPLP
2016Q2,2016,Q2,2016-06-30,2016-06-30,9140000.0,60904000.0,20606000.0,0.54,22062000.0,0.3622422173,1557190000.0,921178000.0,66805000.0,57125000.0,636012000.0,5304000.0,0.0,356286818.3,895656818.3,53.93343815436913,1.16945295404814,0.38185320994868965,0.6454973957259075,0.00835411706359888,53.93343815436913,0.009922078034864055,5.849974029620387,9.745263082603937,0.3867730431035044,1.311706783369803,7.32315233785822,0.03364985563374125,0.03911147644153892,1.021531728665208,0.005869547068758469,11.330836353517364,0.3622422172599501,0.5000000000000001,-0.9060249999142779,-0.2911538397244054,-0.02924755676495516,0.14275354811975552,0.4830439720915139,0.142176154315171,-0.9266965051326971,-0.16598191294783243,-0.21637321657235026,Marine Shipping,Industrials,CPLP
2016Q1,2016,Q1,2016-03-31,2016-03-31,6163000.0,58047000.0,18041000.0,0.36,19306000.0,0.3325925543,1561574000.0,918036000.0,51093000.0,59910000.0,643538000.0,4655000.0,0.0,377807498.6,936378498.6,53.749479285745444,0.8528292438657987,0.38348614923148056,0.6523077526371515,0.006056824264780175,53.749479285745444,0.006713244360787594,6.508648140300102,15.325632751906541,0.41153887058895294,5.217102060684732,8.322448979591837,0.0851041869712641,0.03717210967908021,0.728960106826907,0.003946658947958918,-7.874598745258244,0.3325925543094389,-0.4,-0.8196418586613077,-0.34775895491736214,-0.13354379863556412,-0.10966611326323557,-0.40141802641802643,-0.11633032915360501,-0.9170426274518129,-0.16925075435606246,-0.19613547272591209,Marine Shipping,Industrials,CPLP
2015Q4,2015,Q4,2015-12-31,2015-12-31,10296000.0,59357000.0,20416000.0,0.6,21684000.0,0.3653149586,1555875000.0,937820000.0,99824000.0,61246000.0,618055000.0,4407000.0,0.0,659967529.2,1137587529.2,54.90779954572347,1.629886033373608,0.36494577006507595,0.6054573372288925,0.009091652501907502,54.90779954572347,0.010978652619905738,11.118613292450766,16.024852593240094,0.7037251596255145,3.1031468531468533,8.548445654640345,0.048411472665525195,0.03815023700490078,1.5163439245011918,0.006617498192335503,19.572571226904714,0.365314958640093,0.15384615384615377,-0.6615572771749934,-0.3641269708196466,2.2154275177245104,0.03950143815915628,0.15750421585160201,0.09217354089766222,1.0745301032944377,-0.11378649358364361,-0.06447630585952738,Marine Shipping,Industrials,CPLP
2015Q3,2015,Q3,2015-09-30,2015-09-30,8895000.0,57589000.0,18693000.0,0.52,20860000.0,0.3622219521,1577262000.0,954380000.0,99048000.0,59716000.0,622882000.0,4408000.0,0.0,736485503.5999999,1219680503.6,55.87735997360641,1.6586509478196798,0.36326621702672096,0.6003541566252436,0.007892185870847945,55.87735997360641,0.009320186927638885,12.78864893642883,20.699423934794826,0.7716900014669209,3.561551433389545,8.332350272232304,0.04301510327785901,0.036512006248803304,1.5535869783642575,0.0056395196232458525,-20.6663160086427,0.3622219521089097,-0.07142857142857148,-0.7884729183466151,-0.4559125004323259,0.14006962538755457,0.02966582753344193,-0.04303388918773534,-0.012154520953337208,-0.5404552686777515,-0.13362741918330975,-0.1314059779165552,Marine Shipping,Industrials,CPLP
2015Q2,2015,Q2,2015-06-30,2015-06-30,9295000.0,54513000.0,18923000.0,0.56,20259000.0,0.3716361235,1550364000.0,972266000.0,126992000.0,52651000.0,578098000.0,4234000.0,0.0,909699670.11,1324786670.1100001,58.43003352257201,2.4119579875026114,0.3429549447742595,0.5468719465660632,0.008289029549741318,58.43003352257201,0.009560140949081836,16.687756500467778,24.46744674852071,0.9356489583200482,3.3792361484669176,8.090222012281531,0.03452787885061224,0.03516142015681479,2.2991586104727357,0.005995366249474317,-13.685456584877844,0.37163612349347863,-0.01754385964912263,-0.8151453884453438,-0.5416504257541911,0.04588458144038208,0.15036057009823406,0.0899390243902439,0.199632306326867,-0.6355422429423437,-0.15683074969244679,-0.10964233734632094,Marine Shipping,Industrials,CPLP
2015Q1,2015,Q1,2015-03-31,2015-03-31,8528000.0,48885000.0,15774000.0,0.57,17611000.0,0.3602536565,1488435000.0,856902000.0,154134000.0,65219000.0,631533000.0,3843000.0,0.0,990927738.5,1438214738.5,57.50568965428149,2.363329704533955,0.39861666784239824,0.6923953964397329,0.007633856915310106,57.50568965428149,0.009952129881830127,20.270588902526338,29.04924186503283,1.156407312038016,3.251993433395872,8.13791308873276,0.02798690451634784,0.03284322123572746,2.2737545807203423,0.005729507838770252,-185.63651901461222,0.3602536565408612,-0.1492537313432837,-0.8517012326138499,-0.5921720872109988,0.13794126191478626,-0.07266599968406087,-0.14110182294289456,-0.09557938191617453,-0.581920057332016,-0.1978791916535247,0.09985869907286647,Marine Shipping,Industrials,CPLP
2014Q4,2014,Q4,2014-12-31,2014-12-31,9929000.0,49715000.0,17441000.0,0.67,18991000.0,0.3819973851,1493095000.0,872561000.0,172115000.0,45568000.0,620534000.0,3434000.0,0.0,832638800.0,1246354800.0,58.68500963442972,3.77710235252809,0.38705842561926734,0.6623204566786735,0.008724118255338094,58.68500963442972,0.011379147131260738,16.74824097354923,20.96482022358747,0.9542470956185298,2.7931312317453925,8.947000582411182,0.03330735968585658,0.03329660872215097,3.6613851825842696,0.0066499452479581,26.15728826338276,0.3819973850950417,0.24074074074074073,-0.8096364076911621,-0.5599528131969677,0.19603514929834,0.0981900190828659,0.39432663951692176,0.13128364792112604,1.0793159256949794,-0.25905670791651464,0.1054150970943616,Marine Shipping,Industrials,CPLP
2014Q3,2014,Q3,2014-09-30,2014-09-30,7121000.0,48171000.0,15417000.0,0.54,17293000.0,0.3589919246,1508833000.0,886641000.0,170037000.0,44964000.0,622192000.0,3620000.0,0.0,920017427.7,1337391427.7,67.32561622756312,3.7816253002401923,0.38391591382213935,0.6533253030256891,0.0066458319741071244,67.32561622756312,0.008031435496441062,19.098989593323786,32.29944627510181,1.037643677316975,3.51481533492487,8.529834254143646,0.027204919435679948,0.03192599843720279,3.6470954541410907,0.0047195415264644925,138.61947080006027,0.3589919246019389,0.8620689655172417,-0.8765442424645069,-0.5747932136483839,0.5077551935999961,0.272573404959894,0.9557813787421038,0.2857142857142857,-0.9838417978081102,-0.2522203338327971,-0.19467295796443107,Marine Shipping,Industrials,CPLP
2014Q2,2014,Q2,2014-06-30,2014-06-30,3641000.0,47444000.0,11991000.0,0.29,13589000.0,0.2864218869,1366624000.0,750448000.0,75171000.0,36552000.0,616176000.0,3605000.0,0.0,1011202868.62,1524112868.62,59.32618961205098,2.056549573210768,0.4248535076217014,0.7736911818007377,0.004196555004658542,59.32618961205098,0.004851768543589962,21.3136090679538,69.43167183603406,1.3474656053717247,6.871189233726998,9.39112343966713,0.024740831712772283,0.03471620577422905,1.9140676296782666,0.002664229517409324,33.93753754262317,0.28642188685608294,-0.44230769230769235,-0.9342142103586587,-0.574407586997609,0.2817924188565616,-0.20782324822198905,-0.45016611295681064,-0.2440423654015887,-0.949452681709762,-0.2544122338268764,0.06781702566200294,Marine Shipping,Industrials,CPLP
2014Q1,2014,Q1,2014-03-31,2014-03-31,6622000.0,47447000.0,15862000.0,0.52,17154000.0,0.3615402449,1382355000.0,767650000.0,72635000.0,33643000.0,614705000.0,3447000.0,0.0,968424767.1,1486101767.1,60.758847252740814,2.1589929554439258,0.4209953304324866,0.7581124210252068,0.006922989047256958,60.758847252740814,0.00862632710219501,20.41066383754505,36.56088670718817,1.2615446715299943,3.778012684989429,8.788221642007542,0.02583370526026275,0.03432331058230339,2.0138215973605207,0.004790375844121083,36.29097871838111,0.3615402449048412,2.1063829787234045,-0.8867651198166482,-0.5591976249884135,0.5267996132947071,0.09219406596205272,2.149652777777778,0.10652249738402511,-0.7380222053446809,-0.27927626285344825,-0.020550883664962147,Marine Shipping,Industrials,CPLP
2013Q4,2013,Q4,2013-12-31,2013-12-31,-5760000.0,47018000.0,14335000.0,-0.47,15706000.0,0.3340422817,1401772000.0,781426000.0,73732000.0,38928000.0,620346000.0,2740000.0,0.0,907559744.2800001,1426902744.2800002,63.10406769466723,1.8940608302507194,0.4161268736998599,0.7464750341043169,-0.030915702259979524,63.10406769466723,-0.007371139429709275,19.30238938874474,-39.39061390104167,1.1614148291456903,-4.337673611111111,11.427737226277372,0.027529868041713885,0.033541831339190684,1.7726058364159474,-0.004109084786969636,-136.025141528777,0.33404228167935685,-1.1180904522613067,-1.0770460533189354,-0.6283667347400161,0.29176313288204314,0.10816340929937204,-1.0993565970365515,0.1893304571475981,-1.2611524342192841,-0.3052675866211344,2.3968583878976912,Marine Shipping,Industrials,CPLP
2013Q3,2013,Q3,2013-09-30,2013-09-30,57973000.0,42742000.0,12053000.0,3.98,14173000.0,0.3315942165,1421890000.0,804458000.0,75608000.0,36745000.0,617432000.0,2706000.0,0.0,710027892.0,1228084892.0,71.3786804307682,2.057640495305484,0.41118862921885657,0.726781261420733,0.015154681296985656,71.3786804307682,0.07206466962849521,16.611948247625286,3.0618904145033032,0.8826164846393473,0.3750884032221896,10.557649667405766,0.03062555745345283,0.030059990575923595,1.9123146006259355,0.04077178966024095,-4.005753909687902,0.33159421646156007,-0.25047080979284364,-0.1783086949092629,-0.6269004644570328,0.3621289999421031,-0.011921360847741216,-0.1871310590445744,0.09962594653772466,1.0892787686595127,-0.3880236464681363,0.45634413468714385,Marine Shipping,Industrials,CPLP
2013Q2,2013,Q2,2013-06-30,2013-06-30,71319000.0,41769000.0,10961000.0,5.31,14344000.0,0.3434125787,1222549000.0,672385000.0,83145000.0,42988000.0,550164000.0,2416000.0,0.0,652402468.62,1088769468.62,68.82541446383406,1.9341444123941565,0.4179914261105281,0.760003569383612,0.016800468550848692,68.82541446383406,0.10606869576210058,15.619298250377074,2.286916770495941,0.9702811166519182,0.3046593474389714,11.351407284768213,0.033304595008600044,0.03416550175085007,1.8039220247510934,0.0583363120823787,10.425095375838927,0.34341257870669634,0.2206896551724138,0.3881482164913979,-0.529833709031642,0.290984789128595,0.050842490842490845,0.678410053657159,-0.007964521676169789,1.4158275113270615,-0.40182176167598854,0.23195958412654522,Marine Shipping,Industrials,CPLP
2013Q1,2013,Q1,2013-03-31,2013-03-31,42492000.0,39965000.0,11049000.0,4.35,13650000.0,0.3415488552,1201687000.0,653201000.0,47383000.0,39658000.0,548486000.0,3110000.0,0.0,577159609.6,1053582609.6,66.86385262951013,1.1947904584194866,0.4263714261700426,0.78439102205906,0.01610376754123118,66.86385262951013,0.06505195184943073,14.441626663330414,3.395695716840817,0.8835865370689878,0.46556998964510965,8.461414790996784,0.03427648032008094,0.03325741228789194,1.0206011397448183,0.03536028932658837,-5.1477872384452095,0.3415488552483423,1.5377008652657602,0.4675701402661062,-0.5156246743628558,0.1784392694147583,1.6193565951268207,1.5377781152707115,-0.14028944911297853,0.127099918433054,-0.4914355010341332,0.32312362994231336,Marine Shipping,Industrials,CPLP
2012Q4,2012,Q4,2012-12-31,2012-12-31,-79014000.0,38309000.0,12852000.0,-8.09,-22039000.0,-0.5752956224,1070128000.0,573366000.0,49489000.0,35773000.0,496300000.0,2333000.0,0.0,449962811.48,864776811.48,58.69204584515723,1.3834176613647164,0.42832726552337663,0.7994282883882198,0.028115990672147654,58.69204584515723,-0.1378072644698151,11.745616212378293,-1.4236806498848305,0.7847741433569483,-0.25037335155795176,25.867123874839262,0.04396585561133493,0.03579852129838673,1.2830067369244962,-0.07383602709208618,16.17117022389937,-0.5752956224385914,-8.159292035398229,-3.9844555955525336,-0.44513133348213413,0.11680125997799767,-1.8665172603601479,-8.14929424538545,0.16265605210783426,-3.305676422717772,-0.4839063087761797,0.1961785514277833,Marine Shipping,Industrials,CPLP
2012Q3,2012,Q3,2012-09-30,2012-09-30,11052000.0,37954000.0,11054000.0,1.13,25434000.0,0.6701269958,1123661000.0,627375000.0,45637000.0,30342000.0,496286000.0,2450000.0,0.0,554322153.0,978014153.0,64.33081342141489,1.5040867444466417,0.4125034151759294,0.7388149033672046,0.010153230868994887,64.33081342141489,0.01761625821876868,14.605104942825525,12.538955686753528,0.8835579246861925,1.8654542164314152,5.110204081632653,0.03719317347939367,0.033777091133357834,1.3767055566541428,0.009835706676657818,26.013522596086162,0.6701269958370659,-0.2614379084967321,-0.5698592775129447,-0.33893791251595334,0.20701101330737587,-0.025405218990688583,-0.25974547890154054,-0.09050518347869015,-0.7412558460527371,-0.5475908442875679,0.4406866729121867,Marine Shipping,Industrials,CPLP
2012Q2,2012,Q2,2012-06-30,2012-06-30,14930000.0,37848000.0,12154000.0,1.53,26097000.0,0.6895212429,1135847000.0,639261000.0,45170000.0,30258000.0,496586000.0,1893000.0,0.0,515497318.56,938881318.56,65.6253503209299,1.4928283429175755,0.40807784851304796,0.7250778633453315,0.01269463184729049,65.6253503209299,0.023355092833756478,13.620199708306911,8.631904195579372,0.806395695279393,1.1023442732752846,6.207606973058637,0.031926451229608896,0.03332138923640244,1.3901447551060877,0.01314437595908604,36.312857041420116,0.6895212428662016,0.11678832116788314,3.1659337242476493,-0.22299565063349525,-0.1364705589046345,0.052468140022584285,0.11969401529923504,0.07853403141361257,-0.6497010828981618,-0.5591172681894065,0.41789110469159446,Marine Shipping,Industrials,CPLP
2012Q1,2012,Q1,2012-03-31,2012-03-31,13334000.0,39839000.0,11269000.0,1.37,24796000.0,0.6224051809,1174689000.0,509292000.0,64081000.0,65013000.0,665397000.0,1616000.0,0.0,552983058.74,1119759058.74,52.28461592635155,0.9856644055804223,0.5308468879848198,1.2244056454843195,0.011137550634795868,52.28461592635155,0.026181444043888377,13.880445260674215,10.367913955677217,1.0857878363296498,1.2342882855857207,9.308787128712872,0.029762213760219685,0.03391450843584983,0.9437958562133727,0.011351089522418274,27.852476011886775,0.6224051808529331,1.16270783847981,12.802023568864808,0.0012943459227761315,0.0,0.06370383080948908,1.1625958759618082,-0.8791877954908498,-0.7042584833591446,-0.5199301927069987,0.3138519736154936,Marine Shipping,Industrials,CPLP
2011Q4,2011,Q4,2011-12-31,2011-12-31,-82007000.0,43955000.0,93277000.0,-8.42,23311000.0,0.5303378455,1196289000.0,517102000.0,62291000.0,55637000.0,678963000.0,4010000.0,0.0,417958289.77,998168289.77,53.08866306303051,1.1195966712799037,0.5296211868536783,1.2252514977702658,-6.398153090778074,53.08866306303051,-0.158589601277891,9.508776925719486,-1.2741543092967673,0.8082704955115237,-0.20069018498420865,5.148129675810474,0.03937713499846299,0.0367427937563582,1.0206337509211496,-0.06855116113246883,27.760247726487776,0.5303378455238312,-1.251643753735804,-4.106635190542093,-0.36147790647015615,0.010179232050605412,0.10677998290760611,-1.3884985811537423,8.906223449447749,-2.3945526384385847,-0.5583128267087686,0.08674417076626666,Marine Shipping,Industrials,CPLP
2011Q3,2011,Q3,2011-09-30,2011-09-30,211087000.0,30855000.0,9416000.0,33.46,21062000.0,0.6826122184,1224703000.0,527338000.0,76824000.0,63200000.0,697365000.0,9877000.0,0.0,282149906.84999996,860654906.8499999,83.60034211366957,1.2155696202531645,0.517334406790871,1.2014704041809996,0.022348097432168847,83.60034211366957,0.4002878609165279,9.144382007778317,0.3341630546291339,0.5350456573393155,0.05046734284915698,0.9914953933380581,0.037756524958427434,0.025193863328496786,1.040506329113924,0.17235770631736838,16.550323020295632,0.6826122184410954,4.8804920913884,11.701596862527461,-0.16912172996704655,0.5685567814361434,0.11569022142176077,5.69522329358031,0.3966182141797686,4.345622067066978,-0.5187737978388962,0.5953566206447292,Marine Shipping,Industrials,CPLP
2011Q2,2011,Q2,2011-06-30,2011-06-30,31528000.0,27852000.0,6742000.0,5.69,18878000.0,0.6777969266,846999000.0,307608000.0,40981000.0,13213000.0,539391000.0,272000.0,0.0,354235634.76,815367634.76,55.558385178650965,3.101566638916219,0.5891388301521017,1.6221944812878728,0.017397867523282574,55.558385178650965,0.1024940833788458,12.718499021973287,2.8088971292184723,1.1515813462588749,0.2855556965237249,32.99264705882353,0.025415286088029145,0.032883155706205085,3.0463180201316886,0.03722318444295684,-25.637666263298833,0.6777969266120925,1.8450000000000002,14.47773953772436,0.00599417181653326,-0.2689364541772142,-0.049972321473504104,1.9692974194763608,-0.3555725482699293,0.0827998464465325,-0.44680917727284236,0.04213001451485018,Marine Shipping,Industrials,CPLP
2011Q1,2011,Q1,2011-03-31,2011-03-31,10618000.0,27654000.0,10462000.0,2.0,19871000.0,0.718557894,752944000.0,329230000.0,38495000.0,9688000.0,514343000.0,185000.0,0.0,394171462.78999996,833553462.79,62.033694491544345,3.973472336911643,0.6295288892666653,1.439722990006986,,62.033694491544345,0.0322510099322662,14.253687090113544,9.280737021802599,1.197252567475625,0.8478056131098135,42.07027027027027,0.02283777708381678,0.03672783102063367,3.8486787778695293,0.014101978367581121,35.04057807716241,0.718557893975555,0.12359550561797751,18.24884123786612,0.2756527532419814,0.0,-0.0013067296577373474,0.12324129905849995,-0.004472357027309925,-0.32497772508075634,-0.38305870289010796,0.09331034244727471,Marine Shipping,Industrials,CPLP
2010Q4,2010,Q4,2010-12-31,2010-12-31,9453000.0,29006000.0,10509000.0,1.78,19897000.0,0.6859615252,758252000.0,-239760000.0,35139000.0,9175000.0,758252000.0,83000.0,0.0,359621089.52000004,801150089.52,-45.17570874857295,3.8298637602179837,0.6251219911058593,-1.976976976976977,,-45.17570874857295,-0.039426926926926925,12.398162087843895,9.510766146196975,-1.4999211274607942,0.9522902782185549,109.74698795180723,0.02503190236149752,0.03825377315193366,3.790517711171662,0.01246683160743394,24.77753131597079,0.6859615252016824,-0.2764227642276423,-0.34277864816374903,-0.2266819254950734,-1.8596103223920626,-0.044194648604505934,-0.2159741229161483,-0.11896378269617706,-0.34277864816374903,-0.2266819254950734,-1.8596103223920626,Marine Shipping,Industrials,CPLP
2010Q3,2010,Q3,2010-09-30,2010-09-30,12057000.0,30348000.0,11928000.0,2.46,20817000.0,0.6859430605,764344000.0,240021000.0,32485000.0,9356000.0,524323000.0,545000.0,0.0,283496881.85,745296881.85,49.01223462962755,3.472103463018384,0.6201396229969752,1.9748272026197708,,49.01223462962755,0.050233104603347206,9.341534264201925,5.878263287924027,1.1811336585132135,0.592187111221697,17.488073394495412,0.02518546219417616,0.039704635609097476,3.369281744335186,0.01577431104319521,-10.966997363636365,0.6859430604982206,-0.18543046357615894,-0.06551491562684002,0.0526359588645282,-0.08040480388092561,-0.03343083994985374,-0.10189944134078212,-0.09533560864618885,-0.06551491562684002,0.0526359588645282,-0.08040480388092561,Marine Shipping,Industrials,CPLP
2010Q2,2010,Q2,2010-06-30,2010-06-30,13425000.0,31754000.0,13185000.0,3.02,21537000.0,0.6782452604,718916000.0,248197000.0,22389000.0,11202000.0,526246000.0,435000.0,0.0,249722536.91,720108536.91,55.86661717691902,1.9986609534011783,0.6593259852333235,1.909773284930922,,55.86661717691902,0.05409009778522706,7.864285976884802,4.65032657188082,1.0061464760250929,0.5318435754189944,23.48735632183908,0.028591732601904712,0.044169277078267837,1.9261738975183003,0.018673947999488117,-15.673290460679093,0.6782452604396296,-0.2176165803108808,7.213518983491673,0.4293591868587943,-0.26488059155872185,-0.07558588720061808,-0.10104459622338288,-0.13851682456713493,7.213518983491673,0.4293591868587943,-0.26488059155872185,Marine Shipping,Industrials,CPLP
2010Q1,2010,Q1,2010-03-31,2010-03-31,14934000.0,31129000.0,15305000.0,3.86,23298000.0,0.7484339362,719015000.0,195559000.0,46559000.0,8797000.0,523456000.0,185000.0,0.0,230252207.5,702931207.5,50.53484883527121,5.292599749914744,0.659235203716195,2.4238209440629173,0.022320275098880526,50.53484883527121,0.07636570037686836,7.396710703845289,3.854496576603723,1.177405322690339,0.6952591402169546,42.32972972972973,0.045094030205986194,0.04329395075207054,5.217574173013527,0.02077008129176721,-10.223435196696563,0.7484339362009702,0.09971509971509974,34.271951102528256,0.9693576750345301,0.0,0.11239495798319328,0.10011049723756905,0.14885152379522595,34.271951102528256,0.9693576750345301,0.0,Marine Shipping,Industrials,CPLP
2009Q4,2009,Q4,2009-12-31,2009-12-31,13575000.0,29404000.0,13322000.0,3.51,20944000.0,0.712284043,681087000.0,189876000.0,34788000.0,10966000.0,523959000.0,0.0,0.0,248943269.04999998,719391269.05,49.06629179657268,3.172350902790443,0.6959463328473455,2.4963660494217277,0.02046038240183367,49.06629179657268,0.07149402768122354,8.466306252550673,4.584590590239411,1.3110833862626134,0.994475138121547,0.0,0.05422922279247703,0.04317216449587204,3.1146270289987235,0.019931374405912902,15.528867135549872,0.7122840429873487,-0.1986301369863014,0.29439481019399233,0.07513165914138172,-0.06635906600652489,-0.09073543457497613,-0.12577279752704792,-0.12430158417143233,0.29439481019399233,0.07513165914138172,-0.06635906600652489,Marine Shipping,Industrials,CPLP
2009Q3,2009,Q3,2009-09-30,2009-09-30,15528000.0,30498000.0,15213000.0,4.38,23034000.0,0.7552626402,684982000.0,158308000.0,32727000.0,9944000.0,526674000.0,0.0,0.0,227572999.57,700353999.5699999,44.652882983485476,3.291130329847144,0.6919889865719099,2.9941632766505797,0.024568957266018245,44.652882983485476,0.09808727291103418,7.461899126827989,3.66391356855358,1.4375331604846249,3.4821612570839773,0.0,0.2375984853307174,0.04452379770563314,3.217115848753017,0.022669208825925352,16.34393849253088,0.755262640173126,0.0,0.6624171635380269,0.4612040431477077,-0.16219741877146795,0.004929976877099603,0.0010314595152140279,-0.005296194586112201,0.6624171635380269,0.4612040431477077,-0.16219741877146795,Marine Shipping,Industrials,CPLP
2009Q2,2009,Q2,2009-06-30,2009-06-30,15512000.0,31244000.0,15294000.0,4.38,22921000.0,0.7336128537,691712000.0,164090000.0,32999000.0,13613000.0,527622000.0,0.0,0.0,223354089.0,695315089.0,46.28377320640859,2.424079923602439,0.6852562916358254,2.8886586629288806,0.0243275475617237,46.28377320640859,0.09453348772015358,7.148703399052618,3.5996984431407943,1.361168194283625,1.7451005673027333,0.0,0.12119769161691954,0.04516908771280533,2.365679864835084,0.022425518134715026,-58.99474088748019,0.7336128536679042,-0.05399568034557235,10.892510998075787,0.7623832672591759,-0.3909761911630077,-0.023807495741056218,-0.05472273004265692,-0.03641633064516129,10.892510998075787,0.7623832672591759,-0.3909761911630077,Marine Shipping,Industrials,CPLP
2009Q1,2009,Q1,2009-03-31,2009-03-31,16410000.0,30204000.0,15872000.0,4.63,23480000.0,0.7773804794,676214000.0,141085000.0,34167000.0,11483000.0,535129000.0,0.0,0.0,171238134.89999998,631467134.9,39.79490610534558,2.975441957676565,0.7009615299298743,3.3596767905872347,0.026672517550084998,39.79490610534558,0.11631286104121628,5.669386005164878,2.6087467230347348,1.2137231803522697,1.8258379037172456,0.0,0.17497270697030937,0.04466633343882262,2.906818775581294,0.024267465624787418,9.813636019256116,0.7773804794067011,-0.23344370860927155,40.90654982403784,1.085726556245716,0.0,-0.17579331648413368,-0.23332087460287795,-0.24133645619234262,40.90654982403784,1.085726556245716,0.0,Marine Shipping,Industrials,CPLP
2008Q4,2008,Q4,2008-12-31,2008-12-31,21404000.0,36222000.0,20921000.0,6.04,28488000.0,0.7864833527,700154000.0,173192000.0,51220000.0,4997000.0,527979000.0,0.0,0.0,193573543.8,624424543.8,48.851113712988706,10.250150090054033,0.6769939184807914,2.7368469675273683,0.03308000818474982,48.851113712988706,0.12358538500623585,5.344087675998012,2.2609505676509065,1.1176817855328192,0.48504952345356006,0.0,0.05363336226734926,0.051734332732513134,10.13588152891735,0.030570417365322487,8.97420230876217,0.7864833526586053,-0.03514376996805108,1.2276930285116001,0.44564327909252444,-0.07045350761962227,-0.027680125601556367,-0.03559520591150762,-0.05347690358774827,1.2276930285116001,0.44564327909252444,-0.07045350761962227,Marine Shipping,Industrials,CPLP
2008Q3,2008,Q3,2008-09-30,2008-09-30,22194000.0,36037000.0,22103000.0,6.26,29299000.0,0.8130255016,693354000.0,185782000.0,36817000.0,1460000.0,494489000.0,0.0,0.0,271747474.95000005,738070474.95,52.40229114408557,25.21712328767123,0.6836334686177623,2.5513774208480906,0.03362773371461904,52.40229114408557,0.11946259594578593,7.540790713710909,3.061046622397946,1.462722303290954,0.46782914301162476,0.0,0.038208266707576266,0.05197489305607237,24.818493150684933,0.03200962279008991,-11.07049639263454,0.813025501567833,0.19011406844106465,1.3760746089363065,0.7265856811238094,-0.016798651073861567,0.1736500560807563,0.1979273492740325,0.20642978003384094,1.3760746089363065,0.7265856811238094,-0.016798651073861567,Marine Shipping,Industrials,CPLP
2008Q2,2008,Q2,2008-06-30,2008-06-30,18527000.0,32036000.0,18321000.0,5.26,24964000.0,0.7792483456,643804000.0,187816000.0,28535000.0,1692000.0,445848000.0,0.0,0.0,489265490.56,914607490.56,53.31233570171706,16.86465721040189,0.664798603301626,2.2788260851045705,0.030083643184433576,53.31233570171706,0.0986444179409635,15.272365169184667,6.602060378906461,2.6050256131532987,0.5468235548118962,0.0,0.02070654929781443,0.049760486110679646,15.933806146572104,0.0287773918770309,-11.834873141917225,0.7792483456111874,1.1469387755102038,13.294183351168988,0.8185301174323807,-0.2984910369718861,0.18464385706828643,0.9508265768137306,-0.0875996015936255,13.294183351168988,0.8185301174323807,-0.2984910369718861,Marine Shipping,Industrials,CPLP
2008Q1,2008,Q1,2008-03-31,2008-03-31,9497000.0,27063000.0,20080000.0,2.45,21073000.0,0.7786645974,581220000.0,181810000.0,18024000.0,733000.0,399410000.0,0.0,0.0,418321756.65000004,769730756.6500001,56.7393283344303,24.5893587994543,0.6340112177832834,2.0268412078543534,0.017242210038088724,56.7393283344303,0.052235850613277596,15.457331288105532,11.011944736495735,2.3008732008690393,0.9472464988943877,0.0,0.02150497758481814,0.0465624032208114,24.4924965893588,0.016339768074051134,-4.98982234925747,0.7786645974208328,-0.09594095940959402,26.552995625114274,1.0677052407058383,0.0,0.2145821325648415,0.09362045140488254,-0.14371002132196162,26.552995625114274,1.0677052407058383,0.0,Marine Shipping,Industrials,CPLP
2007Q4,2007,Q4,2007-12-31,2007-12-31,8684000.0,22646000.0,23450000.0,2.71,17350000.0,0.7661397156,454914000.0,168398000.0,21545000.0,3734000.0,292975000.0,0.0,0.0,555369795.9599999,809952795.9599999,52.5537066875386,5.769951794322442,0.6034107545602025,1.630066865402202,0.019611487969858402,52.5537066875386,0.05156830841221392,24.523968734434334,15.988305963841546,3.2979595717288803,9.626093965914325,0.0,0.1505177282021666,0.049780837696795435,5.7324584895554365,0.019089322377416392,44.34444234749281,0.766139715623068,0.04633204633204638,0.0,0.0,0.0,0.18608148755810774,0.03380952380952381,0.6996448503297819,0.0,0.0,0.0,Marine Shipping,Industrials,CPLP
2007Q3,2007,Q3,2007-09-30,2007-09-30,8400000.0,18770000.0,13797000.0,2.59,14628000.0,0.779328716,454779000.0,169928000.0,17231000.0,3815000.0,284851000.0,0.0,3445000.0,557503515.1,815909515.1,53.29761925298397,4.516644823066842,0.6035898755219569,1.6153900475495504,0.018894535011501012,53.29761925298397,0.04943270090862012,29.701838843899843,16.592366520833334,3.2808219663622245,10.61797619047619,0.0,0.15998284779245153,0.04127279403842306,4.493315858453473,0.018470509852038023,-6.427590793903339,0.779328716036228,5.999999999999999,0.0,0.0,0.0,0.12393392239723396,6.161125319693094,0.31038085288251493,0.0,0.0,0.0,Marine Shipping,Industrials,CPLP
2007Q2,2007,Q2,2007-06-30,2007-06-30,1173000.0,15943000.0,10529000.0,0.37,13015000.0,0.8163457317,329086000.0,242299000.0,19911000.0,787000.0,86787000.0,0.0,230296000.0,636509217.4,707986217.4,75.99665650969095,25.29987293519695,0.2613298651416347,0.3549333674509593,0.0055609344650662485,75.99665650969095,0.004841126046743899,39.924055535344664,135.65840098039214,2.626957673783218,21.312872975277067,0.0,0.03927672894057921,0.04844630279015212,25.162642947903432,0.003564417811757413,-5.3533155374264085,0.8163457316690711,4.083333333333333,0.0,0.0,0.0,0.012840466926070038,4.1702702702702705,0.28873929008567933,0.0,0.0,0.0,Marine Shipping,Industrials,CPLP
2007Q1,2007,Q1,2007-04-02,2007-03-31,-370000.0,13030000.0,8170000.0,-0.12,12850000.0,0.9861857252,,,,,,,,597327500.0,,,0.0,0.0,0.0,0.0,,0.0,45.84247889485802,-403.5996621621622,0.0,,0.0,,0.0,0.0,0.0,0.0,0.9861857252494244,0.0,0.0,0.0,0.0,0.0,0.0,0.0,0.0,0.0,0.0,Marine Shipping,Industrials,CPLP
