Year,Date,FillingDate,NetIncome,Revenue,OperatingIncome,EPSDiluted,GrossProfit,GrossProfitRatio,TotalAssets,CommonStockEquity,CurrentAssets,CurrentLiability,TotalLiability,Inventory,RetainedEarnings,EnterpriseValue,bookValuePerShare,currentRatio,debtToAssets,debtToEquity,roic,shareholdersEquityPerShare,roe,priceToSalesRatio,peRatio,pbRatio,payoutRatio,inventoryTurnover,dividendYield,assetTurnover,quickRatio,returnOnAssets,priceToFreeCashFlowsRatio,grossProfitMargin,epsdilutedGrowth,fiveYNetIncomeGrowthPerShare,fiveYRevenueGrowthPerShare,fiveYShareholdersEquityGrowthPerShare,grossProfitGrowth,netIncomeGrowth,operatingIncomeGrowth,threeYNetIncomeGrowthPerShare,threeYRevenueGrowthPerShare,threeYShareholdersEquityGrowthPerShare,Industry,Sector,Price,MarketCap,AvgVolume,Symbol
2022,2022-12-31,2023-03-09,33512000.0,320005000.0,41804000.0,1.06,69797000.0,0.218112217,462576000.0,215715000.0,88743000.0,55909000.0,145447000.0,5289000.0,12847000.0,324233470.0,6.852663680548938,1.5872757516678888,0.04427812943170419,0.09494935447233618,0.13635507828034762,6.852663680548938,0.15535312796977493,0.9768174559772503,9.327598173788493,1.4490715527432028,0.58388040105037,47.30724144450747,0.06259707913781425,0.6917890249386047,1.4005437407215295,0.07244647366054444,-23.301265001863584,0.21811221699660943,26.91687041564792,2.5477307570650325,0.8276930768842062,-0.3372783113270482,3.225,27.5968253968254,109.02067183462532,-0.6448916744471018,0.26776921759380967,-0.21717458983643728,Oil & Gas Equipment & Services,Energy,8.97,410786523,255931,SOI
2021,2021-12-31,2022-02-24,-1260000.0,159189000.0,-387000.0,-0.0409,16520000.0,0.1037760147,406223000.0,203149000.0,81068000.0,29299000.0,108347000.0,1654000.0,5925000.0,172671300.0,6.598746183330085,2.766920372708966,0.018511999566740437,0.037017164741150584,-0.0035250022652054055,6.598746183330085,-0.006202344092267252,1.2667225750522964,-160.03833333333333,0.9926128112862973,-15.363492063492064,86.25695284159613,0.09599882567817333,0.3918758908284366,2.3760879210894568,-0.003101744608257041,-63.71194312796209,0.10377601467438077,0.9768926553672317,-1.1474740326457864,1.8763191302024746,-0.06585742085563509,0.6210381709351388,0.9753390875462392,-1.0108233583174853,-1.0247682434298355,-0.32667787905831697,0.005468781312417556,Oil & Gas Equipment & Services,Energy,8.97,410786523,255931,SOI
2020,2020-12-31,2021-02-23,-51093000.0,102976000.0,35756000.0,-1.77,10191000.0,0.0989648073,411896000.0,201254000.0,81732000.0,20207000.0,96417000.0,954000.0,20549000.0,183198100.00000003,6.960193671104963,4.044736972336319,0.019898226736846193,0.04072465640434476,0.13975258595287893,6.960193671104963,-0.2538732149423117,2.2856597653822255,-4.60666040357779,1.1695076868037406,-0.3753156009629499,97.25890985324948,0.08147238304596077,0.2500048555946161,3.890186569010739,-0.12404344786062502,6.005513880383752,0.09896480733374767,-1.591973244147157,0.0,1.5321705714409015,0.04194516034505439,-0.9198196709703307,-1.565438247011952,-0.6687112017048087,-6.888564553325469,-0.3597047918103743,-0.3268790767744243,Oil & Gas Equipment & Services,Energy,8.97,410786523,255931,SOI
2019,2019-12-31,2020-02-19,90360000.0,241687000.0,107930000.0,2.99,127101000.0,0.525890925,505072000.0,263847000.0,117582000.0,20387000.0,95414000.0,7144000.0,74222000.0,363703000.0,8.753757340499652,5.76749889635552,0.017049054392245067,0.03263633848404568,0.3233865245908537,8.753757340499652,0.34247120490284144,1.7459524095214058,4.6699203187251,1.599313238354046,0.21314741035856574,16.039473684210527,0.045642622531246,0.47851989419330315,5.171727080982979,0.17890518579529255,5.273422562141492,0.5258909250394105,0.8805031446540881,0.0,4.701324623734598,0.3104427156436605,0.07829679652504412,1.1295750748273667,0.08705067128627111,9.802315098345659,3.460390828889682,0.23921381912155534,Oil & Gas Equipment & Services,Energy,8.97,410786523,255931,SOI
2018,2018-12-31,2019-02-27,42431000.0,197196000.0,99287000.0,1.59,117872000.0,0.597740319276253,425157000.0,168521000.0,80765000.0,35325000.0,117729000.0,10470000.0,43317000.0,298579020.0,6.562855362567178,2.286341118188252,0.03057693981282209,0.07714172120981955,0.4748059719090935,6.562855362567178,0.2517846440502964,1.5743068824925455,7.31651434092998,1.842185959019944,0.11107445028399048,7.576313276026743,0.015181334322358773,0.46381924794840496,1.83447983014862,0.099800779476758,-6.942017441860465,0.597740319276253,4.888888888888888,0.0,4.460306765627071,-0.0175366223701829,1.6866637795455064,10.66969196919692,2.8995718942696675,0.0,4.460306765627071,-0.0175366223701829,Oil & Gas Equipment & Services,Energy,8.97,410786523,255931,SOI
2017,2017-12-31,2018-03-06,3636000.0,67395000.0,25461000.0,0.27,43873000.0,0.6509830106090956,287060000.0,125292000.0,87554000.0,20501000.0,45500000.0,7532000.0,3636000.0,196215970.0,10.34018321366675,4.270718501536511,0.0,0.0,0.09428219569071579,10.34018321366675,0.029020208792261276,3.849320721121745,71.34900165016501,2.070562925007183,7.100660066006601,3.1229421136484334,0.0995201040208273,0.23477670173482895,3.7266474806107017,0.012666341531387166,-3.857333581146383,0.6509830106090956,-0.027113806635747435,0.0,2.954692365417468,0.5479316188123877,4.471813419805438,0.2971815911523368,7.899335896539672,0.0,2.954692365417468,0.5479316188123877,Oil & Gas Equipment & Services,Energy,8.97,410786523,255931,SOI
2016,2016-12-31,2016-12-31,2803000.0,18157000.0,2861000.0,0.27752475247524755,8018000.0,0.44159277413669656,77236000.0,71346000.0,9846000.0,3075000.0,5890000.0,1365000.0,2079000.0,116128000.0,7.063960396039604,3.2019512195121953,0.03368895333782174,0.03647015950438707,0.037982036827582985,7.063960396039604,0.039287416253188684,6.424794844963375,41.617909382804136,1.6350601295097134,0.0,7.427838827838828,0.0,0.23508467553990367,2.6575609756097562,0.0362913667201823,-18.18755846585594,0.44159277413669656,0.0,0.0,0.2782118972192891,0.057479101203533514,0.5968930491933878,0.0,3.3586150041220115,0.0,0.2782118972192891,0.057479101203533514,Oil & Gas Equipment & Services,Energy,8.97,410786523,255931,SOI
2015,2015-12-31,2015-12-31,0.0,14205000.0,-1213000.0,0.0,5021000.0,0.3534670890531503,70553000.0,67468000.0,10703000.0,2672000.0,3085000.0,1692000.0,-724000.0,110261000.0,6.68,4.0056137724550895,0.0024662310603376187,0.002579000415011561,-0.018779326470981034,6.68,0.0,8.212249208025343,0.0,1.729041916167665,0.0,5.42789598108747,0.0,0.2013380012189418,3.230538922155689,0.0,-4.550791916985254,0.3534670890531503,0.0,0.0,0.0,0.0,0.0,0.0,0.0,0.0,0.0,0.0,Oil & Gas Equipment & Services,Energy,8.97,410786523,255931,SOI
TTM,,,,,,,,,,,,,,,,447118523.0,6.658806945601333,1.5552159997106743,0.08141049222195443,0.1852651937954659,0.1562192705004887,6.658806945601333,0.18796798591872513,1.1878897291013615,7.048018426219605,1.3470881605788847,0.5115289734682575,35.067445217163105,0.047937569676700105,0.7311066854405304,1.3406448346322852,0.08398767013814012,-41.045815647482016,0.22718413473216661,,,,,,,,,,,Oil & Gas Equipment & Services,Energy,8.97,410786523,255931,SOI
