Quarters,Year,Quarter,FillingDate,Date,NetIncome,Revenue,OperatingIncome,EPSDiluted,GrossProfit,GrossProfitRatio,TotalAssets,CommonStockEquity,CurrentAssets,CurrentLiability,TotalLiability,Inventory,RetainedEarnings,MarketCap,EnterpriseValue,bookValuePerShare,currentRatio,debtToAssets,debtToEquity,roic,shareholdersEquityPerShare,roe,priceToSalesRatio,peRatio,pbRatio,payoutRatio,inventoryTurnover,dividendYield,assetTurnover,quickRatio,returnOnAssets,priceToFreeCashFlowsRatio,grossProfitMargin,epsdilutedGrowth,fiveYNetIncomeGrowthPerShare,fiveYRevenueGrowthPerShare,fiveYShareholdersEquityGrowthPerShare,grossProfitGrowth,netIncomeGrowth,operatingIncomeGrowth,threeYNetIncomeGrowthPerShare,threeYRevenueGrowthPerShare,threeYShareholdersEquityGrowthPerShare,Industry,Sector,Symbol
2023Q1,2023,Q1,2023-05-04,2023-03-31,11937000.0,82722000.0,14882000.0,0.38,21082000.0,0.2548536061,472998000.0,207848000.0,86005000.0,55301000.0,162588000.0,7621000.0,13081000.0,266567559.99999997,302899560.0,6.658806945601333,1.5552159997106743,0.08141049222195443,0.1852651937954659,0.04758089296248171,6.658806945601333,0.05743139217120203,3.2224506177316794,5.582800536148111,1.2825120280204765,0.4725642958867387,8.088177404540087,0.0211616147141085,0.1748886887470983,1.3406448346322852,0.025236893179252342,-126.93693333333331,0.25485360605401225,0.52,0.540274540621555,0.75735324922063,0.21268620536457242,0.1273193946847762,0.4943665498247371,0.4760960126958937,1.5874759446586677,0.6241146021835386,-0.10394194767580132,Oil & Gas Equipment & Services,Energy,SOI
2022Q4,2022,Q4,2023-03-09,2022-12-31,7988000.0,84054000.0,10082000.0,0.25,18701000.0,0.2224879244,462576000.0,215715000.0,88743000.0,55909000.0,145447000.0,5289000.0,12847000.0,314185200.0,325832200.0,6.817793931731985,1.5872757516678888,0.04427812943170419,0.09494935447233618,0.03270894800916651,6.817793931731985,0.0370303409591359,3.7378970661717466,9.833037055583373,1.4564828593282804,0.6124186279419128,12.356400075628663,0.015570434253427598,0.18170851924872886,1.4005437407215295,0.01726851371450313,142.81145454545455,0.22248792442953338,-0.3055555555555555,1.8713712600084285,1.517442167488515,0.2996535314743696,-0.08498874645268617,-0.30611535788742184,-0.27908473364318914,-0.47992094568153854,0.30732448077236585,-0.20069275113885898,Oil & Gas Equipment & Services,Energy,SOI
2022Q3,2022,Q3,2022-11-02,2022-09-30,11512000.0,92325000.0,13985000.0,0.36,20438000.0,0.2213701598,460129000.0,213545000.0,95688000.0,60845000.0,147380000.0,5615000.0,11509000.0,295766640.0,302182640.0,6.75796702427292,1.572651820198866,0.0366179919109641,0.07890140251469245,0.048205538697625235,6.75796702427292,0.053909012152005435,3.203537936636881,6.423007296733842,1.385031913648177,0.42546907574704657,12.802671415850401,0.016560353121636708,0.20065025242921006,1.339880023009286,0.025019070738858017,-52.04410346647897,0.22137015976171134,0.3846153846153845,1.6682993451684165,0.5970274775506729,0.09569889467936718,0.11427325264420456,0.38882856798166243,0.3548730866111219,-0.010710329139276893,0.5172084633545798,-0.1779946499293747,Oil & Gas Equipment & Services,Energy,SOI
2022Q2,2022,Q2,2022-08-02,2022-06-30,8289000.0,86711000.0,10322000.0,0.26,18342000.0,0.2115302557,442420000.0,208270000.0,92944000.0,58544000.0,137825000.0,4317000.0,7601000.0,341980160.0,335410160.0,6.62604988546704,1.58759223831648,0.0198476560734144,0.04216161713160801,0.03701988804356464,6.62604988546704,0.039799298986892016,3.943907462720993,10.314276752322357,1.642003937196908,0.5899384726746291,15.837155432012972,0.014299075127633133,0.19599249581845304,1.4041575567094835,0.018735590615252474,-77.28365197740114,0.21153025567690373,0.44444444444444453,15.964921140044709,1.081015961085806,0.12485257321148172,0.4894031668696711,0.44861936385879064,0.3924187238634831,-0.39194237978353064,0.31730553193428696,-0.17279435791119022,Oil & Gas Equipment & Services,Energy,SOI
2022Q1,2022,Q1,2022-04-29,2022-03-31,5722000.0,56915000.0,7413000.0,0.18,12315000.0,0.2163752965,412901000.0,204894000.0,81001000.0,33968000.0,112862000.0,2136000.0,5598000.0,352688310.0,334941310.0,6.5589167386920195,2.3846267074894016,0.017875955737573897,0.03602350483664724,0.026330425493440078,6.5589167386920195,0.027926635235780452,6.1967549855047,15.409310992659908,1.721320829306861,0.8540720027962251,20.880149812734082,0.013856427506769365,0.13784175867823037,2.0838730569948187,0.013858043453515491,-64.04363718903214,0.2163752964947729,4.084745762711864,-0.5939803767848072,0.8706282402959502,-0.12229816908883245,0.9290413533834586,4.187669990933816,4.864715189873418,-0.5831902227976713,-0.07363742374736999,0.00906411364492608,Oil & Gas Equipment & Services,Energy,SOI
2021Q4,2021,Q4,2022-02-24,2021-12-31,1103000.0,45949000.0,1264000.0,0.0354,6384000.0,0.1389366472,406223000.0,203149000.0,81068000.0,29299000.0,108347000.0,1654000.0,5925000.0,203894950.0,174917950.0,6.526036814545922,2.766920372708966,0.018511999566740437,0.037017164741150584,0.0038679396698268692,6.526036814545922,0.0054295123283895075,4.437418659818494,46.21372393472348,1.0036719353774815,4.495013599274706,23.92079806529625,0.024316443344967593,0.11311274841651014,2.44093655073552,0.0027152573832599338,-175.77150862068964,0.13893664715227752,0.18000000000000008,-0.8723241908187589,1.0453343790014038,-0.07615042431371326,0.5666257668711656,0.2620137299771167,-0.36957605985037406,-0.9256136602212085,-0.3036249571449115,0.047521055734698794,Oil & Gas Equipment & Services,Energy,SOI
2021Q3,2021,Q3,2021-11-01,2021-09-30,874000.0,49377000.0,2005000.0,0.03,4075000.0,0.08252830265103185,414769000.0,204813000.0,87852000.0,33684000.0,114093000.0,1223000.0,8640000.0,259644879.99999997,224468879.99999997,6.5945328095820726,2.6081225507659425,0.01845605626264258,0.03737555721560643,0.006726887471327186,6.5945328095820726,0.004267307251004575,5.25841748182352,74.26913043478261,1.2677167953206094,5.498855835240275,37.04170073589534,0.018509897056317844,0.11904698760032693,2.3836836480228003,0.002107197018099231,155.38293237582283,0.08252830265103185,1.7500000000000002,0.0,2.3819086913128213,0.0,0.23784933171324424,1.721717588769612,1.9867125984251968,-0.943374522129174,-0.2652713721007881,0.0914022832453395,Oil & Gas Equipment & Services,Energy,SOI
2021Q2,2021,Q2,2021-08-05,2021-06-30,-1211000.0,35179000.0,-2032000.0,-0.04,3292000.0,0.09357855538815771,411568000.0,206137000.0,83369000.0,28293000.0,108854000.0,1939000.0,11137000.0,301784160.0,263297160.0,6.653014459075652,2.9466299084579224,0.01892518368775026,0.037785550386393515,-0.00821197814774081,6.653014459075652,-0.00587473379354507,8.578531510276017,-62.300611065235344,1.463998020733784,-3.9611890999174237,16.445074780814853,0.015895466481739798,0.08547554717567936,2.7433287385572402,-0.0029424056292034367,-79.52151778656126,0.09357855538815771,0.0,0.0,2.8533144665023085,0.0,0.1884476534296029,-0.03592814371257485,0.027285782671134514,-1.0942023250421318,-0.3850268510906796,0.17736681054869682,Oil & Gas Equipment & Services,Energy,SOI
2021Q1,2021,Q1,2021-05-03,2021-03-31,-1169000.0,28669000.0,-2089000.0,-0.04,2770000.0,0.09662004255467578,409844000.0,209915000.0,79924000.0,20793000.0,101673000.0,1509000.0,15715000.0,367572390.0,320585390.0,7.007210334813232,3.8437935843793585,0.019697738651779702,0.03845842364766691,-0.00832023951547404,7.007210334813232,-0.005568920753638377,12.821249084376854,-78.60829555175363,1.7510534740252006,-4.103507271171942,17.163021868787276,0.013050490544189133,0.06995100574852871,3.6782090126484874,-0.002852304779379471,3088.843613445378,0.09662004255467578,0.3333333333333333,-2.1033720511210423,2.0743482537013826,0.0,1.125863392171911,0.18593314763231197,0.38900263234863997,-1.1571696047077258,-0.365397623724514,0.276136608334827,Oil & Gas Equipment & Services,Energy,SOI
2020Q4,2020,Q4,2021-02-23,2020-12-31,-1436000.0,25276000.0,-3419000.0,-0.06,1303000.0,0.05155087830352904,411896000.0,201254000.0,81732000.0,20207000.0,96417000.0,954000.0,20549000.0,235604160.00000003,183434160.00000003,6.953220011055832,4.044736972336319,1.570784858313749e-06,3.2148429347988116e-06,-0.012821537871974284,6.953220011055832,-0.0071352619078378565,9.321259692989399,-41.01743732590529,1.170680632434635,-3.314066852367688,25.128930817610062,0.020199134005104154,0.06136500475848272,3.890186569010739,-0.0034863169343717832,57.70368846436445,0.05155087830352904,0.5,-1.1787698049965025,0.21004973455916712,-0.01567681283233952,2.835211267605634,0.5625951873286628,0.46628161098969717,-1.5642657084945641,-0.17246306073890888,0.3254693575332621,Oil & Gas Equipment & Services,Energy,SOI
2020Q3,2020,Q3,2020-10-29,2020-09-30,-3283000.0,20531000.0,-6406000.0,-0.12,-710000.0,-0.03458185183381229,417182000.0,205198000.0,82777000.0,17834000.0,94281000.0,1073000.0,25098000.0,182509580.0,129664580.0,7.128148122416368,4.641527419535718,0.0,0.0,-0.026105529618801287,7.128148122416368,-0.015999181278569967,8.889463737762409,-13.8980795004569,0.8894315734071483,-1.4955833079500458,19.795899347623486,0.026902697381693607,0.049213532702753235,4.429068072221599,-0.007869467043161018,77.86244880546074,-0.03458185183381229,0.4000000000000001,0.0,0.5171354581243072,0.0,0.8419764077453817,0.40740072202166067,0.40314916612317153,-1.835279037932908,-0.6101656480585448,0.15571798305463322,Oil & Gas Equipment & Services,Energy,SOI
2020Q2,2020,Q2,2020-07-30,2020-06-30,-5540000.0,9338000.0,-10733000.0,-0.2,-4493000.0,-0.48115228100235596,419848000.0,210314000.0,80617000.0,11015000.0,87368000.0,1016000.0,31516000.0,212493960.0,157084960.0,7.343878762483413,7.3188379482523835,0.0,0.0,-0.043311359049090746,7.343878762483413,-0.02634156546877526,22.755832083958023,-9.58907761732852,1.0103652633681068,-0.8577617328519855,13.613188976377952,0.02236298857624,0.02224138259560603,6.790013617793917,-0.013195251614870144,9.765347426470589,-0.48115228100235596,0.6923076923076923,0.0,0.10662284565135284,0.0,-1.3154532050831989,0.7096588229128452,0.7271802953661575,-13.44482521330396,-0.7540287109822672,0.24671275739276366,Oil & Gas Equipment & Services,Energy,SOI
2020Q1,2020,Q1,2020-05-01,2020-03-31,-19081000.0,47830000.0,-39341000.0,-0.65,14243000.0,0.2977838176876437,445526000.0,217824000.0,100817000.0,24854000.0,99794000.0,2840000.0,40145000.0,153888000.0,116354000.0,7.431222707423581,4.056369196105255,0.0,0.0,-0.14689927180940096,7.431222707423581,-0.08759824445423828,3.2173949404139663,-2.016246527959751,0.7064786249449097,-0.24920077564068968,11.826408450704225,0.030899095446038676,0.10735624856910708,3.839100346020761,-0.0428280279938769,13.983462062698774,0.2977838176876437,-2.3541666666666665,-50.76942393322559,4.241960756330766,0.0,-0.590259198527085,-2.270711241342568,-2.307618161271023,-2.442952294265796,0.6753779614718913,-0.0055678344355658835,Oil & Gas Equipment & Services,Energy,SOI
2019Q4,2019,Q4,2020-02-19,2019-12-31,15016000.0,62858000.0,30086000.0,0.48,34761000.0,0.5530083680677081,505072000.0,263847000.0,117582000.0,20387000.0,95414000.0,7144000.0,74222000.0,433062000.0,374791000.0,8.529628552031811,5.76749889635552,0.0,0.0,0.09254574672100588,8.529628552031811,0.056911770836886526,6.889528779153012,7.210009323388386,1.6413375933779804,0.3320458177943527,3.9329507278835387,0.01151336298266761,0.12445354325719897,5.171727080982979,0.029730414673551493,17.760088582677167,0.5530083680677081,0.3333333333333333,0.7491638534847258,1.8157360463748549,0.20748533029912394,0.24261814542074783,0.3174241094928935,0.3199666564296056,0.7491638534847258,1.8157360463748549,0.20748533029912394,Oil & Gas Equipment & Services,Energy,SOI
2019Q3,2019,Q3,2019-10-30,2019-09-30,11398000.0,59604000.0,22793000.0,0.36,27974000.0,0.46933091738809474,506140000.0,254458000.0,108528000.0,35069000.0,114608000.0,7481000.0,62517000.0,415362420.0,372402420.0,8.221317566476042,3.0946990219281987,0.0,0.0,0.07252986445372883,8.221317566476042,0.04479324682265835,6.968700422790417,9.110423319880681,1.6323417617052718,0.4175293911212493,4.228044379093704,0.01145746406234825,0.1177618840636978,2.7819156520003423,0.02251946101869048,15.433523575967005,0.46933091738809474,-0.14285714285714285,0.0,3.0964851445896344,0.0,-0.13655163899006112,-0.14139359698681733,-0.16579438568239213,0.0,3.0964851445896344,0.0,Oil & Gas Equipment & Services,Energy,SOI
2019Q2,2019,Q2,2019-07-31,2019-06-30,13275000.0,64101000.0,27323000.0,0.42,32398000.0,0.5054211322756276,492726000.0,245183000.0,88486000.0,33613000.0,116543000.0,8639000.0,54284000.0,453625380.0,432747380.0,8.010160410336828,2.632493380537292,0.0,0.0,0.09078950996192886,8.010160410336828,0.054143231790132265,7.076728600177844,8.542850847457627,1.8501502143297048,0.3584180790960452,3.669753443685612,0.010488831114343735,0.13009461648055917,2.2033736947014546,0.026941951510575858,17.392277432712216,0.5054211322756276,-0.023255813953488393,0.0,6.107291208889648,0.0,0.009692398790787546,0.07777867987334579,-0.01457063512100119,0.0,6.107291208889648,0.0,Oil & Gas Equipment & Services,Energy,SOI
2019Q1,2019,Q1,2019-05-01,2019-03-31,12317000.0,55124000.0,27727000.0,0.43,32087000.0,0.5820876569189464,431553000.0,182182000.0,64438000.0,26036000.0,111116000.0,10399000.0,51983000.0,467226760.00000006,466976760.00000006,6.5,2.4749577508065754,0.0,0.0,0.12300724502862839,6.5,0.06760821595986431,8.475922647122852,9.483371762604532,2.5646153846153847,0.3862141755297556,2.215309164342725,0.01018135177017686,0.1277340210819992,1.908165616838224,0.0285411061908966,176.97983333333335,0.5820876569189464,-0.08510638297872336,35.94865651783537,5.318113910807477,0.0,-0.008007172447907005,-0.04408226620100893,-0.015900621118012423,35.94865651783537,5.318113910807477,0.0,Oil & Gas Equipment & Services,Energy,SOI
2018Q4,2018,Q4,2019-02-27,2018-12-31,12885000.0,57337000.0,28175000.0,0.47,32346000.0,0.5641383399898844,425157000.0,168521000.0,80765000.0,35325000.0,117729000.0,10470000.0,43317000.0,327034500.0,315166500.0,6.229981515711645,2.286341118188252,0.03057693981282209,0.07714172120981955,0.13616450142066505,6.229981515711645,0.07645931367604038,5.703725343146659,6.345256111757858,1.9406157096148253,0.3657741559953434,2.386914995224451,0.014411323575952996,0.13486076908059846,1.83447983014862,0.030306451499093275,14.368826889279438,0.5641383399898844,-0.04081632653061228,0.7163878416510432,1.9371161416349405,-0.11806109230107334,-0.06824139420999568,-0.010292649205008065,-0.08493017213380968,0.7163878416510432,1.9371161416349405,-0.11806109230107334,Oil & Gas Equipment & Services,Energy,SOI
2018Q3,2018,Q3,2018-10-31,2018-09-30,13019000.0,56686000.0,30790000.0,0.49,34715000.0,0.6124087076174011,372824000.0,158289000.0,53703000.0,22385000.0,84076000.0,8575000.0,33182000.0,494337390.0,500457390.0,6.042256746955759,2.3990618717891445,0.021457846061412357,0.05054046712026736,0.15939464530689038,6.042256746955759,0.0822482926798451,8.720625727692905,9.492614448114296,3.123005325701723,0.0,2.562215743440233,0.0,0.1520449327296526,1.6374804556622737,0.03491996223419093,-49.84747302611677,0.6124087076174011,0.22499999999999992,0.0,3.6029357818581453,0.0,0.19266843027450442,0.2285552514862697,0.24173253750604937,0.0,3.6029357818581453,0.0,Oil & Gas Equipment & Services,Energy,SOI
2018Q2,2018,Q2,2018-08-01,2018-06-30,10597000.0,47155000.0,24796000.0,0.4,29107000.0,0.6172622203371859,337808000.0,144326000.0,49371000.0,21873000.0,74718000.0,6973000.0,20163000.0,364980890.0,359742890.0,5.650757605418739,2.2571663694966397,0.0,0.0,0.14882439498987582,5.650757605418739,0.07342405387802614,7.74002523592408,8.610476785882797,2.528864445768607,0.0,2.588269037716908,0.0,0.13959112868848578,1.487953184291135,0.0313698905887368,-17.51347840690979,0.6172622203371859,0.7391304347826088,0.0,5.265825545938577,0.0,0.34108920014743827,0.7870151770657673,0.5970629911116836,0.0,5.265825545938577,0.0,Oil & Gas Equipment & Services,Energy,SOI
2018Q1,2018,Q1,2018-05-08,2018-03-31,5930000.0,36018000.0,15526000.0,0.23,21704000.0,0.6025875950913432,309863000.0,131146000.0,59792000.0,18186000.0,69711000.0,7124000.0,9566000.0,395519039.99999994,369312039.99999994,5.4909562887288565,3.2878038051248213,0.0,0.0,0.10268571249824063,5.4909562887288565,0.04521678129718024,10.981149425287354,16.674495784148398,3.015868116450368,0.0,2.0092644581695676,0.0,0.11623846667720895,2.5557571758495548,0.01913748979387665,-10.770335756882606,0.6025875950913432,1.615866666666667,20.74537033984468,3.844526854350736,0.0,0.34091189917212406,1.8238095238095238,0.4264976111723631,20.74537033984468,3.844526854350736,0.0,Oil & Gas Equipment & Services,Energy,SOI
2017Q4,2017,Q4,2018-03-06,2017-12-31,2100000.0,25204000.0,10884000.0,0.08792497069167643,16186000.0,0.6421996508490716,287060000.0,125292000.0,87554000.0,20501000.0,45500000.0,7532000.0,3636000.0,511356440.0,448147440.0,5.245854965667393,4.270718501536511,0.0,0.0,0.023561111015368827,5.245854965667393,0.01676084666219711,20.288701793366133,60.87576666666667,4.0813175621747595,0.0,1.1972915560276156,0.0,0.08780045983418101,3.7266474806107017,0.007315543788754964,-16.387003364845377,0.6421996508490716,-0.2672919109026964,-0.6831815183781905,0.4622304783634459,-0.2573776364023117,0.33086663377733927,0.5228426395939086,0.34669636228656275,-0.6831815183781905,0.4622304783634459,-0.2573776364023117,Oil & Gas Equipment & Services,Energy,SOI
2017Q3,2017,Q3,2017-11-02,2017-09-30,1379000.0,18478000.0,8082000.0,0.12,12162000.0,0.658188115596926,217189000.0,62294000.0,74225000.0,9975000.0,21790000.0,6675000.0,1536000.0,176043000.0,122266000.0,6.167722772277227,7.4411027568922306,0.0,0.0,0.11934257946066026,6.167722772277227,0.022136963431470126,9.527167442363892,31.91497461928934,2.8260025042540216,0.0,0.9462172284644195,0.0,0.08507797356219698,6.39609022556391,0.00634930866664518,-10.9445446067765,0.658188115596926,11.0,0.0,2.8917438921651226,0.0,0.38361774744027305,7.7834394904458595,4.108723135271807,0.0,2.8917438921651226,0.0,Oil & Gas Equipment & Services,Energy,SOI
2017Q2,2017,Q2,2017-08-14,2017-06-30,157000.0,13389000.0,1582000.0,0.01,8790000.0,0.6565090746134887,204747000.0,59495000.0,86954000.0,6260000.0,18174000.0,4348000.0,157000.0,116453000.0,46591000.0,5.890594059405941,13.890415335463258,0.0,0.0,0.018033471024881082,5.890594059405941,0.0026388772165728213,8.697662260064233,185.43471337579618,1.9573577611563995,0.0,1.0577276908923643,0.0,0.06539289952966344,12.3814696485623,0.0007668000019536306,-7.670465024370966,0.6565090746134887,-0.977833538742541,0.0,3.4989919354838714,0.0,0.30492874109263657,-0.9671685487243831,-0.6738816738816739,0.0,3.4989919354838714,0.0,Oil & Gas Equipment & Services,Energy,SOI
2017Q1,2017,Q1,2017-06-12,2017-03-31,4782000.0,10324000.0,4851000.0,0.451132,6736000.0,0.6524602867105773,87088000.0,79212000.0,12028000.0,5077000.0,7876000.0,1816000.0,6861000.0,122430000.00000001,123814000.00000001,7.472830188679246,2.3691156194603114,0.029774480984751057,0.03273493915063374,0.05886105979860004,7.472830188679246,0.06036964096349038,11.858775668345604,6.400564617314932,1.5455991516436904,0.0,1.975770925110132,0.0,0.11854675730295793,1.44691747094741,0.05490997611611244,-25.596905707714825,0.6524602867105773,0.6255559043881553,36.87743277373347,2.1288227951413896,0.0,0.5410661175932281,0.7060292543703175,0.5915354330708661,36.87743277373347,2.1288227951413896,0.0,Oil & Gas Equipment & Services,Energy,SOI
2016Q4,2016,Q4,2016-12-31,2016-12-31,2803000.0,7289000.0,3048000.0,0.27752475247524755,4371000.0,0.5996707367265743,77236000.0,71346000.0,9846000.0,3075000.0,5890000.0,1365000.0,2079000.0,116655000.0,116128000.0,7.063960396039604,3.2019512195121953,0.03368895333782174,0.03647015950438707,0.04085561167263665,7.063960396039604,0.039287416253188684,16.004252983948415,10.404477345701034,1.6350601295097134,0.0,2.1377289377289377,0.0,0.09437309026878658,2.6575609756097562,0.0362913667201823,-94.76441917140536,0.5996707367265743,0.0,0.0,0.0,0.0,1.2981072555205047,0.0,3.2099447513812156,0.0,0.0,0.0,Oil & Gas Equipment & Services,Energy,SOI
2016Q3,2016,Q3,2016-09-30,2016-09-30,0.0,4748000.0,724000.0,0.0,1902000.0,0.4005897219882056,,,,,,,,116655000.0,,,0.0,0.0,0.0,0.0,,0.0,24.569292333614154,0.0,0.0,0.0,0.0,0.0,0.0,0.0,0.0,-100.13304721030043,0.4005897219882056,0.0,0.0,0.0,0.0,2.325174825174825,0.0,1.9222929936305733,0.0,0.0,0.0,Oil & Gas Equipment & Services,Energy,SOI
2016Q2,2016,Q2,2016-06-30,2016-06-30,0.0,2976000.0,-785000.0,0.0,572000.0,0.1922043010752688,,,,,,,,116655000.0,,,0.0,0.0,0.0,0.0,,0.0,39.198588709677416,0.0,0.0,0.0,0.0,0.0,0.0,0.0,0.0,-232.8443113772455,0.1922043010752688,1.0,0.0,0.0,0.0,-0.5123614663256607,1.0,-5.23015873015873,0.0,0.0,0.0,Oil & Gas Equipment & Services,Energy,SOI
2016Q1,2016,Q1,2016-03-31,2016-03-31,-127000.0,3144000.0,-126000.0,-0.012574,1173000.0,0.37309160305343514,,,,,,,,116655000.0,,,0.0,0.0,0.0,0.0,,0.0,37.104007633587784,-229.63582677165354,0.0,0.0,0.0,0.0,0.0,0.0,0.0,-33.16889394370202,0.37309160305343514,0.0,0.0,0.0,0.0,0.0,0.0,0.0,0.0,0.0,0.0,Oil & Gas Equipment & Services,Energy,SOI
