Quarters,Year,Quarter,FillingDate,Date,NetIncome,Revenue,OperatingIncome,EPSDiluted,GrossProfit,GrossProfitRatio,TotalAssets,CommonStockEquity,CurrentAssets,CurrentLiability,TotalLiability,Inventory,RetainedEarnings,MarketCap,EnterpriseValue,bookValuePerShare,currentRatio,debtToAssets,debtToEquity,roic,shareholdersEquityPerShare,roe,priceToSalesRatio,peRatio,pbRatio,payoutRatio,inventoryTurnover,dividendYield,assetTurnover,quickRatio,returnOnAssets,priceToFreeCashFlowsRatio,grossProfitMargin,epsdilutedGrowth,fiveYNetIncomeGrowthPerShare,fiveYRevenueGrowthPerShare,fiveYShareholdersEquityGrowthPerShare,grossProfitGrowth,netIncomeGrowth,operatingIncomeGrowth,threeYNetIncomeGrowthPerShare,threeYRevenueGrowthPerShare,threeYShareholdersEquityGrowthPerShare,Industry,Sector,Symbol
2023Q1,2023,Q1,2023-05-12,2023-03-31,550000.0,19303000.0,875000.0,0.03,10520000.0,0.5449930063,95374000.0,59941000.0,61279000.0,18467000.0,35433000.0,4311000.0,12303000.0,127619760.0,132110760.0,3.578994506806783,3.3182975036551685,0.1478809738503156,0.2352980430756911,0.010866350103075092,3.578994506806783,0.009175689427937473,6.611395119929544,58.008981818181816,2.1290896047780317,0.0,2.0373463233588494,0.0,0.20239268563759516,2.891373801916933,0.005766770818042653,-3112.6770731707315,0.5449930062684557,1.2307692307692308,7.500147188695909,2.765172596998733,0.20272369748669974,-0.06762385890277409,1.2250409165302782,1.1719056974459725,1.4718981296829783,6.070390962442265,2.899154771689979,Drug Manufacturers—Specialty & Generic,Healthcare,PRPH
2022Q4,2022,Q4,2023-03-29,2022-12-31,-2444000.0,21823000.0,-5090000.0,-0.13,11283000.0,0.517023324,87648000.0,63631000.0,60833000.0,16075000.0,24017000.0,3976000.0,11753000.0,152587350.0,150438350.0,4.015840959293152,3.7843234836702955,0.07940854326396495,0.10938064779745721,-0.031900724707556664,4.015840959293152,-0.038408951611635836,6.992042798881913,-15.608362315875615,2.398003331709387,-0.0008183306055646482,2.6509054325955734,1.3107246439498423e-05,0.24898457466228552,3.3897978227060652,-0.027884264330047464,-194.3787898089172,0.5170233240159465,-3.166666666666667,-3.904966866519407,2.6928752773096454,0.3507905913425243,-0.05762966675018792,-3.524793388429752,-3.606246799795187,-3.1739644865711347,4.078527790662267,3.141347163256459,Drug Manufacturers—Specialty & Generic,Healthcare,PRPH
2022Q3,2022,Q3,2022-11-10,2022-09-30,968000.0,24200000.0,1953000.0,0.06,11973000.0,0.4947520661,97877000.0,67921000.0,70326000.0,16693000.0,29956000.0,4912000.0,14198000.0,179329440.0,169167440.0,4.272298402314757,4.212903612292577,0.12911102710544867,0.18605438671397653,0.012487369651754452,4.272298402314757,0.0142518514156152,7.410307438016529,46.314421487603305,2.6402650137659927,0.0,2.48921009771987,0.0,0.24724909835814338,3.8524531240639788,0.009889963934325735,86.29905678537055,0.4947520661157025,-0.85,2.2512243026773158,6.9950763419430455,0.8612766327355996,-0.36041666666666666,-0.8699973139940907,-0.815528478322471,2.7827128959776806,5.364529952197974,2.4314279479665366,Drug Manufacturers—Specialty & Generic,Healthcare,PRPH
2022Q2,2022,Q2,2022-08-12,2022-06-30,7446000.0,29092000.0,10587000.0,0.4,18720000.0,0.6434758697,97947000.0,68158000.0,70275000.0,16722000.0,29789000.0,4509000.0,13231000.0,197503680.0,186256680.0,4.375834617360041,4.202547542160029,0.12978447527744597,0.18650782006514274,0.08847303342440609,4.375834617360041,0.10924616332638869,6.788934414959439,6.631200644641418,2.8977329146982016,0.6318828901423583,2.3002883122643603,0.023822340930558863,0.2970177749190889,3.8373400310967587,0.07602070507519373,47.62567639257294,0.6434758696548879,-0.40298507462686567,4.5138763457212665,15.611657614446884,0.590094923903641,-0.34721205146981904,-0.4040339362894189,-0.34429580081753997,5.574651271951754,12.077610587286285,2.452405690464242,Drug Manufacturers—Specialty & Generic,Healthcare,PRPH
2022Q1,2022,Q1,2022-05-13,2022-03-31,12494000.0,47531000.0,16146000.0,0.67,28677000.0,0.6033325619,99665000.0,66445000.0,72555000.0,19770000.0,33220000.0,4680000.0,10490000.0,108402000.0,95398000.0,4.290649619010719,3.6699544764795142,0.12846034214618973,0.1926856798856197,0.15087972982396966,4.290649619010719,0.188035217096847,2.280658938377059,2.169081158956299,1.6314545865001129,0.3718584920761966,4.0286324786324785,0.04285898784155274,0.4769076405959966,3.3406170966110267,0.12535995585210455,5.648290954564402,0.6033325619069659,0.5952380952380953,-0.6912645444740002,67.00205482446553,0.4464747738689778,0.1648793565683646,0.9124445124751263,0.18052204430796226,10.49501974452715,14.302746297499137,2.158007747223722,Drug Manufacturers—Specialty & Generic,Healthcare,PRPH
2021Q4,2021,Q4,2022-03-31,2021-12-31,6533000.0,45157000.0,13677000.0,0.42,24618000.0,0.5451646478,89295000.0,58628000.0,61317000.0,15524000.0,30667000.0,4600000.0,2642000.0,110697630.0,117190630.0,3.7973962044173843,3.949819634114919,0.1668738451201075,0.2541618339360033,0.11847388388862495,3.7973962044173843,0.11143139796684179,2.4513946896383727,4.236094826266646,1.8881358736439926,0.0,4.465,0.0,0.505705806596114,3.541033238855965,0.0731619911529201,-23.82131052291801,0.5451646477843967,2.7499999999999996,12.54669981232955,5.566244471148675,9.880094257607809,5.190093034950968,2.64228255404726,4.750205648478201,11.700951709012797,7.2586542243825285,1.659143718762222,Drug Manufacturers—Specialty & Generic,Healthcare,PRPH
2021Q3,2021,Q3,2021-11-12,2021-09-30,-3978000.0,9472000.0,-3647000.0,-0.24,3977000.0,0.4198690878,72630000.0,48264000.0,43903000.0,9932000.0,24366000.0,8510000.0,-7947000.0,80282800.0,86753800.0,3.1261092039639875,4.420358437374144,0.20658130249208317,0.31087352892424996,-0.049498936331181104,3.1261092039639875,-0.08242168075584286,8.475802364864865,-5.045424836601307,1.6634095806398144,0.0,0.645710928319624,0.0,0.13041442929918767,3.377064035440999,-0.05477075588599752,-14.483637019664442,0.41986908783783783,-1.7149321266968323,-27.35375068891946,1.0199278050165141,7.172187222667412,-0.10949395432154053,-1.9686567164179105,-1.5151724137931035,-1.8537855437267265,1.9030476404900067,0.8314851679246855,Drug Manufacturers—Specialty & Generic,Healthcare,PRPH
2021Q2,2021,Q2,2021-08-13,2021-06-30,-1340000.0,9142000.0,-1450000.0,-0.0884,4466000.0,0.4885145482,76323000.0,47733000.0,58492000.0,14174000.0,28590000.0,15169000.0,-3969000.0,93954800.0,91207800.0,3.149861422726673,4.126710879074362,0.19561600041927074,0.3127815138373871,-0.020604321679590497,3.149861422726673,-0.028072821737581966,10.277269744038504,-17.528880597014926,1.9683405610374374,0.0,0.30826026765113057,0.0,0.11978040695465325,3.026315789473684,-0.017556961859465692,22.738334946757018,0.4885145482388974,-2.4733333333333336,-0.27999655514122784,2.6194264814964443,7.450256472686398,-0.4997199507113252,-2.2677388836329233,-2.1875511875511875,-2.8563720165277506,1.1470537551238962,0.7398810732802875,Drug Manufacturers—Specialty & Generic,Healthcare,PRPH
2021Q1,2021,Q1,2021-05-14,2021-03-31,1057000.0,15271000.0,1221000.0,0.06,8927000.0,0.5845720647,85444000.0,52665000.0,67247000.0,18289000.0,32779000.0,16026000.0,-2574000.0,107693385.0,89791385.0,3.616356519947813,3.676909617803051,0.17350545386451946,0.2814962498813254,0.014263355538330535,3.616356519947813,0.02007025538782873,7.052150153886451,25.471472327341534,2.044875818855027,0.0,0.3958567328091851,0.0,0.17872524694536773,2.7667997156760893,0.012370675530171809,-9.111886369405195,0.5845720646977932,-0.7391304347826088,1.8931984574226934,2.335459215217361,7.242725609451374,3.7737967914438504,2.0807770961145193,1.4581613508442777,17.7867149785455,2.4256237299873846,0.21527922907666544,Drug Manufacturers—Specialty & Generic,Healthcare,PRPH
2020Q4,2020,Q4,2021-03-31,2020-12-31,-978000.0,5163000.0,-2665000.0,0.23,1870000.0,0.3621925237,23239000.0,10556000.0,15887000.0,6294000.0,20849000.0,3039000.0,-3631000.0,106524720.0,101347720.0,0.9096863150637711,2.5241499841118524,0.0705279917380266,0.155267146646457,513.2458161532865,0.9096863150637711,-0.09264873057976507,20.632330040674027,-27.230245398773004,10.09139067828723,0.0,1.0835801250411319,0.0,0.2221696286415078,1.8446139180171592,-0.04208442704075046,-12.93560655737705,0.3621925237265156,7.515580736543909,-0.1344433280119433,-0.0689823783026827,0.7599220690456758,0.7946257197696737,-1.3853658536585365,-3.7001763668430336,-1.6801447776628748,0.19299008947894344,-0.694012853617221,Drug Manufacturers—Specialty & Generic,Healthcare,PRPH
2020Q3,2020,Q3,2020-11-19,2020-09-30,-410000.0,3840000.0,-567000.0,-0.0353,1042000.0,0.2713541667,23033000.0,10761000.0,17910000.0,2145000.0,12272000.0,2138000.0,-2653000.0,40149840.0,39279840.0,0.9273526370217167,8.34965034965035,0.43372552424781835,0.9283523836074714,-0.019688635498033045,0.9273526370217167,-0.03810054827618251,10.4556875,-24.48160975609756,3.7310510175634235,0.0,1.3086997193638914,0.0,0.16671731862979203,7.115151515151515,-0.017800547041201754,-72.21194244604317,0.2713541666666667,-6.883333333333333,-1.9741127758671833,0.2510900726243956,0.5334533941067481,-0.1853010164190774,-6.857142857142857,-10.610169491525424,0.2739300831338059,0.7380939421977901,-0.5959880066759686,Drug Manufacturers—Specialty & Generic,Healthcare,PRPH
2020Q2,2020,Q2,2020-08-11,2020-06-30,70000.0,3623000.0,59000.0,0.006,1279000.0,0.3530223572,12375000.0,10894000.0,10242000.0,1395000.0,1481000.0,2047000.0,-2245000.0,16680888.0,17482888.0,0.9397860593512768,7.341935483870968,0.0,0.0,0.006266883474520706,0.9397860593512768,0.006425555351569671,4.6041645045542365,59.574600000000004,1.5311995593904901,0.0,1.1450903761602345,0.0,0.2927676767676768,5.595698924731183,0.0056565656565656566,3.842637180373186,0.35302235716257246,1.0862068965517242,1.0617746682214448,1.285230941939215,0.8004511684773324,2.0819277108433734,1.086848635235732,1.0726600985221675,1.0443873327255389,1.7797471421144822,-0.6584996524774014,Drug Manufacturers—Specialty & Generic,Healthcare,PRPH
2020Q1,2020,Q1,2020-05-12,2020-03-31,-806000.0,1888000.0,-812000.0,-0.0696,415000.0,0.219809322,11868000.0,10631000.0,9505000.0,1125000.0,1237000.0,1703000.0,-2315000.0,21889980.0,22032980.0,0.9178898290450699,8.448888888888888,0.0,0.0,-0.07609715691416723,0.9178898290450699,-0.07581600978271094,11.59426906779661,-6.789696029776675,2.059070642460728,0.0,0.8649442160892542,0.0,0.15908324907313784,6.721777777777778,-0.06791371755982474,129.52650887573964,0.2198093220338983,-0.8810810810810811,0.19917732964995627,-0.5579215246914271,0.5567881710975721,-0.585,-0.883177570093458,-0.7424892703862661,-1.026630280548866,2.6116259834292714,-0.6905586331212179,Drug Manufacturers—Specialty & Generic,Healthcare,PRPH
2019Q4,2019,Q4,2020-03-26,2019-12-31,-428000.0,3141000.0,-466000.0,-0.037,1000000.0,0.3183699459,12274000.0,11231000.0,9945000.0,933000.0,1043000.0,1459000.0,-1506000.0,22816540.0,23308540.0,0.9696943533068555,10.659163987138264,0.0,0.0,-0.041589469761785555,0.9696943533068555,-0.038108805983438694,7.2641006049028976,-13.327418224299066,2.0315679814798324,-6.759345794392523,1.4674434544208361,0.12679398366272887,0.25590679485090434,8.769560557341908,-0.034870457878442236,-48.44276008492569,0.3183699458771092,-0.08187134502923968,0.14035867883690958,-0.5232596847861375,0.42721345094771596,0.19904076738609114,-0.08354430379746836,-0.010845986984815618,-0.008380857593831491,-0.3911707497953134,1.778315824083815,Drug Manufacturers—Specialty & Generic,Healthcare,PRPH
2019Q3,2019,Q3,2019-11-12,2019-09-30,-395000.0,2766000.0,-461000.0,-0.0342,834000.0,0.3015184382,15601000.0,14399000.0,13219000.0,1073000.0,1202000.0,1886000.0,1854000.0,22320450.0,25112450.0,1.24504971897968,12.319664492078285,0.0,0.0,-0.029547580212281096,1.24504971897968,-0.027432460587540803,8.069577006507592,-14.126867088607597,1.5501388985346203,0.0,1.024390243902439,0.0,0.17729632715851548,10.28797763280522,-0.025318889814755465,-22.29815184815185,0.30151843817787416,0.6579999999999999,0.8066261859745802,-0.15110999866000205,1.151249315162461,2.1954022988505746,0.6730132450331126,0.636435331230284,-4.49339971160144,-0.21255566322362185,2.2547741429280554,Drug Manufacturers—Specialty & Generic,Healthcare,PRPH
2019Q2,2019,Q2,2019-08-12,2019-06-30,-1208000.0,1651000.0,-1268000.0,-0.1,261000.0,0.1580860085,15799000.0,14652000.0,13429000.0,956000.0,1147000.0,2026000.0,2282000.0,25432000.000000004,29068000.000000004,1.2674740484429066,14.047071129707113,0.0,0.0,-0.08444396812732839,1.2674740484429066,-0.08244608244608245,15.403997577225926,-5.263245033112583,1.735735735735736,0.0,0.6860809476801579,0.0,0.10450028482815368,11.820083682008368,-0.07646053547692892,-26.71428571428572,0.15808600847970927,-0.1764705882352941,0.43592905857881253,0.3466573470201199,0.5781951996484868,-0.4980769230769231,-0.23014256619144602,-0.21455938697318008,-0.5126567356753269,-0.14312974988544977,2.400302217913191,Drug Manufacturers—Specialty & Generic,Healthcare,PRPH
2019Q1,2019,Q1,2019-05-14,2019-03-31,-982000.0,2318000.0,-1044000.0,-0.085,520000.0,0.2243313201,16572000.0,15702000.0,14126000.0,870000.0,870000.0,1611000.0,3520000.0,34902140.0,36681140.0,1.3586570909405555,16.236781609195404,0.0,0.0,-0.06445365766623501,1.3586570909405555,-0.06253980384664375,15.057006039689387,-8.885473523421588,2.2227830849573302,-2.9826883910386965,1.1160769708255742,0.0839203555999718,0.13987448708665218,14.13448275862069,-0.0592565773594014,25.758036900369003,0.22433132010353754,-1.1518987341772153,-0.7361952441571834,-0.4647212514912208,0.7476937929157235,-0.6122296793437733,-1.148796498905908,-1.5714285714285714,-0.04565929203429486,-0.36201961647789305,2.0967736549713942,Drug Manufacturers—Specialty & Generic,Healthcare,PRPH
2018Q4,2018,Q4,2019-03-26,2018-12-31,-457000.0,4093000.0,-406000.0,-0.0395,1341000.0,0.3276325434,20737000.0,16504000.0,18238000.0,4233000.0,4233000.0,1903000.0,4533000.0,36404550.0,34850550.0,1.428052262697932,4.308528230569336,0.0,0.0,-0.0317577522723476,1.428052262697932,-0.027690256907416385,8.894344001954556,-19.91496170678337,2.205801623848764,0.0,1.4461376773515502,0.0,0.19737666972078893,3.7890385069690526,-0.022037903264695954,-40.584782608695654,0.32763254336672365,0.5625692137320044,-2.089023201274011,-0.3925617170011792,0.8671477226399048,0.7738095238095238,0.5614203454894434,0.5548245614035088,0.46774131411424097,-0.25892847271624764,1.7627772906493797,Drug Manufacturers—Specialty & Generic,Healthcare,PRPH
2018Q3,2018,Q3,2018-11-14,2018-09-30,-1042000.0,2439000.0,-912000.0,-0.0903,756000.0,0.3099630996,20575000.0,19699000.0,18096000.0,876000.0,876000.0,2717000.0,7929000.0,34276770.0,32007770.0,1.706871155012564,20.65753424657534,0.0,0.0,-0.053780636030452286,1.706871155012564,-0.0528960860957409,14.053616236162362,-8.223793186180423,1.7400258896390681,0.0,0.6194331983805668,0.0,0.11854191980558931,17.152968036529682,-0.050643985419198054,-26.346479631053036,0.30996309963099633,-2.943231441048035,-2.1585345506620692,-0.43658607915134107,1.3284858522707093,-0.3990461049284579,-3.0076923076923077,-2.5076923076923077,-3.489186177490565,-0.201024553641479,1.8224509873212633,Drug Manufacturers—Specialty & Generic,Healthcare,PRPH
2018Q2,2018,Q2,2018-08-20,2018-06-30,-260000.0,3186000.0,-260000.0,-0.0229,1258000.0,0.3948524796,22123000.0,20528000.0,19547000.0,1595000.0,1595000.0,2386000.0,8986000.0,36851750.0,33186750.0,1.8103889231854662,12.255172413793103,0.0,0.0,-0.012665627435697584,1.8103889231854662,-0.012665627435697584,11.566776522284997,-35.434374999999996,1.7951943686671863,0.0,0.8080469404861693,0.0,0.14401301812593229,10.535423197492163,-0.01175247479998192,283.475,0.3948524795982423,-7.026315789473685,0.7885207913060521,1.2960717256879855,1.7860928989776332,-0.11719298245614035,-7.046511627906977,-7.046511627906977,0.7654316857798281,1.0544290638260752,2.468360505791816,Drug Manufacturers—Specialty & Generic,Healthcare,PRPH
2018Q1,2018,Q1,2018-05-15,2018-03-31,43000.0,3407000.0,43000.0,0.0038,1425000.0,0.4182565307,34220000.0,33120000.0,31573000.0,1100000.0,1100000.0,2010000.0,22187000.0,32944800.0,29557800.0,2.975741239892183,28.702727272727273,0.0,0.0,0.0012983091787439614,2.975741239892183,0.0012983091787439614,9.669738773114176,191.53953488372093,0.9947101449275363,0.0,0.9860696517412936,0.0,0.09956165984804208,26.364545454545453,0.0012565751022793688,-197.274251497006,0.4182565306721456,1.1210191082802548,-0.7901490225237785,-0.36066843883298155,2.914311149125818,0.10294117647058823,1.1228571428571428,1.1295180722891567,1.044458844294894,-0.16984744364614285,4.04700958210956,Drug Manufacturers—Specialty & Generic,Healthcare,PRPH
2017Q4,2017,Q4,2018-03-28,2017-12-31,-350000.0,4151000.0,-332000.0,-0.0314,1292000.0,0.3112503011,34161000.0,33089000.0,28919000.0,1072000.0,1072000.0,1531000.0,22144000.0,24152100.0,20979100.0,2.972955974842767,26.97667910447761,0.0,0.0,-0.015470224942662314,2.972955974842767,-0.010577533319229955,5.818381112984823,-17.2515,0.7299132642267823,0.0,1.86740692357936,0.0,0.12151283627528468,25.07929104477612,-0.010245601709551829,-13.944630484988453,0.31125030113225727,0.23039215686274522,-2.0375967050704067,-0.38728074368748283,2.8720343558470898,1.9907407407407407,0.5495495495495496,0.6319290465631929,0.26847368323407733,-0.34437565367586653,3.3756496486767564,Drug Manufacturers—Specialty & Generic,Healthcare,PRPH
2017Q3,2017,Q3,2017-11-13,2017-09-30,-777000.0,3040000.0,-902000.0,-0.0408,432000.0,0.1421052632,39082000.0,36650000.0,33733000.0,2432000.0,2432000.0,1992000.0,21869000.0,34169380.0,30272380.0,2.2953591783052545,13.87047697368421,0.0,0.0,-0.020651858250766847,2.2953591783052545,-0.021200545702592086,11.239927631578947,-10.99400900900901,0.9323159618008187,0.0,1.3092369477911647,0.0,0.07778516964331406,12.808799342105264,-0.01988127526738652,-66.34831067961166,0.14210526315789473,0.6861538461538461,-1.6722181538529364,-0.4783627196004039,2.442922734742367,2.085714285714286,0.6629067245119306,0.44009931719428924,0.7244858565567602,-0.324235866103468,2.9660182120499217,Drug Manufacturers—Specialty & Generic,Healthcare,PRPH
2017Q2,2017,Q2,2017-08-11,2017-06-30,-2305000.0,1905000.0,-1611000.0,-0.13,140000.0,0.0734908136,50099000.0,46626000.0,42224000.0,3473000.0,3473000.0,1966000.0,22646000.0,35410870.0,-1869130.0,2.7519329516614532,12.157788655341204,0.0,0.0,-0.05097535092713865,2.7519329516614532,-0.04943593703084116,18.588383202099738,-3.8406583514099784,0.7594661776691116,0.0,0.897761953204476,0.0,0.038024711072077284,11.262597178232076,-0.04600890237330087,-9.407776301806589,0.07349081364829396,-1.136842105263158,-0.04651154603560908,-0.11956939788361755,3.6527493850992943,0.6470588235294118,-1.051636461390264,-0.40821678321678323,0.2656463700592191,0.06016273556716778,2.4265690720863953,Drug Manufacturers—Specialty & Generic,Healthcare,PRPH
2017Q1,2017,Q1,2017-05-15,2017-03-31,44639000.0,771000.0,-1144000.0,0.95,85000.0,0.1102464332,57543000.0,50670000.0,49662000.0,6873000.0,6873000.0,2155000.0,24952000.0,38776140.0,-4023860.0,2.9662802950474183,7.225665648188564,0.0,0.0,0.318967900253465,2.9662802950474183,0.8809749358594829,50.293307392996105,0.21716514706870674,0.7652682060390764,0.0,0.3183294663573086,0.0,0.013398675772900265,6.723410446675397,0.7757503084649741,13.077956155143339,0.11024643320363164,26.956284153005463,57.3632395002258,-0.8890294343523697,3.1303485079542255,-0.9778991159646386,72.30830670926518,-1.2084942084942085,54.39590198845273,-0.8795443033594085,2.8156424415477566,Drug Manufacturers—Specialty & Generic,Healthcare,PRPH
2016Q4,2016,Q4,2017-02-24,2016-12-31,-626000.0,7609000.0,-518000.0,-0.0366,3846000.0,0.5054540676,12802000.0,5962000.0,9627000.0,6840000.0,6840000.0,2736000.0,-19687000.0,34164000.0,35213000.0,0.34902236272099285,1.4074561403508772,0.11638806436494298,0.24991613552499162,-0.076073818827442,0.34902236272099285,-0.10499832271049983,4.489946116441057,-13.643769968051117,5.730291848373029,0.0,1.3753654970760234,0.0,0.5943602562099672,0.9080409356725146,-0.04889860959225121,205.80722891566265,0.5054540675515836,-6.630769230769231,0.7038637353758217,-0.11664321489659822,-0.5399844219829137,0.7846867749419953,-4.748502994011976,-3.3545454545454545,-2.0092567466233113,-0.2359981776520283,-0.5436607421679873,Drug Manufacturers—Specialty & Generic,Healthcare,PRPH
2016Q3,2016,Q3,2016-11-14,2016-09-30,167000.0,5188000.0,220000.0,0.0065,2155000.0,0.41538165,12787000.0,6534000.0,9735000.0,6253000.0,6253000.0,4198000.0,-19115000.0,33649570.0,34758570.0,0.38253029682102924,1.5568527106988646,0.11605536873387033,0.2271196816651362,0.0187303118880722,0.38253029682102924,0.025558616467707376,6.486038936006168,50.373607784431144,5.149918885827977,0.0,0.7224868985231062,0.0,0.405724564010323,0.6729569806492883,0.01306013920387894,-43.47489664082687,0.4153816499614495,1.0940665701881331,-0.8668838090476169,-0.09693866662071872,-0.5463606108085205,0.9138543516873889,1.1415254237288135,1.2048417132216014,-0.8745450242884228,-0.1902594491363267,-0.4781583943246582,Drug Manufacturers—Specialty & Generic,Healthcare,PRPH
2016Q2,2016,Q2,2016-08-11,2016-06-30,-1180000.0,2847000.0,-1074000.0,-0.0691,1126000.0,0.3955040393,11544000.0,6367000.0,8480000.0,5177000.0,5177000.0,4349000.0,-19282000.0,22376110.0,22705110.0,0.3727533516773023,1.6380142939926599,0.12803187803187804,0.23213444322286791,-0.14334066821507888,0.3727533516773023,-0.1853306109627768,7.859539866526168,-4.74070127118644,3.514388251923983,0.0,0.39572315474821795,0.0,0.24662162162162163,0.5698280857639559,-0.10221760221760222,-17.10711773700306,0.3955040393396558,0.1500615006150062,-0.07310701555192839,0.4326144479433934,-0.5327335054655661,-0.6168764886015652,0.14985590778097982,0.16355140186915887,0.3628557051899328,0.3620360700444404,-0.4263522865844158,Drug Manufacturers—Specialty & Generic,Healthcare,PRPH
2016Q1,2016,Q1,2016-05-13,2016-03-31,-1388000.0,5370000.0,-1284000.0,-0.0813,2939000.0,0.5472998138,13325000.0,7494000.0,10272000.0,4359000.0,5831000.0,4072000.0,-18155000.0,23911691.9,22926691.9,0.4387330952520344,2.3565037852718516,0.11046904315196998,0.19642380571123566,-0.14878162479413246,0.4387330952520344,-0.18521483853749665,4.452829031657355,-4.306860932997117,3.190778209234054,0.0,0.5970039292730844,0.0,0.40300187617260785,1.1803165863730214,-0.10416510318949343,30.15345762925599,0.5472998137802607,-0.09421265141318966,-0.19689876308341273,0.46408201152821593,-0.48378575082627123,-0.38630194195030276,-0.0937746256895193,-0.03298471440064361,-5.413812483723597,-0.34338595499183844,-0.4228873723248396,Drug Manufacturers—Specialty & Generic,Healthcare,PRPH
2015Q4,2015,Q4,2016-03-29,2015-12-31,-1269000.0,8163000.0,-1243000.0,-0.0743,4789000.0,0.5866715668,14829000.0,8829000.0,11879000.0,4534000.0,6000000.0,4331000.0,-16819000.0,25621500.0,25423500.0,0.5168901118201511,2.6199823555359507,0.0988603412232787,0.16604371956053912,-0.12198790149197404,0.5168901118201511,-0.1437308868501529,3.1387357589121647,-5.0475768321513,2.9019707781175668,0.0,0.7790348649272685,0.0,0.5504754197855554,1.2492280546978385,-0.08557556139995953,-24.355038022813687,0.5866715668259218,-2.8575000000000004,0.03149682966337481,0.1379439687508084,-0.4338017972751629,0.7613093048915043,-3.10797342192691,-3.0613598673300166,-3.451342717390798,-0.2148720030871916,-0.32679249605399235,Drug Manufacturers—Specialty & Generic,Healthcare,PRPH
2015Q3,2015,Q3,2015-11-13,2015-09-30,602000.0,4390000.0,603000.0,0.04,2719000.0,0.6193621868,13852000.0,10037000.0,10835000.0,3715000.0,3815000.0,4891000.0,-15563000.0,26223260.0,24887260.0,0.6047478459962644,2.916554508748318,0.0,0.0,0.059977915599325686,0.6047478459962644,0.05997808109993026,5.973407744874716,10.890058139534885,2.6126591611039154,0.0,0.34164792475976286,0.0,0.31692174415246893,1.1041722745625842,0.043459428241409186,-7.568040404040404,0.6193621867881549,1.408997955010225,-0.4385368432444663,-0.25492158297780043,-0.3884520781967964,1.7000993048659385,1.384418901660281,1.3850574712643677,-0.4989518758241853,-0.2753082956008192,-0.09290880161757371,Drug Manufacturers—Specialty & Generic,Healthcare,PRPH
2015Q2,2015,Q2,2015-08-12,2015-06-30,-1566000.0,2191000.0,-1566000.0,-0.0978,1007000.0,0.4596074852,12039000.0,8362000.0,9179000.0,3577000.0,3677000.0,3705000.0,-16165000.0,21627000.0,17866000.0,0.5219725343320849,2.566116857701985,0.0,0.0,-0.1872757713465678,0.5219725343320849,-0.1872757713465678,9.870835235052487,-3.452586206896552,2.5863429801482902,0.0,0.3195681511470985,0.0,0.18199185978901902,1.399496785015376,-0.13007724894094194,-12.095637583892618,0.4596074851665906,-0.12543153049482156,0.36031087821837054,0.7646632580185466,-0.4352650360684968,-0.725013653741125,-0.1339608979000724,-0.135605511240029,0.24804361508695055,0.07095278868679208,-0.11749034921578312,Drug Manufacturers—Specialty & Generic,Healthcare,PRPH
2015Q1,2015,Q1,2015-05-13,2015-03-31,-1381000.0,5860000.0,-1379000.0,-0.0869,3662000.0,0.6249146758,14994000.0,9370000.0,12436000.0,5524000.0,5624000.0,3277000.0,-14599000.0,20818520.0,15797520.0,0.5896048326201863,2.2512671976828385,0.0,0.0,-0.14727847122329976,0.5896048326201863,-0.14738527214514408,3.5526484641638225,-3.7687400434467775,2.221827107790822,0.0,0.670735428745804,0.0,0.3908229958650127,1.536748732802317,-0.09210350806989462,9.961014354066986,0.624914675767918,-1.0209302325581397,-0.08074568193798723,1.4600638061979085,-0.5022566272776693,-0.3790062743768018,-1.036873156342183,-1.045994065281899,-0.8742837036292349,-0.09340942689173864,-0.1790143889094414,Drug Manufacturers—Specialty & Generic,Healthcare,PRPH
2014Q4,2014,Q4,2015-03-27,2014-12-31,-678000.0,8972000.0,-674000.0,-0.043,5897000.0,0.6572670531,16057000.0,10716000.0,13458000.0,5241000.0,5341000.0,3292000.0,-13219000.0,23027120.0,20101120.0,0.6794319046411362,2.567830566685747,0.0,0.0,-0.06308268783503515,0.6794319046411362,-0.06326987681970885,2.566553722692822,-8.490825958702064,2.1488540500186635,0.0,0.93408262454435,0.0,0.5587594195677897,1.6718183552757107,-0.04222457495173445,-11.943526970954357,0.6572670530539456,0.8837837837837839,-1.3181949319065636,-0.1762707275958329,-0.36290271008719693,0.68005698005698,0.789179104477612,-2.861878453038674,0.6526247248301956,0.12810566250615307,-0.10450076063867353,Drug Manufacturers—Specialty & Generic,Healthcare,PRPH
2014Q3,2014,Q3,2014-11-13,2014-09-30,-3216000.0,5130000.0,362000.0,-0.37,3510000.0,0.6842105263,17920000.0,10538000.0,15436000.0,7182000.0,7382000.0,4180000.0,-12543000.0,25491200.0,20538200.0,0.5787565905096661,2.149262043998886,0.0,0.0,0.07257046047046982,0.5787565905096661,-0.30518124881381664,4.969044834307992,-1.981592039800995,2.4189789333839435,0.0,0.3875598086124402,0.0,0.28627232142857145,1.2536897800055695,-0.17946428571428572,-10.253901850362027,0.6842105263157895,-0.9473684210526315,-2.9096730990235957,-0.2643060538936048,-0.38734864785667344,3.4318181818181817,-0.02453010512902198,1.1153968759961748,-3.404814040754287,-0.16230544404018085,-0.3136575366939279,Drug Manufacturers—Specialty & Generic,Healthcare,PRPH
2014Q2,2014,Q2,2014-08-12,2014-06-30,-3139000.0,1797000.0,-3137000.0,-0.19,792000.0,0.4407345576,19760000.0,13608000.0,13674000.0,5952000.0,6152000.0,3248000.0,-9327000.0,28635360.0,21285360.0,0.8031161473087819,2.2973790322580645,0.0,0.0,-0.2305996238481544,0.8031161473087819,-0.23067313345091123,15.9350918196995,-2.280611659764256,2.1043033509700173,0.0,0.30942118226600984,0.0,0.0909412955465587,1.6285282258064515,-0.1588562753036437,-13.982109375,0.44073455759599334,-2.885480572597137,0.48220042947962083,-0.21637953729985224,-0.05424803520994535,-0.8010050251256281,-2.8945409429280398,-2.9114713216957604,-1.8777276685894895,-0.0884357457052264,0.006749544084181341,Drug Manufacturers—Specialty & Generic,Healthcare,PRPH
2014Q1,2014,Q1,2014-05-12,2014-03-31,-806000.0,6171000.0,-802000.0,-0.0489,3980000.0,0.6449521958,17267000.0,12803000.0,11173000.0,4264000.0,4464000.0,2212000.0,-6189000.0,32938000.0,27419000.0,0.7773999635679155,2.6203095684803004,0.0,0.0,-0.06279739317938154,0.7773999635679155,-0.06295399515738499,5.337546588883487,-10.21650124069479,2.57267827852847,0.0,0.990506329113924,0.0,0.3573869230323739,1.9641181988742964,-0.0466786355475763,11.226312201772325,0.6449521957543348,-2.347107438016529,0.7112570476841416,0.2132862363552731,-0.3556920090199028,-0.3957795658114468,-2.347826086956522,-2.3126022913256956,0.27914310475486026,0.7449891403773325,-0.08530962709717134,Drug Manufacturers—Specialty & Generic,Healthcare,PRPH
2013Q4,2013,Q4,2014-03-27,2013-12-31,598000.0,9602000.0,611000.0,0.0363,6587000.0,0.6860029161,17420000.0,12596000.0,11279000.0,4624000.0,4824000.0,2521000.0,-5385000.0,26515090.0,24877090.0,0.764830894407675,2.4392301038062283,0.0,0.0,0.04745295262816353,0.764830894407675,0.047475389012384885,2.7614132472401582,11.084903846153846,2.105040489044141,0.0,1.1959539865132884,0.0,0.5512055109070034,1.5045415224913494,0.034328358208955224,35.92830623306233,0.6860029160591543,-0.54625,1.2427444942788568,0.11022449051504382,-0.44453708328329766,0.7257008121561436,-0.5161812297734628,-0.5056634304207119,1.473354676113883,0.38828568841969624,-0.16220901135610993,Drug Manufacturers—Specialty & Generic,Healthcare,PRPH
2013Q3,2013,Q3,2013-11-13,2013-09-30,1236000.0,5949000.0,1236000.0,0.08,3817000.0,0.6416204404,16667000.0,11626000.0,10579000.0,4741000.0,5041000.0,3273000.0,-5983000.0,30134000.0,29383000.0,0.7330390920554855,2.23138578358996,0.0,0.0,0.10631343540340615,0.7330390920554855,0.10631343540340615,5.065389141032107,6.095064724919094,2.5919490796490625,0.0,0.6513901619309502,0.0,0.35693286134277313,1.095971314068762,0.0741585168296634,-9.038392321535692,0.641620440410153,1.7272727272727273,0.14223178385378762,-0.2394268813504443,-0.5213514445398134,3.113146551724138,1.719441210710128,1.7186046511627906,0.20633979208251696,0.056593276779041704,-0.2587182636284933,Drug Manufacturers—Specialty & Generic,Healthcare,PRPH
2013Q2,2013,Q2,2013-08-13,2013-06-30,-1718000.0,1939000.0,-1720000.0,-0.11,928000.0,0.4785972151,15067000.0,10296000.0,8995000.0,4471000.0,4771000.0,3289000.0,-7219000.0,24401300.0,20343300.0,0.6497948879772799,2.011854171326325,0.0,0.0,-0.16695798545711285,0.6497948879772799,-0.16686091686091686,12.584476534296028,-3.550829452852154,2.3699786324786323,0.0,0.30738826391000307,0.0,0.12869184310081636,1.159919481100425,-0.11402402601712351,-51.048744769874475,0.4785972150593089,-6.5,0.5009349572880027,-0.23901352993873073,-0.5556431357089567,-0.8261846787787975,-6.924137931034482,-6.931034482758621,0.2904702081685385,0.5789469660635371,-0.29697087779860276,Drug Manufacturers—Specialty & Generic,Healthcare,PRPH
2013Q1,2013,Q1,2013-05-10,2013-03-31,290000.0,7542000.0,290000.0,0.02,5339000.0,0.7079024132,16139000.0,11975000.0,10251000.0,3864000.0,4164000.0,2147000.0,-5500000.0,26620880.0,22084880.0,0.7602209243270696,2.652950310559006,0.0,0.0,0.024217118997912318,0.7602209243270696,0.024217118997912318,3.5296844338371787,22.94903448275862,2.2230379958246345,0.0,1.0260829063809966,0.0,0.46731519920689013,1.9710144927536233,0.01796889522275234,7.06311488458477,0.7079024131530098,-0.3220338983050847,1.1651892801709323,0.1606050965154243,-0.5491332611660418,-0.06119219272023914,-0.3584070796460177,-0.35698447893569846,1.2289658336287934,2.194317911946918,-0.35822281983838633,Drug Manufacturers—Specialty & Generic,Healthcare,PRPH
2012Q4,2012,Q4,2013-03-28,2012-12-31,452000.0,9078000.0,451000.0,0.0295,5687000.0,0.6264595726,16661000.0,11451000.0,10719000.0,4910000.0,5210000.0,2051000.0,-5790000.0,20283040.0,19711040.0,0.7678020651736623,2.1830957230142567,0.0,0.0,0.03947234194486241,0.7678020651736623,0.03947253514976858,2.234307116104869,11.218495575221239,1.7712898436817746,0.0,1.6533398342272063,0.0,0.5448652541864234,1.2181262729124236,0.027129223936138286,-8.769148292261132,0.6264595725930822,-0.5785714285714286,-0.7653262733539686,-0.4230829740682974,-0.5752284074339081,0.6731391585760518,-0.5791433891992551,-0.5796831314072693,-0.7756662435282142,-0.11858985954151195,-0.28003879186397396,Drug Manufacturers—Specialty & Generic,Healthcare,PRPH
2012Q3,2012,Q3,2012-11-14,2012-09-30,1074000.0,5415000.0,1073000.0,0.07,3399000.0,0.627700831,16534000.0,9891000.0,10505000.0,6643000.0,6643000.0,3414000.0,-6242000.0,18559836.0,16744836.0,0.6666891345376112,1.5813638416378142,0.0,0.0,0.10858346667690867,0.6666891345376112,0.10858356081286018,3.4274858725761774,4.320259776536313,1.8764367606915375,0.0,0.5905096660808435,0.0,0.32750695536470303,0.9012494354960109,0.06495705818313778,-6.6403706618962435,0.6277008310249308,1.5384615384615385,-0.30825967966027346,-0.6085855462273174,-0.607600543436668,3.12,1.5570539419087137,1.555383022774327,-0.21730476167832086,-0.046932416481682594,-0.29426635232949455,Drug Manufacturers—Specialty & Generic,Healthcare,PRPH
2012Q2,2012,Q2,2012-08-13,2012-06-30,-1928000.0,1894000.0,-1932000.0,-0.13,825000.0,0.4355860612,15175000.0,8772000.0,9180000.0,6403000.0,6403000.0,3141000.0,-7316000.0,16017480.000000002,11407480.000000002,0.591463825770346,1.4337029517413713,0.0,0.0,-0.22001800358654125,0.591463825770346,-0.21979024167806657,8.456958817317847,-2.0769553941908714,1.8259781121751026,0.0,0.3403374721426297,0.0,0.12481054365733113,0.8664688427299704,-0.1270510708401977,-9.660723763570568,0.4355860612460401,-1.8017241379310347,0.4881801359399407,-0.6753340276892096,-0.6263980410128577,-0.8099078341013825,-1.8104956268221575,-1.8,0.6366518882339409,-0.056410339002754106,-0.30349043883751264,Drug Manufacturers—Specialty & Generic,Healthcare,PRPH
2012Q1,2012,Q1,2012-05-11,2012-03-31,-686000.0,6018000.0,-690000.0,-0.0464,4340000.0,0.7211698239,17922000.0,10626000.0,12048000.0,7296000.0,7296000.0,2611000.0,-5387000.0,14352120.0,8084120.0,0.7181670721816708,1.6513157894736843,0.0,0.0,-0.06474630021141649,0.7181670721816708,-0.06455862977602109,2.384865403788634,-5.23036443148688,1.350660643704122,0.0,0.6426656453466105,0.0,0.335788416471376,1.2075109649122806,-0.038276978015846445,19.741568088033013,0.7211698238617481,0.6133333333333334,0.6673728053618952,-0.4316687703775212,-0.6140165001008209,-0.09545644018340975,0.6253413435281268,0.6239782016348774,0.7264584058967674,0.3169910234456539,-0.4047841456774054,Drug Manufacturers—Specialty & Generic,Healthcare,PRPH
2011Q4,2011,Q4,2012-03-07,2011-12-31,-1831000.0,7461000.0,-1835000.0,-0.12,4798000.0,0.6430773355,19079000.0,11226000.0,13195000.0,7853000.0,7853000.0,2688000.0,-4699000.0,17015400.0,11474400.0,0.7587185725871858,1.680249586145422,0.0,0.0,-0.16328147316809652,0.7587185725871858,-0.16310350970960272,2.2805790108564534,-2.323238667394866,1.515713522180652,0.0,0.9906994047619048,0.0,0.3910582315634991,1.1154972621927925,-0.09596939042926778,18.395027027027027,0.643077335477818,-2.714285714285714,-2.260175771588385,-0.5494221546379784,-0.623020803649046,0.3342602892102336,-2.6495495495495494,-2.659132007233273,0.17270679811027262,-0.039783756379305056,-0.44897619280560525,Drug Manufacturers—Specialty & Generic,Healthcare,PRPH
2011Q3,2011,Q3,2011-11-14,2011-09-30,1110000.0,5083000.0,1106000.0,0.07,3596000.0,0.7074562266,20318000.0,12744000.0,14388000.0,7574000.0,7574000.0,3518000.0,-2866000.0,11637010.0,7021010.0,0.8432475352345663,1.8996567203591233,0.0,0.0,0.08709868060150545,0.8432475352345663,0.08709981167608287,2.2893979933110367,2.620948198198198,0.913136377903327,0.0,0.42268334280841385,0.0,0.2501722610493159,1.1928967520464748,0.054631361354464024,-3.1639505165851007,0.7074562266378123,2.086956521739131,-0.15642333441869347,-0.6370641050417541,-0.5630581608306386,3.013392857142857,2.150259067357513,2.1251271617497456,0.07649309730945927,-0.3180231803715904,-0.44938923584059415,Drug Manufacturers—Specialty & Generic,Healthcare,PRPH
2011Q2,2011,Q2,2011-08-12,2011-06-30,-965000.0,1744000.0,-983000.0,-0.0644,896000.0,0.5137614679,17746000.0,11958000.0,11797000.0,5788000.0,5788000.0,1594000.0,-3976000.0,12441700.0,3698700.0,0.7977318212141428,2.038182446440912,0.0,0.0,-0.08144479325826566,0.7977318212141428,-0.08069911356414117,7.134002293577981,-3.2232383419689117,1.0404499080113732,0.0,0.5319949811794228,0.0,0.09827566775611406,1.7112992398064961,-0.054378451482024116,-14.758837485172005,0.5137614678899083,0.051546391752577365,0.695400286413413,-0.7668639638459283,-0.5671133662858533,-0.5506519558676028,0.03596403596403597,0.04097560975609756,0.70368617472923,-0.2765038615049643,-0.45447768645373837,Drug Manufacturers—Specialty & Generic,Healthcare,PRPH
2011Q1,2011,Q1,2011-05-13,2011-03-31,-1001000.0,3166000.0,-1025000.0,-0.0679,1994000.0,0.6298168035,19889000.0,12531000.0,14037000.0,7358000.0,7358000.0,1345000.0,-3002000.0,17692800.0,8106800.0,0.8499050461204558,1.9077194889915738,0.0,0.0,-0.0808281739666673,0.8499050461204558,-0.07988189290559412,5.588376500315856,-4.418781218781218,1.411922432367728,0.0,0.8713754646840148,0.0,0.15918346824878074,1.6433813536287034,-0.05032932776911861,14.892929292929294,0.6298168035375868,0.11473272490221645,0.37590554299523904,-0.7549790998820268,-0.5843226244067335,-0.4428611343950824,0.11494252873563218,0.13355874894336434,0.39083026110123636,-0.47948980925964074,-0.4959440023279425,Drug Manufacturers—Specialty & Generic,Healthcare,PRPH
2010Q4,2010,Q4,2011-03-15,2010-12-31,-1131000.0,6192000.0,-1183000.0,-0.0767,3579000.0,0.578003876,21695000.0,13460000.0,15756000.0,8235000.0,8235000.0,1682000.0,-1989000.0,17692800.0,9460800.0,0.9129137276180141,1.9132969034608378,0.0,0.0,-0.0848878227293318,0.9129137276180141,-0.08402674591381873,2.857364341085271,-3.9108753315649865,1.3144725111441307,0.0,1.5535077288941737,0.0,0.2854113851117769,1.5850637522768671,-0.0521318276100484,-37.40549682875264,0.5780038759689923,-2.2783333333333333,-1.415416656893639,-0.7226952925569556,-0.5776402722660673,-0.008587257617728532,-2.194297782470961,-2.26524064171123,-1.5939740296118607,-0.6019542952963776,-0.49494819622809577,Drug Manufacturers—Specialty & Generic,Healthcare,PRPH
2010Q3,2010,Q3,2010-11-12,2010-09-30,947000.0,5204000.0,935000.0,0.06,3610000.0,0.693697156,22357000.0,14496000.0,16327000.0,7861000.0,7861000.0,2368000.0,-858000.0,16857850.0,8152850.0,0.9888805511972167,2.0769622185472585,0.0,0.0,0.06531787671536234,0.9888805511972167,0.06532836644591611,3.239402382782475,4.450329989440337,1.1629311534216336,0.0,0.6731418918918919,0.0,0.2327682605000671,1.7168299198575245,0.042358098134812366,-6.858360455655004,0.6936971560338201,1.4,-0.7487955270861232,-0.7298151667543753,-0.498603445258197,6.6645435244161355,1.424663677130045,1.4104477611940298,-0.38269290557580093,-0.6192953638830903,-0.41796532927604646,Drug Manufacturers—Specialty & Generic,Healthcare,PRPH
2010Q2,2010,Q2,2010-08-16,2010-06-30,-2230000.0,1131000.0,-2278000.0,-0.15,471000.0,0.4164456233,19849000.0,13488000.0,13739000.0,6361000.0,6361000.0,1153000.0,-1804000.0,15906370.000000002,4743370.000000002,0.9242787637908586,2.159880521930514,0.0,0.0,-0.16709256037243925,0.9242787637908586,-0.16533214709371294,14.06398762157383,-1.78322533632287,1.179297894424674,0.0,0.572419774501301,0.0,0.056980200513879795,1.8893255777393492,-0.11234822912993098,-5.674766321798074,0.41644562334217505,-0.8656716417910447,-0.049854578247176665,-0.8978566386141358,-0.4612580798070166,-0.5974358974358974,-1.1037735849056605,-1.1409774436090225,0.3983542917950818,-0.8029641480560052,-0.41617332834729087,Drug Manufacturers—Specialty & Generic,Healthcare,PRPH
2010Q1,2010,Q1,2010-05-17,2010-03-31,-1060000.0,1976000.0,-1064000.0,-0.0804,1170000.0,0.5921052632,22179000.0,15616000.0,16055000.0,6563000.0,6563000.0,1134000.0,450000.0,26234170.0,13882170.0,1.1845558674049912,2.446289806490934,0.0,0.0,-0.06800693093760612,1.1845558674049912,-0.06787909836065574,13.276401821862349,-6.187304245283019,1.6799545338114754,0.0,0.7107583774250441,0.0,0.08909328644212994,2.08883132713698,-0.0477929573019523,25.420707364341084,0.5921052631578947,-1.5742857142857143,-10.024190484698243,-0.8513658337322211,-0.36635143012408866,-0.7797025042364903,-1.5951712521055588,-1.6229508196721312,0.42314113235579676,-0.7905567595927163,-0.3633528502801835,Drug Manufacturers—Specialty & Generic,Healthcare,PRPH
2009Q4,2009,Q4,2010-03-26,2009-12-31,1781000.0,9104000.0,1708000.0,0.14,5311000.0,0.5833699473,19817000.0,14059000.0,17233000.0,5758000.0,5758000.0,1405000.0,1512000.0,25838680.0,13037680.0,1.0664492148979747,2.9928794720389025,0.0,0.0,0.12750156414232586,1.0664492148979747,0.12668041823742798,2.8381678383128297,3.6269904548006737,1.8378746710292337,0.0,2.699644128113879,0.0,0.4594035424130797,2.585446335533171,0.08987233183630217,6.711345454545454,0.5833699472759226,0.5555555555555558,-0.20057476819314748,-0.5465639493493649,-0.43250467257734326,0.46915629322268326,0.48169717138103163,0.4269005847953216,0.3757412878794064,-0.38292903289793667,-0.47012082937359956,Drug Manufacturers—Specialty & Generic,Healthcare,PRPH
2009Q3,2009,Q3,2009-11-13,2009-09-30,1202000.0,4977000.0,1197000.0,0.09,3615000.0,0.7263411694,18188000.0,12277000.0,15444000.0,5911000.0,5911000.0,3180000.0,-269000.0,29630879.999999996,20685879.999999996,0.9446752847029856,2.6127558788699035,0.0,0.0,0.09790496060365846,0.9446752847029856,0.09790665472020851,5.953562386980107,6.162828618968385,2.413527734788629,0.0,0.42830188679245285,0.0,0.27364196173301075,1.934021316190154,0.0660875302397185,-77.75786871565555,0.7263411693791441,1.25,1.589898080728869,-0.5450365406470311,-0.4283064022907058,11.419607519788919,1.26014573788434,1.2585674499222677,0.062299621270176214,-0.58674469869165,-0.510501793282867,Drug Manufacturers—Specialty & Generic,Healthcare,PRPH
2009Q2,2009,Q2,2009-08-14,2009-06-30,-4620487.0,1747835.0,-4629353.0,-0.36,291072.0,0.1665328821,16495050.0,10966680.0,13641431.0,5528370.0,5528370.0,3099519.0,-1470132.0,48170693.35,38954124.35,0.849182636894721,2.467532202077647,0.0,0.0,-0.4217243277779518,0.849182636894721,-0.4213204907957559,27.560206398201203,-2.6063645103860265,4.392459098833922,0.0,0.4699964736463948,0.0,0.10596118229408216,1.6947816444991923,-0.28011354921628,-13.68732522770443,0.166532882108437,-1.1176470588235292,-3.5138384569355168,-0.7742347286003922,-0.488349743989056,-0.8762561043578961,-1.1118326032586439,-1.094515673962753,-0.6928461774343175,-0.7287992248010682,-0.5391937449174665,Drug Manufacturers—Specialty & Generic,Healthcare,PRPH
2009Q1,2009,Q1,2009-05-06,2009-03-31,-2187904.0,3986547.0,-2210226.0,-0.17,2352213.0,0.5900376943,21635078.0,15574813.0,18018758.0,6060265.0,6060265.0,3245648.0,3154790.0,59765813.29,47521586.29,1.2065657642789185,2.9732623903410165,0.0,0.0,-0.14119003253157764,1.2065657642789185,-0.140477063833768,14.991874745236919,-6.829117421285394,3.837337455672823,0.0,0.5035462872129078,0.0,0.18426312121453872,2.3168292145640494,-0.1011276224657013,207.93099314270208,0.5900376942752713,-0.13333333333333347,-1.4960649895056082,-0.6299153907889442,-0.306239757801822,-0.17851185811334672,-0.13310942909598447,-0.10533461959122804,-0.5580736742070249,-0.6476026867693363,-0.4098845598510992,Drug Manufacturers—Specialty & Generic,Healthcare,PRPH
2008Q4,2008,Q4,2009-03-09,2008-12-31,-1930885.0,6778842.0,-1999599.0,-0.15,2863356.0,0.4223960376,24368631.0,17773878.0,20666429.0,6594753.0,6594753.0,3001001.0,5353855.0,51633532.0,39676736.0,1.3769252120889193,3.1337684671435,0.0,0.0,-0.11053532379082215,1.3769252120889193,-0.10863611193910525,7.616866125512293,-6.685215846619556,2.905023428201769,0.0,1.3047266562057127,0.0,0.2781790245008019,2.4990041325277836,-0.07923649875940918,48.246934898658466,0.4223960375533166,-3.142857142857143,-1.6773063552254912,-0.6312156621840598,-0.23752206338849235,-0.29858197915408674,-3.1964288558096787,-3.4563830858850033,-1.8100674648064636,-0.6532429612537244,-0.3629652615639035,Drug Manufacturers—Specialty & Generic,Healthcare,PRPH
2008Q3,2008,Q3,2008-11-06,2008-09-30,879102.0,6354451.0,814042.0,0.07,4082239.0,0.6424219811,26571449.0,19732795.0,22632193.0,6838654.0,6838654.0,5073753.0,7319097.0,64939472.64,54059194.64,1.5314766621424785,3.309451392042937,0.0,0.0,0.044306297334191475,1.5314766621424785,0.04455030318816974,10.2195252807835,18.467559122832164,3.2909414322704915,0.0,0.447836542299162,0.0,0.23914582151692218,2.3951419387499353,0.0330844584350669,-18.33934463562753,0.642421981064926,1.3181818181818183,4.837397765115932,-0.42903498018000163,0.06054633213365665,3.5463990662719707,1.3146036454001624,1.27472869410032,-0.7346966212035341,-0.6246574178142494,-0.2234884980435075,Drug Manufacturers—Specialty & Generic,Healthcare,PRPH
2008Q2,2008,Q2,2008-08-06,2008-06-30,-2794316.0,2068285.0,-2963076.0,-0.22,897906.0,0.4341306928,25556685.0,18808153.0,21485958.0,6748532.0,6748532.0,4621036.0,6439995.0,66238270.00000001,51863017.00000001,1.4623266572330467,3.1837973058437004,0.0,0.0,-0.15292424850662156,1.4623266572330467,-0.1485693996640712,32.025697619041864,-5.926161357555839,3.521784940817953,0.0,0.2532719935529609,0.0,0.08092931458050995,2.369122944071392,-0.10933796773720848,-37.09476661159802,0.4341306928203802,-1.0,-1.4263678498435337,-0.7369070241640656,0.019518053870425853,-0.7484517517491157,-0.9497245645188862,-0.14793135523322012,-0.4925972300305917,-0.7880659421569526,-0.1476417049376441,Drug Manufacturers—Specialty & Generic,Healthcare,PRPH
2008Q1,2008,Q1,2008-05-01,2008-03-31,-1433185.0,5305034.0,-2581231.0,-0.11,3569518.0,0.6728548771,28806356.0,21682704.0,24540394.0,7123652.0,7123652.0,4312476.0,9318691.0,65968891.29,49703857.29,1.6861321957196713,3.4449175787924506,0.0,0.0,-0.06978191140586945,1.6861321957196713,-0.06609807522161443,12.435149574913186,-11.507392850539183,3.042466072958428,0.0,0.40244073242378625,0.0,0.1841619259305134,2.7576238985284514,-0.04975238797993054,66.02877939290937,0.672854877084671,-1.846153846153846,-0.3929215358628337,-0.42299318522612134,0.1053494969248169,-0.5847880219480213,-1.86297975601238,-2.7078851445816055,-14.280428377674555,-0.5909161685900345,-0.09804570317136725,Drug Manufacturers—Specialty & Generic,Healthcare,PRPH
2007Q4,2007,Q4,2008-03-07,2007-12-31,1660740.0,13567646.0,1511361.0,0.13,8596857.0,0.6336292235,33313718.0,23244255.0,28835290.0,10016371.0,10016371.0,4811627.0,10888141.0,61339495.41,45254213.41,1.8075645325886451,2.8788160901787685,0.0,0.0,0.07086928659917527,1.8075645325886451,0.07144733182457343,4.521012370900596,9.233759560497127,2.6389099332286623,0.0,1.033078623924922,0.0,0.40726904154018473,2.27209485351531,0.04985153563465957,16.705165138479167,0.6336292235218991,0.3,1.533157916089574,0.23906435441913415,0.12407209780415912,0.23892657627458655,0.24978270243666764,0.30457874588370354,-0.23579828115968504,-0.30724330340662914,-0.0381310127767222,Drug Manufacturers—Specialty & Generic,Healthcare,PRPH
2007Q3,2007,Q3,2007-11-05,2007-09-30,1328823.0,11840432.0,1158505.0,0.1,6938956.0,0.5860390905,30935535.0,21573358.0,26296175.0,9301802.0,9301802.0,5803167.0,9227401.0,51044484.66,38560793.66,1.6990062636083434,2.8269979300784946,0.0,0.0,0.06058366011847708,1.6990062636083434,0.06159555689012346,4.3110322883489385,9.603326526557712,2.366088981604069,0.0,0.8446208768419038,0.0,0.3827453444719802,2.0901536067957585,0.042954582812290136,-15.018335723875202,0.5860390904656182,1.4,3.5024668755047474,0.23514324694959732,-0.12234929957519568,2.3003530577330014,1.4124485418203725,1.3034647747939605,1.930436228626075,0.10780509154751798,0.028195634099041963,Drug Manufacturers—Specialty & Generic,Healthcare,PRPH
2007Q2,2007,Q2,2007-08-02,2007-06-30,-3221791.0,4989427.0,-3817593.0,-0.25,2102489.0,0.4213888689,29255048.0,20081537.0,24476951.0,9105248.0,9105248.0,5877016.0,7898578.0,58983543.45,43140370.45,1.5831389839974086,2.68822452721771,0.0,0.0,-0.17401447630290212,1.5831389839974086,-0.16043547861899216,11.821706871350157,-4.576921924016797,2.9372026379255733,0.0,0.4912251387438796,0.0,0.17054926725808142,1.928617869606627,-0.11012769488534081,-18.33774601975433,0.4213888689021805,-0.7857142857142856,-0.9714936797300577,-0.24719744517878872,-0.2010378508522402,-0.5803431922427456,-0.8222057699007733,-0.82805146671519,-2.204437332959953,-0.3438493896090168,-0.04612573165034837,Drug Manufacturers—Specialty & Generic,Healthcare,PRPH
2007Q1,2007,Q1,2007-05-07,2007-03-31,-1768072.0,9077876.0,-2088340.0,-0.14,5010020.0,0.5518934165,31998155.0,23601231.0,27068921.0,8331953.0,8331953.0,4163556.0,11418272.0,94627362.17999999,75451450.17999999,1.8606159910184237,3.2488086526652276,0.0,0.0,-0.08113590187977618,1.8606159910184237,-0.07491439747358941,10.423954037265986,-13.380021031383336,4.009424855000148,0.0,0.977014840199099,0.0,0.28369998207709163,2.6310568482563452,-0.05525543582122157,57.988315105387485,0.5518934164775989,-2.4256619144602856,0.10083992942465873,0.3510597613376363,0.019260236005912146,-0.44312686241920507,-2.4194141943667287,-2.972804667455156,-1.0526812215624408,-0.14240484625468575,0.06983095226324436,Drug Manufacturers—Specialty & Generic,Healthcare,PRPH
