Quarters,Year,Quarter,FillingDate,Date,NetIncome,Revenue,OperatingIncome,EPSDiluted,GrossProfit,GrossProfitRatio,TotalAssets,CommonStockEquity,CurrentAssets,CurrentLiability,TotalLiability,Inventory,RetainedEarnings,MarketCap,EnterpriseValue,bookValuePerShare,currentRatio,debtToAssets,debtToEquity,roic,shareholdersEquityPerShare,roe,priceToSalesRatio,peRatio,pbRatio,payoutRatio,inventoryTurnover,dividendYield,assetTurnover,quickRatio,returnOnAssets,priceToFreeCashFlowsRatio,grossProfitMargin,epsdilutedGrowth,fiveYNetIncomeGrowthPerShare,fiveYRevenueGrowthPerShare,fiveYShareholdersEquityGrowthPerShare,grossProfitGrowth,netIncomeGrowth,operatingIncomeGrowth,threeYNetIncomeGrowthPerShare,threeYRevenueGrowthPerShare,threeYShareholdersEquityGrowthPerShare,Industry,Sector,Symbol
2023Q3,2023,Q3,2023-06-14,2023-04-30,-14729000.0,16107000.0,-11359000.0,-0.3,1638000.0,0.1016949153,72061000.0,18928000.0,31999000.0,42152000.0,53133000.0,15289000.0,-325780000.0,121978480.00000001,141265480.0,0.38328203466709865,0.759133611691023,0.3041728535546273,1.158019864750634,-0.19905396100493963,0.38328203466709865,-0.7781593406593407,7.573010492332527,-2.0703795233892324,6.44434065934066,0.0,0.9463666688468834,0.0,0.22351896310070635,0.2910419434427785,-0.20439627537780491,-21.324909090909095,0.1016949152542373,-0.3636363636363636,-1.0062494800185209,-0.40096573397207164,-0.7911270653991788,0.30103256552819696,-0.38222597597597596,0.05215287049399199,-0.009463752171529031,-0.07804282464033098,-0.7061893852656189,Diagnostics & Research,Healthcare,ENZ
2023Q2,2023,Q2,2023-03-20,2023-01-31,-10656000.0,16338000.0,-11984000.0,-0.22,1259000.0,0.0770596156,76452000.0,32830000.0,36381000.0,32201000.0,43622000.0,15723000.0,-310593000.0,65296860.00000001,78850860.0,0.6737261179174618,1.1298096332412038,0.24339454821325798,0.5667986597624124,-0.1707361795303075,0.6737261179174618,-0.3245811757538836,3.996625045905252,-1.5319270833333334,1.9889387755102044,0.0,0.9590408955034027,0.0,0.21370271542928895,0.49439458401912983,-0.13938157275153037,-9.239685863874346,0.07705961562002693,0.15384615384615388,-10.392899309549755,-0.41605394068238666,-0.6404531918147821,-0.6507628294036061,0.14258126810428065,-0.3553494684460529,0.0743472694040041,-0.1774118627919569,-0.5478352668670515,Diagnostics & Research,Healthcare,ENZ
2023Q1,2023,Q1,2022-12-12,2022-10-31,-12428000.0,18276000.0,-8842000.0,-0.26,3605000.0,0.1972532283,85199000.0,44990000.0,44579000.0,24253000.0,40209000.0,15787000.0,-299273000.0,104260800.0,111617800.0,0.923440065681445,1.8380818867768935,0.22878202795807462,0.4332518337408313,-0.12917825779179523,0.923440065681445,-0.27623916425872413,5.704793171372292,-2.0972964274219503,2.3174216492553903,0.0,0.9293089250649268,0.0,0.21450955997136117,0.9751370964416773,-0.14587025669315368,-11.15685393258427,0.19725322827752242,-8.738095238095239,-6.0437356660104316,-0.36412315413329616,-0.5142263322040399,-0.1693548387096774,-8.601223241590214,0.34391926986718113,-0.17848552235858536,-0.11715089952001712,-0.43933153912250433,Diagnostics & Research,Healthcare,ENZ
2022Q4,2022,Q4,2022-10-14,2022-07-31,1635000.0,20284000.0,-13477000.0,0.0336,4340000.0,0.2139617432,95857000.0,54462000.0,54354000.0,24550000.0,41395000.0,15411000.0,-288638000.0,117597480.0,116581480.0,1.1207556488455366,2.2140122199592667,0.21476783124863078,0.3780066835591789,0.028609839892029188,1.1207556488455366,0.03002093202599978,5.797548806941432,17.981266055045868,2.159257463919797,0.0,1.034585685549283,0.0,0.21160687273751524,1.3490427698574339,0.017056657312455013,-12.458679944909418,0.2139617432459081,1.176842105263158,15.634431490097283,-0.31139622763768876,-0.4139337781438629,-0.5733805170549494,1.1808228268082284,-21.02124183006536,1.2730095485530863,-0.05113819828726456,-0.3804368764571165,Diagnostics & Research,Healthcare,ENZ
2022Q3,2022,Q3,2022-06-09,2022-04-30,-9042000.0,26222000.0,-612000.0,-0.19,10173000.0,0.3879566776,103904000.0,62187000.0,62299000.0,24702000.0,41717000.0,14934000.0,-280205000.0,124218149.99999999,113355149.99999999,1.2765996756512634,2.522022508298923,0.19505505081613797,0.32590412787238493,-0.011568737480258924,1.2765996756512634,-0.14540016402141928,4.737172984516818,-3.434476609157266,1.9974938491967775,0.0,1.0746618454533279,0.0,0.2523675700646751,1.7363371386932231,-0.08702263627964275,-72.94078097475042,0.3879566775989627,0.050000000000000044,-120.21888219675866,-0.0786238616269764,-0.3316309798680909,-0.3723469891411649,0.04408499841420869,-1.145126867441309,-1.1111201154530845,0.2991155061420312,-0.33430908241844687,Diagnostics & Research,Healthcare,ENZ
2022Q2,2022,Q2,2022-03-14,2022-01-31,-9459000.0,34046000.0,4217000.0,-0.2,16208000.0,0.4760617987,108822000.0,65126000.0,66710000.0,26148000.0,43696000.0,13851000.0,-275351000.0,156079840.0,172735840.0,1.3435797986466413,2.551246749273367,0.1912756611714543,0.3196112151828763,0.1465952025857521,1.3435797986466413,-0.14524153179989557,4.584381131410445,-4.1251675652817426,2.396582624451064,0.0,1.2878492527615335,0.0,0.3128595320799103,1.8722273214012544,-0.08692176214368418,-84.64199566160521,0.4760617987428773,-0.6666666666666669,-7.5789050123923865,0.23818739365017794,-0.2910245755180749,0.44122354614974213,-0.6559873949579832,2.7888589398023362,0.08634240527613435,0.7153135015895887,-0.06046753313002321,Diagnostics & Research,Healthcare,ENZ
2022Q1,2022,Q1,2021-12-15,2021-10-31,-5712000.0,26519000.0,1113000.0,-0.12,11246000.0,0.4240733059,108139000.0,66760000.0,65912000.0,23106000.0,41379000.0,13957000.0,-272696000.0,165774240.0,181134240.0,1.377289981845189,2.8525924002423615,0.2008156169374601,0.3252846015578191,0.025892672928472655,1.377289981845189,-0.08556021569802277,6.251149741694634,-7.255525210084033,2.4831372079089276,0.0,1.0942896037830478,0.0,0.24523067533452317,2.055656539426989,-0.05282090642598877,-23.427676653476542,0.4240733059315962,-1.6666666666666667,-2.699287176773487,-0.03685202343344769,-0.2798141953425706,0.14603077550188526,-1.669009135628953,0.0,0.3759308438958546,0.21427235314018603,-0.14115494801972933,Diagnostics & Research,Healthcare,ENZ
2021Q4,2021,Q4,2021-10-12,2021-07-31,8538000.0,24813000.0,,0.18,9813000.0,0.3954781768,113691000.0,68586000.0,70582000.0,26076000.0,45105000.0,12652000.0,-270377000.0,157754660.0,166906660.0,1.417329668740055,2.7067801810093575,0.19945290304421634,0.33062140961712305,,1.417329668740055,0.12448604671507305,6.357742312497481,4.619192433825251,2.3001000204123287,0.0,1.1855833069870376,0.0,0.21824946565691217,2.0593649332719743,0.0750982927408502,-108.19935528120713,0.3954781767621811,59.064516129032256,-0.7740903228963246,-0.10822477140335471,-0.2677536259285334,-0.38844571855914245,57.92,0.0,1.932664589798691,-0.010899303056301839,-0.1758029059864325,Diagnostics & Research,Healthcare,ENZ
2021Q3,2021,Q3,2021-06-11,2021-04-30,-150000.0,32797000.0,4222000.0,-0.0031,16046000.0,0.4892520657,113623000.0,64967000.0,71341000.0,29214000.0,48656000.0,11007000.0,-273645000.0,148560370.0,163427370.0,1.3425430348618546,2.4420141028274114,0.26364380451141056,0.46109563316760815,-0.0027817928726662704,1.3425430348618546,-0.0023088645004386843,4.529693874439736,-247.60061666666667,2.2867050964335736,0.0,1.5218497319887345,0.0,0.28864754495128625,1.9338673238858082,-0.0013201552502574302,265.286375,0.4892520657377199,0.8663793103448276,0.932287684349018,0.18460740405228648,0.17102459510747142,0.014221604196953416,0.8653500897666068,-0.25524783912506616,0.9791491098083335,0.24478055040222862,-0.2683692994819102,Diagnostics & Research,Healthcare,ENZ
2021Q2,2021,Q2,2021-03-16,2021-01-31,-1114000.0,31466000.0,5669000.0,-0.0232,15821000.0,0.5027966694,112031000.0,61789000.0,69883000.0,29949000.0,50242000.0,9258000.0,-275651000.0,139697460.0,126045460.0,1.2871099445902596,2.333400113526328,0.2756736974587391,0.4998300668403761,-0.024466304669456557,1.2871099445902596,-0.018029099030571785,4.439631983728469,-31.350417414721726,2.260879120879121,0.0,1.6898898250162022,0.0,0.2808686881309638,1.8909145547430632,-0.009943676303880176,-105.35253393665158,0.5027966694209623,0.20274914089347087,-1.1565042038070767,0.22970758032281802,0.08924577877358528,0.3298310498444986,0.20086083213773315,1.9206594538897475,-0.20897471056961378,0.1415826425896823,-0.31310919963833855,Diagnostics & Research,Healthcare,ENZ
2021Q1,2021,Q1,2020-12-11,2020-10-31,-1394000.0,28655000.0,1941000.0,-0.0291,11897000.0,0.4151805968,113503000.0,59018000.0,70302000.0,33608000.0,54485000.0,8185000.0,-277953000.0,87168900.0,72924900.0,1.2322371855099696,2.0918233753868125,0.27902346193492683,0.53661594767698,-0.08159104580794828,1.2322371855099696,-0.023619912569046733,3.042013610190194,-15.632873027259684,1.4769883764275307,0.0,2.047403787416005,0.0,0.25246028739328474,1.7247381575815282,-0.01228161370184048,-47.763780821917805,0.4151805967544931,0.5866477272727273,-1.3023961555505736,0.09472645539296784,0.20235322182604967,0.5155414012738854,0.5854891465953018,0.0,0.19632273880455461,0.014166770812742622,-0.351784269011519,Diagnostics & Research,Healthcare,ENZ
2020Q4,2020,Q4,2020-10-19,2020-07-31,-3363000.0,19527000.0,,-0.0704,7850000.0,0.4020074768,112538000.0,58381000.0,68765000.0,32801000.0,54157000.0,7784000.0,-278252000.0,113716400.0,98641400.0,1.221871075763918,2.0964299868906435,0.29136824894702235,0.5616553330706908,,1.221871075763918,-0.057604357582090066,5.8235468838019155,-8.453493904252156,1.9478323427142392,0.0,1.5001284686536485,0.0,0.17351472391547743,1.7379348190603945,-0.029883239439122786,-17.46259213759214,0.40200747682695753,0.7653333333333333,-1.3818320717765,-0.2716435237239182,0.3133837876533857,0.7740112994350282,0.7617765814266487,0.0,-35.79794336631547,-0.3258014317839064,-0.3610584379334711,Diagnostics & Research,Healthcare,ENZ
2020Q3,2020,Q3,2020-06-09,2020-04-30,-14117000.0,16903000.0,,-0.3,4425000.0,0.2617878483,116348000.0,62330000.0,72300000.0,31870000.0,54018000.0,8018000.0,-274927000.0,144295600.0,116295600.0,1.3045207199665132,2.268591151553185,0.22696565475985836,0.4236643670784534,,1.3045207199665132,-0.22648804748917054,8.536685795420931,-2.555351703619749,2.3150264720038503,0.0,1.5562484410077326,0.0,0.14527967820675902,1.9210542830247883,-0.12133427304294014,-32.7052583862194,0.2617878483109507,-0.25,-3.654663257796491,-0.32454433793649057,0.7540556492162772,-0.23825098984334653,-0.25651980418335557,0.0,-191.95094859656055,-0.3944727803817257,-0.3170128020743963,Diagnostics & Research,Healthcare,ENZ
2020Q2,2020,Q2,2020-03-06,2020-01-31,-11235000.0,19384000.0,,-0.24,5809000.0,0.2996801486,116782000.0,70860000.0,71100000.0,23200000.0,45922000.0,7502000.0,-265067000.0,119368069.99999999,95067069.99999999,1.490001471917909,3.064655172413793,0.23292116935829152,0.3838696020321761,,1.490001471917909,-0.15855207451312447,6.1580721213371845,-2.656165331553182,1.684562094270392,0.0,1.8095174620101306,0.0,0.16598448391019163,2.604051724137931,-0.09620489458991968,-19.616774034511092,0.2996801485761453,-0.09090909090909087,-1.5986133214394294,-0.20570849911319786,0.9232994732461106,0.021632078790010553,-0.09141247328540898,0.0,-9.385710187211544,-0.2814778292825376,-0.21376130610496252,Diagnostics & Research,Healthcare,ENZ
2020Q1,2020,Q1,2019-12-10,2019-10-31,-10294000.0,20207000.0,,-0.22,5686000.0,0.2813876379,125236000.0,78328000.0,77294000.0,22999000.0,46908000.0,7568000.0,-257380000.0,150280120.0,121796120.0,1.6470340854132934,3.3607548154267577,0.22684371905841771,0.36269277908283115,,1.6470340854132934,-0.1314217138188132,7.437032711436631,-3.649701768020206,1.9186002451230724,0.0,1.9187367864693445,0.0,0.1613513686160529,2.9031697030305668,-0.08219681241815452,-64.2222735042735,0.281387637947246,-0.8333333333333334,-1.5867919189129824,-0.23721912794491756,1.0324655105462857,-0.10400252127324298,-0.7563555707217199,0.0,-5.795016272553205,-0.25197828829403307,-0.1387648325790881,Diagnostics & Research,Healthcare,ENZ
2019Q4,2019,Q4,2019-10-15,2019-07-31,-5861000.0,20921000.0,,-0.12,6346000.0,0.3033315807,106640000.0,86028000.0,81453000.0,16009000.0,20612000.0,7842000.0,-249732000.0,185947870.0,130404870.0,1.8089450554071955,5.087950527828097,0.04316391597899475,0.05350583530943414,,1.8089450554071955,-0.06812898126191473,8.888096649299747,-7.931576096229313,2.1614807969498306,0.0,1.8585819943891864,0.0,0.1961834208552138,4.427759385345743,-0.054960615153788445,-49.62579930611155,0.3033315807083791,-1.0718562874251498,-0.6817089957580458,-0.23623037275593958,1.1170287153172764,0.1969068276122218,-1.0739418406610737,0.0,-1.1577976575873548,-0.23491671347574186,-0.06543023339521728,Diagnostics & Research,Healthcare,ENZ
2019Q3,2019,Q3,2019-06-10,2019-04-30,79265000.0,19662000.0,,1.67,5302000.0,0.2696572068,111000000.0,90999000.0,85723000.0,15272000.0,20001000.0,7595000.0,-244345000.0,164658440.0,104841440.0,1.91770631374863,5.613082765845992,0.03815315315315315,0.046538972955746764,,1.91770631374863,0.8710535280607479,8.374450208524056,0.5193289598183309,1.8094532906955023,0.0,1.890717577353522,0.0,0.17713513513513512,4.943229439497119,0.7140990990990991,7.3970548068283914,0.2696572067948327,8.952380952380953,159.75644352696952,-0.25273261110610773,1.1867303252757433,0.15789473684210525,8.862811229044738,0.0,37.48950284263864,-0.2757673667266992,0.6727070948780484,Diagnostics & Research,Healthcare,ENZ
2019Q2,2019,Q2,2019-03-11,2019-01-31,-10081000.0,19327000.0,,-0.21,4579000.0,0.2369224401,89120000.0,67497000.0,63640000.0,16596000.0,21623000.0,7514000.0,-266610000.0,177468240.0,139954240.0,1.4300514841416132,3.834658953964811,0.05008976660682226,0.06613627272323214,,1.4300514841416132,-0.1493547861386432,9.18239975164278,-4.401057434778296,2.6292759678207918,0.0,1.9627362257120042,0.0,0.2168649012567325,3.232284887924801,-0.11311714542190306,-11.657901859029101,0.2369224401096911,-0.1052631578947368,-1.508815564110084,-0.25192570326316693,0.8608439427225771,-0.3478137017518872,-0.1314253647586981,0.0,-2.440479741264911,-0.23177668787218958,0.2102132759342685,Diagnostics & Research,Healthcare,ENZ
2019Q1,2019,Q1,2018-12-10,2018-10-31,-8910000.0,21260000.0,,-0.19,7021000.0,0.3302445908,94183000.0,75670000.0,75508000.0,18193000.0,18513000.0,7588000.0,-258202000.0,156657520.0,103880520.0,1.603653626075531,4.150387511680316,0.0,0.0,,1.603653626075531,-0.11774811682304745,7.368650987770461,-4.395553310886644,2.070272499008854,0.0,1.8765155508697944,0.0,0.22573075820477156,3.6064970043423297,-0.09460306000021235,-23.700078668683812,0.33024459078080903,0.0,-1.781728785384839,-0.2335073387266957,0.9895209683260734,-0.2735644076564925,0.0015688032272523531,0.0,-2.9618608923187524,-0.17558577821896812,0.5647621469944203,Diagnostics & Research,Healthcare,ENZ
2018Q4,2018,Q4,2018-10-15,2018-07-31,-8924000.0,24455000.0,,-0.19,9665000.0,0.3952157023,101660000.0,81121000.0,83200000.0,20186000.0,20539000.0,7278000.0,-252221000.0,208504660.0,148816660.0,1.719648951730863,4.121668483107104,0.003472358843202833,0.004351524266219598,,1.719648951730863,-0.11000850581230508,8.526054385606216,-5.841121134020619,2.5702920328891405,0.0,2.0321516900247323,0.0,0.24055675782018493,3.625681165163975,-0.08778280542986425,-82.67432989690721,0.39521570231036596,-0.2666666666666667,-1.412146612132089,-0.11883504427571688,0.9927714457931216,-0.12715614557933713,-0.27522149185481565,0.0,-2.026260815908385,-0.07609189690069318,0.8484430137168083,Diagnostics & Research,Healthcare,ENZ
2018Q3,2018,Q3,2018-06-11,2018-04-30,-6998000.0,25630000.0,966000.0,-0.15,11073000.0,0.4320327741,105451000.0,86379000.0,86416000.0,18668000.0,19072000.0,7278000.0,-246457000.0,282438000.0,220286000.0,1.8350009559620164,4.6290979215770305,0.003831163289110582,0.00467706271200176,0.025710046533194836,1.8350009559620164,-0.0810150615311592,11.019820522824814,-10.089954272649328,3.2697530649810718,0.0,2.000137400384721,0.0,0.24305127499976292,4.12272337690165,-0.06636257598315805,-151.03636363636363,0.43203277409285995,-6.812500000000001,-0.01907389610318367,-0.04701480439792805,1.0490032412389374,-0.023975319524019392,-6.7669256381798,3.3221153846153846,-1.3420386567610836,0.03957524568007709,1.4673381908453453,Diagnostics & Research,Healthcare,ENZ
2018Q2,2018,Q2,2018-03-12,2018-01-31,-901000.0,26952000.0,-416000.0,-0.0192,11345000.0,0.4209335114,108325000.0,87959000.0,89539000.0,19871000.0,20366000.0,7481000.0,-243441000.0,345485760.0,281512760.0,1.873820327645342,4.506013788938654,0.004569582275559658,0.005627621960231472,-0.0021091902093003934,1.873820327645342,-0.010243408860946577,12.818557435440784,-95.86175360710322,3.927804545299515,0.0,2.0862184199973264,0.0,0.24880683129471498,3.9980373408484726,-0.008317562889453034,-146.08277378435517,0.42093351142772334,0.46961325966850836,0.8670132840693825,0.016284358071381632,0.8283351878975848,-0.07349938750510412,0.46968805179517364,-1.9928400954653938,0.7888673066093657,0.11889575362178965,1.4187342878790772,Diagnostics & Research,Healthcare,ENZ
2018Q1,2018,Q1,2017-12-07,2017-10-31,-1699000.0,27676000.0,419000.0,-0.0362,12245000.0,0.4424411042,109256000.0,89182000.0,90983000.0,19541000.0,20074000.0,7210000.0,-242540000.0,462102900.0,395786900.0,1.9009677281834847,4.656005322143186,0.0048784506114080695,0.005976542351595613,0.012326858342106721,1.9009677281834847,-0.019050929559776636,16.696881774822952,-67.99630665097115,5.1815713933304925,0.0,2.140221914008322,0.0,0.25331331917697886,4.160073691213347,-0.015550633374826097,216.54306466729147,0.44244110420581007,-19.1,0.6146039201967545,-0.09590789904859241,0.6334466091030603,-0.011383820442435008,-19.074468085106382,3.5393939393939395,0.5672045388495108,0.059042188962377645,1.345823549380246,Diagnostics & Research,Healthcare,ENZ
2017Q4,2017,Q4,2017-09-27,2017-07-31,94000.0,28171000.0,-165000.0,0.002,12386000.0,0.4396720031,107665000.0,88872000.0,89084000.0,17810000.0,18793000.0,7047000.0,-241900000.0,504232050.0,440638050.0,1.912336195210122,5.001909039865244,0.005322063809037291,0.006447475020253848,-0.002427337928634074,1.912336195210122,0.0010577009631830047,17.898975897199247,1341.0426861702126,5.6736885633270315,0.0,2.2399602667801903,0.0,0.2616542051734547,4.455193711398091,0.0008730785306274091,370.75886029411765,0.4396720031237798,2.3333333333333335,1.0028932153637145,-0.10886270818835143,0.5121169177620208,0.017497740901996222,2.323943661971831,-1.2538461538461538,1.0276007397068478,0.05243661694457562,1.2380285274552454,Diagnostics & Research,Healthcare,ENZ
2017Q3,2017,Q3,2017-06-08,2017-04-30,-71000.0,27089000.0,650000.0,-0.0015,12173000.0,0.4493705932,106577000.0,88562000.0,87462000.0,16958000.0,18015000.0,7170000.0,-241994000.0,410811620.0,348841620.0,1.9100222140746652,5.157565750678146,0.0061645570807960445,0.0074185316501434026,0.013172004111149452,1.9100222140746652,-0.0008016982452970801,15.165256007973717,-1446.5197887323943,4.638689505657053,0.0,2.0803347280334727,0.0,0.2541730392110868,4.625073711522585,-0.0006661850117755238,2023.7025615763546,0.4493705932297242,0.9339207048458149,0.9825707340699152,-0.1258724380353847,-0.029478039740752006,0.04149555099247091,0.932573599240266,4.714285714285714,0.8544695841609595,0.0536268649854,1.177968267363625,Diagnostics & Research,Healthcare,ENZ
2017Q2,2017,Q2,2017-03-13,2017-01-31,-1053000.0,26260000.0,-175000.0,-0.0227,11688000.0,0.4450875857,106391000.0,87728000.0,86879000.0,17565000.0,18663000.0,7115000.0,-241923000.0,309230560.0,247501560.0,1.8951006653417437,4.946142897808141,0.00656070532281866,0.007956410724056173,-0.0020690874793680737,1.8951006653417437,-0.012003009301477293,11.77572581873572,-73.41656220322886,3.5248787160313695,0.0,2.048067463106114,0.0,0.24682538936564183,4.428237973242243,-0.009897453731988607,-115.64344053851907,0.4450875856816451,0.2884012539184952,0.7918989074083729,-0.1228268169647415,-0.07178742922037036,-0.03237022932361951,0.2856173677069199,-0.1437908496732026,0.7328099109852021,0.036339045257119174,1.4659857585948937,Diagnostics & Research,Healthcare,ENZ
2017Q1,2017,Q1,2016-12-08,2016-10-31,-1474000.0,26284000.0,-153000.0,-0.0319,12079000.0,0.459557145,110471000.0,88491000.0,90438000.0,20777000.0,21980000.0,7248000.0,-240870000.0,282259200.0,217848200.0,1.9124092323651452,4.352793954853925,0.025373174860370596,0.03167553762529523,-0.001686230490440634,1.9124092323651452,-0.016657061170062493,10.738822097093289,-47.872998643147895,3.1896938671729327,0.0,1.9598509933774835,0.0,0.23792669569389252,3.9115849256389277,-0.013342868264069304,-333.24580873671783,0.4595571450311977,-1.0414285714285714,0.726410330956105,-0.1486680955243556,-0.11571234495881842,-0.0004964832436905255,-1.0407914764079147,0.0,0.5307227980283881,-0.033657475160872745,1.3725686182756922,Diagnostics & Research,Healthcare,ENZ
2016Q4,2016,Q4,2016-10-13,2016-07-31,36135000.0,26603000.0,,0.77,12085000.0,0.4542720746,111821000.0,89554000.0,91397000.0,20568000.0,22267000.0,6971000.0,-239396000.0,310914240.0,245593240.0,1.935591242138025,4.443650330610657,0.021963674086262867,0.027424793979051745,,1.935591242138025,0.40349956450856467,11.687187159342932,2.1510601909506017,3.471807401121111,0.0,2.0826280304117057,0.0,0.23790701209969506,4.004716063788409,0.32315039214458824,8.641067229926906,0.45427207457805513,17.812227074235807,8.469975483707566,-0.17495475152189438,-0.1604837985122367,0.055919615552643076,18.085106382978722,0.0,10.95850978754675,-0.022667546842722385,1.243010676206648,Diagnostics & Research,Healthcare,ENZ
2016Q3,2016,Q3,2016-06-08,2016-04-30,-2115000.0,26433000.0,331000.0,-0.0458,11445000.0,0.4329815004,76488000.0,52968000.0,55157000.0,21672000.0,23520000.0,6978000.0,-275531000.0,230080980.00000003,201292980.00000003,1.146468691153871,2.545081210778885,0.04670013596904089,0.06743694305996073,0.005741301724704867,1.146468691153871,-0.03992976891708201,8.704308251049826,-27.196333333333335,4.34377322156774,0.0,2.1478933791917454,0.0,0.3455836209601506,2.1391657438169065,-0.027651396297458424,-65.62492298916145,0.4329815003972307,-1.3053333333333335,0.1651873315558813,-0.14761929940792712,-0.518655031826261,0.057861170163601074,-1.3095725995316159,0.0,0.6861930108199883,0.0013928937543288646,0.2801726650445786,Diagnostics & Research,Healthcare,ENZ
2016Q2,2016,Q2,2016-03-09,2016-01-31,6832000.0,24560000.0,,0.15,10819000.0,0.4405130293,80906000.0,54447000.0,59154000.0,24504000.0,26459000.0,7395000.0,-273416000.0,210571890.0,178261890.0,1.1816524513314668,2.414054848188051,0.05816626702593133,0.0864326776498246,,1.1816524513314668,0.12547982441640496,8.573774022801302,7.7053531176815,3.867465425092292,0.0,1.8581473968897904,0.0,0.30356215855437174,2.036116552399608,0.08444367537636269,32.53080333693805,0.4405130293159609,0.4999999999999999,1.9922482063212217,-0.14214506553991033,-0.5085818145241222,-0.03694142780843867,0.5408209291835814,0.0,2.0273051617195716,-0.05654596127225399,0.15296900389036056,Diagnostics & Research,Healthcare,ENZ
2016Q1,2016,Q1,2015-12-08,2015-10-31,4434000.0,25177000.0,,0.1,11234000.0,0.4462008976,74396000.0,47213000.0,52767000.0,25789000.0,27183000.0,7582000.0,-280248000.0,171372960.0,144293960.0,1.0248545628201788,2.04610492845787,0.04789235980429055,0.07546650286997225,,1.0248545628201788,0.09391481159850042,6.806726774436986,9.662435723951287,3.6297833223900198,0.0,1.8389606963861778,0.0,0.3384187321899027,1.6830819341579744,0.05959997849346739,13.549411764705882,0.4462008976446757,-0.4444444444444444,4.273496189543567,-0.18699773313901058,-0.5965081236294245,-0.007334099142882389,-0.47476901208244493,0.0,2.024265885020264,-0.16243901659427548,-0.11937210419553287,Diagnostics & Research,Healthcare,ENZ
2015Q4,2015,Q4,2015-10-13,2015-07-31,8442000.0,25697000.0,,0.18,11317000.0,0.4404016033,68394000.0,42606000.0,46486000.0,23958000.0,25788000.0,7396000.0,-284682000.0,137391000.0,122868000.0,0.9303229469179204,1.9403122130394859,0.05243149983916718,0.08416654931230343,,0.9303229469179204,0.19814110688635403,5.34657742148889,4.068674484719261,3.224686663850162,0.0,1.9442942130881558,0.0,0.3757200924057666,1.538859671091076,0.12343187998947276,35.639688715953305,0.4404016032999961,3.8346456692913384,2.2737620437855193,-0.14310054953178586,-0.6346927036484891,0.07955737861299246,3.9040247678018574,0.0,1.2636707385649468,-0.17512439884498604,-0.2643777435472138,Diagnostics & Research,Healthcare,ENZ
2015Q3,2015,Q3,2015-06-09,2015-04-30,-2907000.0,23986000.0,849000.0,-0.0635,10483000.0,0.4370466105,58516000.0,34060000.0,36065000.0,22536000.0,24456000.0,7978000.0,-293124000.0,128231599.99999999,117945599.99999999,0.7437168373474246,1.6003283635072771,0.06987832387723016,0.12005284791544334,0.021236670306437746,0.7437168373474246,-0.0853493834409865,5.346101892770783,-11.02782937736498,3.764873752201996,0.0,1.692529456004011,0.0,0.4099049832524438,1.153177138800142,-0.04967872034998975,-57.944690465431535,0.43704661052280497,0.3014301430143014,0.4715669597177939,-0.161253255354352,-0.7223452281580739,0.045372955723972874,0.28941579076020535,-0.5725075528700906,0.27750017384853654,-0.21636894630344172,-0.6221020271170443,Diagnostics & Research,Healthcare,ENZ
2015Q2,2015,Q2,2015-03-12,2015-01-31,-4091000.0,23092000.0,1986000.0,-0.0909,10028000.0,0.4342629482,59543000.0,34862000.0,37017000.0,22690000.0,24681000.0,8283000.0,-290217000.0,141750000.0,130519000.0,0.7747111111111111,1.6314235345967387,0.06910971902658583,0.11803683093339452,0.048848122428285075,0.7747111111111111,-0.11734840227181459,6.138489520180149,-8.662307504277683,4.066031782456543,0.0,1.5772063262103102,0.0,0.38782056664931225,1.1961657117672984,-0.06870664897637002,-34.52264978080857,0.4342629482071713,-0.08602150537634407,0.6663981216111542,-0.1612144224963339,-0.7216460333712551,-0.0882807527957087,-0.0970769643336015,-0.14396551724137932,0.16829579088683566,-0.20650242528597554,-0.6205496598639455,Diagnostics & Research,Healthcare,ENZ
2015Q1,2015,Q1,2014-12-09,2014-10-31,-3729000.0,24824000.0,2320000.0,-0.0837,10999000.0,0.4430792781,62619000.0,36113000.0,39748000.0,24509000.0,26506000.0,8523000.0,-286126000.0,232624080.0,220071080.0,0.8103626245399874,1.6217715941082869,0.06448522014085181,0.11181568964084955,0.05894100764972425,0.8103626245399874,-0.10325921413341456,9.370934579439252,-15.595607401448108,6.441560656827181,0.0,1.622081426727678,0.0,0.3964291988054744,1.1820147700844588,-0.05955061562784458,-77.05335541570057,0.4430792781179504,-0.14188267394270113,-0.7462008110531074,-0.1620580891722744,-0.7359590536068065,0.005852766346593507,-0.17671189649731778,0.6,0.2813313511753516,-0.1651406429476037,-0.6252927182843362,Diagnostics & Research,Healthcare,ENZ
2014Q4,2014,Q4,2014-10-09,2014-07-31,-3169000.0,24907000.0,1450000.0,-0.0733,10935000.0,0.4390332035,64411000.0,36950000.0,40736000.0,24965000.0,27461000.0,8690000.0,-282397000.0,207566400.0,194227400.0,0.8544735564137548,1.6317244141798517,0.06390212851842077,0.1113937753721245,0.034890158547811315,0.8544735564137548,-0.08576454668470906,8.333657204801863,-16.374755443357525,5.617493910690122,0.0,1.607825086306099,0.0,0.3866886090885097,1.198678149409173,-0.04919967086367236,269.9172951885566,0.4390332035170835,-5.980952380952381,0.4619079120175095,-0.11989136537686375,-0.7257337513070347,0.05204925918799307,-5.964835164835165,0.0,0.2990793076939619,-0.17353570013704533,-0.6293926224010771,Diagnostics & Research,Healthcare,ENZ
2014Q3,2014,Q3,2014-06-09,2014-04-30,-455000.0,23978000.0,,-0.0105,10394000.0,0.4334806906,62516000.0,37923000.0,38199000.0,22145000.0,24593000.0,8976000.0,-279228000.0,181620600.0,170900600.0,0.8769743079804824,1.7249491984646648,0.06532727621728837,0.10769190201197162,,0.8769743079804824,-0.011997995939139836,7.574468262574026,-99.79153846153847,4.789193892888221,0.0,1.5133689839572193,0.0,0.38354981124832044,1.2246105215624294,-0.0072781367969799735,98.49273318872018,0.4334806906330803,0.8766157461809636,0.9070240025875723,-0.09870920910838754,-0.7251347885752715,0.06376010643741685,0.8724060572069545,0.0,0.8081218087183494,-0.17389420638989758,-0.6318022693326241,Diagnostics & Research,Healthcare,ENZ
2014Q2,2014,Q2,2014-03-11,2014-01-31,-3566000.0,22928000.0,-581000.0,-0.0851,9771000.0,0.4261601535,55734000.0,32190000.0,30641000.0,22647000.0,23544000.0,9220000.0,-278773000.0,117702470.0,114073470.0,0.7684961921359849,1.352982735020091,0.07162593748878603,0.12401366884125505,-0.01578536705039693,0.7684961921359849,-0.11077974526250388,5.133568998604327,-8.25171550757151,3.656491767629699,0.0,1.427006507592191,0.0,0.41138263896364874,0.8599814544972844,-0.06398248824774823,-78.15569057104913,0.4261601535240754,-0.25331369661266556,0.5844941821232017,-0.019949378598192954,-0.7665429819565971,-0.07637772946403251,-0.2795120200932903,-0.04684684684684685,0.4302835728703058,-0.1190391623521379,-0.6804026396602031,Diagnostics & Research,Healthcare,ENZ
2014Q1,2014,Q1,2013-12-10,2013-10-31,-2787000.0,24134000.0,-555000.0,-0.0679,10579000.0,0.4383442446,58286000.0,33094000.0,32390000.0,24241000.0,25192000.0,9107000.0,-275207000.0,102231930.00000001,99574930.00000001,0.8060501254353704,1.3361659997524855,0.08182067734962084,0.14410467154166917,-0.014755883350233884,0.8060501254353704,-0.08421466126790354,4.236012679207757,-9.17042787944026,3.089137910195202,0.0,1.4884155045569343,0.0,0.4140616957760011,0.8721999917495152,-0.0478159420787153,-28.07027182866557,0.43834424463412613,0.13392857142857137,0.602122167409103,0.04193510220120354,-0.7704806630869984,0.11982639991531703,0.10154738878143134,0.0,-1.308688104017123,-0.12556158068494588,-0.682652847184795,Diagnostics & Research,Healthcare,ENZ
2013Q4,2013,Q4,2013-10-15,2013-07-31,-3102000.0,23270000.0,,-0.0784,9447000.0,0.4059733563,58958000.0,34132000.0,32556000.0,23852000.0,24826000.0,8805000.0,-272420000.0,86225540.0,81587540.0,0.8629433924101838,1.3649169880932417,0.07410359917229214,0.1280030469940232,,0.8629433924101838,-0.09088245634595102,3.7054379028792437,-6.9491892327530635,2.526237548341732,0.0,1.5699034639409426,0.0,0.3946877438176329,0.8927972497065235,-0.05261372502459378,-50.24798368298368,0.4059733562526859,0.47733333333333333,0.11360583703618231,0.0233446171239383,-0.7701505042625465,0.04409814323607427,0.46239168110918544,0.0,0.45807105266581694,-0.10153446220726886,-0.6611504439075414,Diagnostics & Research,Healthcare,ENZ
2013Q3,2013,Q3,2013-06-10,2013-04-30,-5770000.0,22598000.0,,-0.15,9048000.0,0.400389415,57628000.0,35422000.0,30353000.0,20732000.0,22206000.0,9271000.0,-269318000.0,88598720.00000001,84070720.00000001,0.8955578590751649,1.4640652131969902,0.019365586173387937,0.031505843825870926,,0.8955578590751649,-0.162893117271752,3.9206443048057356,-3.8387660311958407,2.5012342611936087,0.0,1.4615467587099558,0.0,0.3921357673353231,0.9083542349990353,-0.10012493926563476,-21.47847757575758,0.4003894149924772,-0.07142857142857129,-1.549028323200571,0.11058847676348021,-0.7592068340632395,0.04697986577181208,-0.01691928093056045,0.0,-0.21444638370503663,-0.08504312852678207,-0.665657814176123,Diagnostics & Research,Healthcare,ENZ
2013Q2,2013,Q2,2013-03-12,2013-01-31,-5674000.0,22210000.0,,-0.14,8642000.0,0.3891040072,62226000.0,40290000.0,34117000.0,20444000.0,21936000.0,9300000.0,-263548000.0,113611680.0,104634680.0,1.0248778998778998,1.6688025826648405,0.016809693697168386,0.025961777115909655,,1.0248778998778998,-0.14082898982377762,5.115339036470059,-5.005801903419105,2.819848101265823,0.0,1.4589247311827958,0.0,0.3569247581396844,1.1056055566425358,-0.09118374955806255,-33.46441237113402,0.38910400720396215,-0.4893617021276597,-0.30914188889762545,0.13954422408005188,-0.7270190237915696,-0.2636332651670075,-0.5372527770251965,0.0,0.4703661744594161,-0.07652458348460248,-0.6317610207861915,Diagnostics & Research,Healthcare,ENZ
2013Q1,2013,Q1,2012-12-10,2012-10-31,-3691000.0,25630000.0,,-0.094,11736000.0,0.4579008974,67005000.0,45712000.0,38177000.0,19835000.0,21293000.0,8671000.0,-257874000.0,78558000.0,65957000.0,1.1637770819012705,1.9247290143685405,0.0,0.0,,1.1637770819012705,-0.08074466223311165,3.065079984393289,-5.320915740991602,1.7185421771088554,0.0,1.6023526698189368,0.0,0.38250876800238787,1.3815981850264685,-0.05508544138497127,-44.43325791855204,0.4579008973858759,0.8657142857142858,-1.800529193749808,0.23197745078283866,-0.6978923854033205,0.0051387461459403904,0.8640165051762886,0.0,-0.9609638625979701,-0.01844531709495815,-0.6208058062026803,Diagnostics & Research,Healthcare,ENZ
2012Q4,2012,Q4,2012-10-15,2012-07-31,-27143000.0,26410000.0,20607000.0,-0.7,11676000.0,0.4421052632,69123000.0,49101000.0,40368000.0,18956000.0,20022000.0,8800000.0,-254183000.0,58237500.0,43161500.0,1.2646748229233742,2.129563198987128,0.0,0.0,0.391811784904063,1.2646748229233742,-0.5527993319891652,2.2051306323362363,-0.5363952031831412,1.1860756400073318,0.0,1.6743181818181818,0.0,0.3820725373609363,1.5409896602658788,-0.3926768224758763,1493.2692307692307,0.4421052631578947,-6.963594994311717,-6.690225370251126,0.3912278714888026,-0.6735236249335194,-0.03151957531519575,-6.957490472002346,0.0,-4.13329904333529,0.03941172979466985,-0.5940686322050697,Diagnostics & Research,Healthcare,ENZ
2012Q3,2012,Q3,2012-06-11,2012-04-30,-3411000.0,25949000.0,,-0.0879,12056000.0,0.4646036456,95523000.0,76409000.0,40872000.0,16325000.0,19114000.0,9396000.0,-227040000.0,106380500.00000001,101133500.00000001,1.9680360592401802,2.50364471669219,0.0,0.0,,1.9680360592401802,-0.04464133806227015,4.099599213842538,-7.796870419231897,1.3922509128505807,0.0,1.4786079182630907,0.0,0.2716518534803136,1.7848698315467075,-0.03570867749128482,-32.45286760219646,0.4646036456125477,0.20090909090909087,0.16040787891239683,0.7537216442157427,-0.5013063390660519,0.04119526729423957,0.19189765458422176,0.0,0.22367151773589644,0.0863679762173912,-0.38316933279352056,Diagnostics & Research,Healthcare,ENZ
2012Q2,2012,Q2,2012-03-12,2012-01-31,-4221000.0,24973000.0,,-0.11,11579000.0,0.4636607536,98758000.0,78841000.0,43774000.0,17096000.0,19917000.0,9391000.0,-223629000.0,98470800.0,89881800.0,2.0416666666666665,2.5604819840898454,0.0,0.0,,2.0416666666666665,-0.053538133712154844,3.943090537780803,-5.832196162046908,1.2489795918367348,0.0,1.426259184325418,0.0,0.25287065351667715,1.8713734206832007,-0.042740841248303935,-63.817757615035646,0.463660753613903,0.0833333333333333,0.2230910974798088,1.3027491473437307,-0.4729555911531629,-0.018895102524995763,0.06074766355140187,0.0,0.4665139183938385,0.15788392181885688,-0.3797738795376192,Diagnostics & Research,Healthcare,ENZ
2012Q1,2012,Q1,2011-12-12,2011-10-31,-4494000.0,25753000.0,,-0.12,11802000.0,0.4582767056,103954000.0,83472000.0,47601000.0,17563000.0,20482000.0,9224000.0,-219408000.0,110387420.0,99010420.0,2.1626551286369406,2.710300062631669,0.0,0.0,,2.1626551286369406,-0.05383841288096607,4.286390711761737,-6.140822207387628,1.3224484857197623,0.0,1.512467476149176,0.0,0.24773457490813244,2.0524967260718556,-0.04323065971487389,-43.22138606108066,0.45827670562652895,-0.1999999999999999,-2.0163487119712684,1.0625793287968526,-0.2636172860760999,-0.0196045854793155,-0.11707680835197613,0.0,0.3175363797277418,0.18269524739564177,-0.38419317182272156,Diagnostics & Research,Healthcare,ENZ
2011Q4,2011,Q4,2011-10-14,2011-07-31,-4023000.0,26816000.0,,-0.1,12038000.0,0.4489110979,109474000.0,88715000.0,51399000.0,17729000.0,20759000.0,9260000.0,-214914000.0,146985960.0,132824960.0,2.305603201829617,2.899148288115517,0.0,0.0,,2.305603201829617,-0.045347460970523584,5.481278341288783,-9.134101416853094,1.6568332300061994,0.0,1.5958963282937364,0.0,0.24495313955825126,2.2226859946979527,-0.036748451687158595,-43.71979773944081,0.44891109785202865,-0.8248175182481753,0.25231324346473116,1.2662476660070168,-0.22223550019358276,-0.0263668715626011,-0.9066350710900474,0.0,-0.1816859328055398,0.21223400404271855,-0.3858905022366774,Diagnostics & Research,Healthcare,ENZ
2011Q3,2011,Q3,2011-06-09,2011-04-30,-2110000.0,25827000.0,,-0.0548,12364000.0,0.4787238162,110275000.0,91647000.0,53066000.0,15865000.0,18628000.0,9697000.0,-210891000.0,153527220.0,143818220.0,2.3818025884921252,3.3448471478096438,0.0,0.0,,2.3818025884921252,-0.023023121324211377,5.944446509466837,-18.190428909952608,1.675201806933124,0.0,1.388367536351449,0.0,0.23420539560190434,2.6023952095808385,-0.019133983223758786,-44.69496943231441,0.4787238161613815,0.6346666666666666,0.4853888507779206,1.2474889563466214,-0.22722747659654893,0.19678637111605846,0.630343377715487,0.0,0.04181748352122742,0.3047402501533556,-0.35959270514173025,Diagnostics & Research,Healthcare,ENZ
2011Q2,2011,Q2,2011-03-14,2011-01-31,-5708000.0,23734000.0,,-0.15,10331000.0,0.4352827168,111455000.0,91850000.0,54376000.0,16890000.0,19605000.0,9002000.0,-208787000.0,189462080.0,180473080.0,2.4045761558196763,3.2194197750148015,0.0,0.0,,2.4045761558196763,-0.062144801306477954,7.982728575040027,-8.298093903293623,2.062733587370713,0.0,1.4888913574761165,0.0,0.212946929253959,2.5666074600355238,-0.05121349423534162,-259.89311385459536,0.4352827167776186,-4.1020408163265305,-0.0839620228061747,0.9777771939434183,-0.24104224531559548,-0.2332071550508424,-4.087344028520499,0.0,-0.3553949619864147,0.25325105368058964,-0.3595300020993998,Diagnostics & Research,Healthcare,ENZ
2011Q1,2011,Q1,2010-12-10,2010-10-31,-1122000.0,25652000.0,,-0.0294,13473000.0,0.5252222049,115450000.0,96925000.0,57878000.0,15822000.0,18525000.0,9367000.0,-203076000.0,158745600.0,149993600.0,2.5399633123689727,3.6580710403236,0.0,0.0,,2.5399633123689727,-0.011575960794428682,6.188429752066115,-35.37112299465241,1.6378189321640444,0.0,1.3002028397565923,0.0,0.22219142485924642,2.9352799898874986,-0.009718492854049372,-78.47039050914483,0.5252222048963043,0.79,0.7122562079644154,1.126642619008581,-0.22543559501236168,0.31803952259831736,0.7964810448031925,0.0,0.12372388814016164,0.2691923347217223,-0.34064498313606684,Diagnostics & Research,Healthcare,ENZ
2010Q4,2010,Q4,2010-10-14,2010-07-31,-5513000.0,24945000.0,,-0.14,10222000.0,0.4097815193,115245000.0,97016000.0,57738000.0,15557000.0,18229000.0,8882000.0,-201954000.0,175237000.0,166478000.0,2.5466859167869798,3.711383942919586,0.0,0.0,,2.5466859167869798,-0.05682567823864105,7.024934856684706,-7.946535461636133,1.806269069019543,0.0,1.6576221571718082,0.0,0.21645190680723675,2.9936363052002313,-0.047837216365135146,-193.63204419889502,0.40978151934255364,-0.16666666666666682,-1.3348088579998627,0.9354611711749969,-0.2444154572086213,-0.05404404960207292,-0.20476398601398602,0.0,-0.5918886993043705,0.33923522323522054,-0.3425718837166683,Diagnostics & Research,Healthcare,ENZ
2010Q3,2010,Q3,2010-06-09,2010-04-30,-4576000.0,23788000.0,,-0.12,10806000.0,0.4542626534,116488000.0,102040000.0,58732000.0,12300000.0,14448000.0,10191000.0,-196441000.0,227427150.0,218830150.0,2.6785667410421317,4.774959349593496,0.0,0.0,,2.6785667410421317,-0.04484515876127009,9.560583067092653,-12.424997268356643,2.228803900431203,0.0,1.273869100186439,0.0,0.2042098756953506,3.7756097560975608,-0.039283016276354644,-22.672430465556776,0.4542626534387086,0.5555555555555556,-1.5775008388391611,0.8234751303559286,-0.21847055802135143,-0.007257694074414332,0.5569326103795508,0.0,-0.14793193324925016,0.6384811609943623,-0.32126027474215335,Diagnostics & Research,Healthcare,ENZ
2010Q2,2010,Q2,2010-03-12,2010-01-31,-10328000.0,23186000.0,-819000.0,-0.27,10885000.0,0.4694643319,127099000.0,105480000.0,68708000.0,19413000.0,21619000.0,10048000.0,-191863000.0,176609340.0,168452340.0,2.783186891474709,3.5392778035337145,0.0,0.0,-0.007854241809375134,2.783186891474709,-0.09791429654910884,7.61706805831105,-4.275013071262587,1.6743395904436862,0.0,1.2242237261146496,0.0,0.1824247240340207,2.908978519548756,-0.08125949063328586,-97.95304492512479,0.46946433192443715,-4.6367432150313155,-15.555212538589409,0.7466472672024663,-0.19558202244620368,-0.1833595918673569,-4.693495038588754,0.0,-0.9369147663202628,1.1784183140464783,-0.2815364457497694,Diagnostics & Research,Healthcare,ENZ
2010Q1,2010,Q1,2009-12-10,2009-10-31,-1814000.0,25165000.0,,-0.0479,13329000.0,0.5296642162,131760000.0,116180000.0,72428000.0,13252000.0,15580000.0,9686000.0,-181535000.0,208581050.0,202507050.0,3.069079381851803,5.465439178991851,0.0,0.0,,3.069079381851803,-0.015613702874849372,8.2885376515001,-28.74601019845645,1.7953266483043553,0.0,1.221969853396655,0.0,0.19099119611414694,4.533730757621491,-0.013767455980570735,-52.46002263581489,0.5296642161732565,0.6578571428571429,-1.2212455186848081,1.0919616595039567,-0.10559566637501419,0.38396843526113594,0.6446620959843291,0.0,-0.24141235045528345,1.0549916766998015,0.04501960323204194,Diagnostics & Research,Healthcare,ENZ
2009Q4,2009,Q4,2009-10-14,2009-07-31,-5105000.0,24531000.0,-5464000.0,-0.14,9631000.0,0.392605275,133128000.0,116781000.0,74461000.0,13943000.0,16347000.0,9264000.0,-179721000.0,191168400.0,184239400.0,3.115489275424181,5.340385856702288,0.0,0.0,-0.04381051920757947,3.115489275424181,-0.043714302840359306,7.792931392931393,-9.361821743388834,1.63698204331184,0.0,1.6083765112262522,0.0,0.18426627005588606,4.497955963565947,-0.03834655369268674,-58.05296082599453,0.3926052749582161,-0.2727272727272728,-0.08176617211107444,1.4190886757276036,-0.0514931127594819,-0.04567974633372969,-0.20344177274870345,0.0,0.026060537363243947,1.1281154586155764,0.050968768619715214,Diagnostics & Research,Healthcare,ENZ
2009Q3,2009,Q3,2009-09-04,2009-04-30,-4242000.0,23061000.0,,-0.11,10092000.0,0.4376219592,137585000.0,119595000.0,80047000.0,15861000.0,17990000.0,10458000.0,-174442000.0,153684400.0,146130400.0,3.190561306157294,5.046781413530042,0.0,0.0,,3.190561306157294,-0.03546971027216857,6.664255669745458,-9.057307873644506,1.2850403444960072,0.0,1.2401032702237522,0.0,0.16761274848275612,4.263035117584011,-0.03083184940218774,-29.720440920518275,0.43762195915181473,0.45,-6.802006090714647,0.6583632184552872,-0.0648890125470206,0.21065259117082533,0.4471523524045354,0.0,-0.06202309492950595,1.060005124512523,0.03517315983500308,Diagnostics & Research,Healthcare,ENZ
2009Q2,2009,Q2,2009-03-12,2009-01-31,-7673000.0,20916000.0,,-0.2,8336000.0,0.3985465672,139829000.0,123275000.0,93585000.0,14301000.0,16554000.0,8109000.0,-170199000.0,183125610.0,174645610.0,3.2918101951988037,6.543947975666037,0.0,0.0,,3.2918101951988037,-0.06224295274792131,8.755288296041307,-5.966558386550241,1.485504846887041,0.0,1.551362683438155,0.0,0.14958270458917677,5.872666247115586,-0.054874167733445854,-53.42053967327888,0.398546567221266,-0.1764705882352941,-3.441128858959525,0.5972505458348271,-0.042124600264427374,-0.013841239796521946,-0.20455259026687597,0.0,-0.48626311403543365,0.7778104675502218,0.03899594469016726,Diagnostics & Research,Healthcare,ENZ
2009Q1,2009,Q1,2008-12-10,2008-10-31,-6370000.0,21064000.0,,-0.17,8453000.0,0.4013007976,146505000.0,131124000.0,99747000.0,12921000.0,15381000.0,8723000.0,-162527000.0,215434489.99999997,178608489.99999997,3.5119050807509975,7.719758532621314,0.0,0.0,,3.5119050807509975,-0.04857997010463378,10.227615362704139,-8.45504277864992,1.6429829016808517,0.0,1.4457182162100195,0.0,0.14377666291252858,6.908288832133736,-0.04347974471861028,-93.91215780296424,0.4013007975693126,-0.9209039548022602,-15.641592918519475,0.7302208541224757,0.01238068920219915,-0.0920515574650913,-0.9545872967167843,0.0,-0.6696347855106157,0.7847733570788055,0.07095903944686807,Diagnostics & Research,Healthcare,ENZ
2008Q4,2008,Q4,2008-10-14,2008-07-31,-3259000.0,21176000.0,,-0.0885,9310000.0,0.4396486589,154522000.0,138289000.0,105680000.0,13288000.0,16233000.0,9514000.0,-156157000.0,523411140.00000006,445089140.00000006,3.7543845360264974,7.953040337146297,0.0,0.0,,3.7543845360264974,-0.023566588810389835,24.717186437476393,-40.15120742559067,3.784907982558266,0.0,1.247214631070002,0.0,0.13704197460555778,7.049217338952438,-0.021090847905152664,-162.8534971997511,0.4396486588590858,-0.5472027972027971,-0.1005731421435903,0.6926971634294304,0.07721086053198645,-0.0028917211095641,-0.5460151802656547,0.0,-0.4274693578888569,0.6992762095372291,0.11390058130748555,Diagnostics & Research,Healthcare,ENZ
2008Q3,2008,Q3,2008-06-09,2008-04-30,-2108000.0,18949000.0,,-0.0572,9337000.0,0.4927436804,150814000.0,136993000.0,118597000.0,11301000.0,13821000.0,6461000.0,-152898000.0,301302120.0,204799120.0,3.7191996524949773,10.49438102822759,0.0,0.0,,3.7191996524949773,-0.015387647544035097,15.900687107499076,-35.733173624288426,2.199397925441446,0.0,1.487695403188361,0.0,0.12564483403397564,9.789045217237412,-0.013977482196613046,-162.60233135456016,0.4927436804052984,0.48,-2.4566638091036963,0.3870276407974702,0.05037945640500609,0.03205482480380237,0.47989143844066123,0.0,-0.228011687525927,0.502267613420407,0.0851564698704156,Diagnostics & Research,Healthcare,ENZ
2008Q2,2008,Q2,2008-03-11,2008-01-31,-4053000.0,18226000.0,,-0.11,9047000.0,0.4963787995,151246000.0,138019000.0,119947000.0,10553000.0,13227000.0,6268000.0,-150791000.0,344092320.0,245539320.0,3.754393123333877,11.366151805173883,0.0,0.0,,3.754393123333877,-0.029365522138256328,18.87920114122682,-21.224544781643225,2.493079358639028,0.0,1.4644224633056797,0.0,0.12050566626555413,10.617454752203164,-0.026797402906523146,-66.74923763336567,0.4963787995171733,-2.2738095238095237,-3.392843103310495,0.18666555885724903,0.07222669487966529,-0.08449706537138231,-2.289772727272727,0.0,-5.69767014852293,0.41546574367259287,0.08512343618213755,Diagnostics & Research,Healthcare,ENZ
2008Q1,2008,Q1,2007-12-10,2007-10-31,-1232000.0,19447000.0,,-0.0336,9882000.0,0.5081503574,157384000.0,141441000.0,126370000.0,13173000.0,15943000.0,6413000.0,-146736000.0,444642870.0,340856870.0,3.8521938066835526,9.593107113034236,0.0,0.0,,3.8521938066835526,-0.008710345656492813,22.864342572119092,-90.22785511363637,3.1436632235349014,0.0,1.491501637299236,0.0,0.12356402175570579,8.982008654065133,-0.007827987597214456,-282.67188175460905,0.5081503573816013,0.6303630363036303,-1.2854937587056348,-0.04240957321625017,0.11467077006311613,0.07529923830250272,0.63003003003003,0.0,-1.1549187445968874,0.6667308009891983,0.12262291260196205,Diagnostics & Research,Healthcare,ENZ
2007Q4,2007,Q4,2007-10-15,2007-07-31,-3330000.0,17910000.0,-4909000.0,-0.0909,9190000.0,0.5131211614,159002000.0,141894000.0,128291000.0,14441000.0,17108000.0,7022000.0,-145504000.0,468131400.0,362982400.0,3.8737100737100736,8.883803060729866,0.0,0.0,-0.03345107593443779,3.8737100737100736,-0.023468222757833314,26.137989949748743,-35.144999999999996,3.299162755296207,0.0,1.241811449729422,0.0,0.11264009257745186,8.27518869884357,-0.020943132790782505,258.92223451327436,0.5131211613623674,0.09100000000000011,-2.6530991735537195,0.11276926165142628,0.1600403010223774,0.1583060247038064,0.13122880250456562,0.07412297246322143,0.2779107257517316,0.8073452929561749,0.1793462789521956,Diagnostics & Research,Healthcare,ENZ
2007Q3,2007,Q3,2007-06-11,2007-04-30,-3833000.0,13960000.0,-5302000.0,-0.1,7934000.0,0.5683381089,154458000.0,144556000.0,137928000.0,8852000.0,9902000.0,2121000.0,-142174000.0,615750300.0,495726300.0,3.9463827463827466,15.58156348847718,0.0,0.0,-0.03744968352600213,3.9463827463827466,-0.026515675585932097,44.108187679083095,-40.16112053222019,4.259596972799468,0.0,2.841112682696841,0.0,0.09038055652669334,15.258472661545413,-0.02481580753343951,-123.6198152981329,0.5683381088825215,0.28571428571428575,-2.286535514809917,-0.2042438734829387,0.20464862961379646,0.5118140243902439,0.21001648804616652,0.0,-6.214121470284514,0.027296834368657628,0.15663217619910533,Diagnostics & Research,Healthcare,ENZ
2007Q2,2007,Q2,2007-03-12,2007-01-31,-4852000.0,9685000.0,,-0.14,5248000.0,0.5418688694,141455000.0,133592000.0,126127000.0,7863000.0,7863000.0,2383000.0,-138342000.0,511772240.0,400856240.0,3.873803862436931,16.040569757090168,0.0,0.0,,3.873803862436931,-0.03631954009222109,52.841738771295816,-26.369138499587798,3.830859931732439,0.0,1.8619387326898866,0.0,0.0684670036407338,15.639323413455424,-0.034300660987593226,-121.18689083589865,0.5418688693856479,-2.6269430051813476,-6.367164187223335,-0.2956053693242869,0.21192095484044743,-0.17884525113440777,-2.894060995184591,0.0,-2.0496245122030694,-0.19685966303715868,0.12722824318395526,Diagnostics & Research,Healthcare,ENZ
2007Q1,2007,Q1,2006-12-11,2006-10-31,-1246000.0,10442000.0,,-0.0386,6391000.0,0.6120475005,102715000.0,94799000.0,87247000.0,7916000.0,7916000.0,2364000.0,-133490000.0,,,,,,,,,,,,,,,,,,,,,,,,,,,,,,,Diagnostics & Research,Healthcare,ENZ
