Quarters,Year,Quarter,FillingDate,Date,NetIncome,Revenue,OperatingIncome,EPSDiluted,GrossProfit,GrossProfitRatio,TotalAssets,CommonStockEquity,CurrentAssets,CurrentLiability,TotalLiability,Inventory,RetainedEarnings,MarketCap,EnterpriseValue,bookValuePerShare,currentRatio,debtToAssets,debtToEquity,roic,shareholdersEquityPerShare,roe,priceToSalesRatio,peRatio,pbRatio,payoutRatio,inventoryTurnover,dividendYield,assetTurnover,quickRatio,returnOnAssets,priceToFreeCashFlowsRatio,grossProfitMargin,epsdilutedGrowth,fiveYNetIncomeGrowthPerShare,fiveYRevenueGrowthPerShare,fiveYShareholdersEquityGrowthPerShare,grossProfitGrowth,netIncomeGrowth,operatingIncomeGrowth,threeYNetIncomeGrowthPerShare,threeYRevenueGrowthPerShare,threeYShareholdersEquityGrowthPerShare,Industry,Sector,Symbol
2023Q2,2023,Q2,2023-06-14,2023-04-30,-533753.0,10308359.0,-490733.0,-0.0148,2059982.0,0.1998360748,34802211.0,30855323.0,21774077.0,3937958.0,3946888.0,1862528.0,-25652121.0,79088105.1,63446473.099999994,0.8544035450660962,5.529281165517763,0.0032233871577871877,0.0036357097930882136,-0.01826343450837575,0.8544035450660962,-0.017298571141193368,7.672230381188703,-37.04340073966797,2.5631916120275258,0.0,4.428592214452615,0.0,0.29619839383193214,4.995900159422726,-0.015336755472231348,238.90800235621072,0.1998360747816408,-0.11278195488721815,-1.886703410225812,7.158583829131417,7.912154619369581,-0.15679356079366885,-0.2034447072404689,-0.49179371038591907,-2.2203936120541115,6.369465469102637,4.339801186637602,Electronic Gaming & Multimedia,Communication Services,GMGI
2023Q1,2023,Q1,2023-03-16,2023-01-31,-443521.0,10777679.0,-328955.0,-0.0133,2443034.0,0.2266753352,34383085.0,30516389.0,21214219.0,3828963.0,3866696.0,1612975.0,-25118368.0,108596034.41999999,93316920.41999999,0.9160871174654814,5.540460693926789,0.004210878692240676,0.004744434212055692,-0.015901579711414628,0.9160871174654814,-0.01453386244355451,10.076013065521806,-61.212453536585635,3.55861351813283,0.0,5.167249957376897,0.0,0.3134587545009414,5.032413737087562,-0.012899395153169065,318.7157996654242,0.22667533519972158,0.7868589743589743,-1.2089177787845375,40.62603058100335,3.208174454455448,0.15404135595846455,0.7466666971299581,0.8064187153389136,-1.5755865028899858,6.000233081525526,6.0383450858248136,Electronic Gaming & Multimedia,Communication Services,GMGI
2022Q4,2022,Q4,2023-01-30,2022-10-31,-1750741.0,9573467.0,-1699312.0,-0.0624,2116938.0,0.2211255337,32571413.0,26797415.0,19288950.0,2715154.0,2774932.0,1147591.0,-24674847.0,70105002.5,55310192.5,0.9556170759711478,7.104182672511394,0.004754568062490872,0.005779027566651485,-0.06620215145504946,0.9556170759711478,-0.06533245837331698,7.322843699153086,-10.010761514695778,2.6161106397762617,0.0,6.497549213962118,0.0,0.29392237297166074,6.631082435839735,-0.053750845872114913,635.4580455394209,0.22112553372774985,-4.12,0.8688757406938168,19.32362783015734,1.9291051923506617,-0.14674827813032038,-3.7863311115779554,-3.3300206221754203,-3.169555342819705,6.343944155805174,9.43943501067849,Electronic Gaming & Multimedia,Communication Services,GMGI
2022Q3,2022,Q3,2022-09-07,2022-07-31,628332.0,9101541.0,729312.0,0.02,2481024.0,0.2725938388,33385620.0,26753460.0,19910094.0,3604599.0,3697086.0,1191102.0,-22860114.0,112459118.165,96782952.165,0.9503904569408553,5.523525363015414,0.005795728819773304,0.007232485069220953,0.024075105068665455,0.9503904569408553,0.023486008912492067,12.356052471224379,44.74510217727253,4.203535474103163,0.0,5.558312386344746,0.0,0.27261860046331327,5.120910259365882,0.01882043826054451,6425.133872193339,0.27259383877960885,0.0,-0.9048224078831338,18.247664013556392,2.104921778482313,-0.02343497226204281,0.07044144303762964,-0.03852431136903554,-0.4266817335996159,6.717928031284159,16.405841724187827,Electronic Gaming & Multimedia,Communication Services,GMGI
2022Q2,2022,Q2,2022-06-03,2022-04-30,586984.0,8482743.0,758534.0,0.02,2540562.0,0.2994976979,33501019.0,25999736.0,19930776.0,4496214.0,4617526.0,918703.0,-23488446.0,130614040.65,115024411.65,0.9256185001118408,4.432790787982956,0.0066142465696341956,0.008522548075103532,0.02304272590787678,0.9256185001118408,0.022576536930990376,15.397618512077992,55.629301927309776,5.0236679576284935,0.0,6.468010880556611,0.0,0.25320850688153695,4.1555864556268896,0.017521377484069962,187.20713066398358,0.2994976978555168,0.7241379310344829,-0.9762567973499486,3.9543245885824296,1.2595462144311855,0.25515450547724106,0.4189633791104525,0.8777546180543522,0.4158388153835503,6.75288772372836,28.902067432671913,Electronic Gaming & Multimedia,Communication Services,GMGI
2022Q1,2022,Q1,2022-03-08,2022-01-31,413671.0,8877105.0,403958.0,0.0116,2024103.0,0.2280138626,32134960.0,24808473.0,18504172.0,4412947.0,4557195.0,851709.0,-24075430.0,178974316.20000002,164534655.20000002,0.8940648817520108,4.193155276961178,0.024976069676140876,0.03235205165589998,0.013217153197432475,0.8940648817520108,0.016674585332196786,20.16133820654369,108.16223290972778,7.214241529496798,0.0,8.046177743806863,0.0,0.27624447019694437,4.1050706024794765,0.012872927179619954,100.12358713176926,0.228013862627512,0.0,-0.9980524775117557,-0.2936183176879768,1.0296657022859588,0.0,0.0,0.0,-0.33187286110648584,7.475262551360648,144.21668243663498,Electronic Gaming & Multimedia,Communication Services,GMGI
2021Q3,2021,Q3,2021-09-10,2021-07-31,481189.0,3251182.0,510766.0,0.01,1207742.0,0.3714778195,17239995.0,15593984.0,16792363.0,1434096.0,1646011.0,0.0,-24463820.0,163361350.9,149780297.9,0.6662898397958829,11.709371618078567,0.017318102470447353,0.019146101470926224,0.03154902306846848,0.6662898397958829,0.03085734857750271,50.2467566872602,84.8737974579635,10.475921413026972,0.0,0.0,0.0,0.18858369738506306,10.424627779451306,0.027911202990488108,148.33555274876147,0.37147781945151026,1.7027027027027026,-0.9999999380046288,-0.99926375347507,1.0000177389807559,0.053546053199739346,2.7630521146146148,2.6101894980880553,1.3790136364523495,3.969302132775905,10.074291956410471,Electronic Gaming & Multimedia,Communication Services,GMGI
2021Q2,2021,Q2,2021-06-09,2021-04-30,127872.0,2639402.0,141479.0,0.0037,1146359.0,0.4343252752,14997555.0,13920959.0,14997555.0,1241070.0,1076596.0,0.0,-24945009.0,308534647.55,296784259.55,0.6068585814812162,12.084374773381034,6.734431045593765e-06,7.255247285765298e-06,0.010166126461917696,0.6068585814812162,0.00918557406856812,116.895663316918,603.2099434395333,22.16331845744248,0.0,0.0,0.0,0.1759888195109136,10.966057514886348,0.008526189768932336,1990.0582279828172,0.4343252751949116,0.0,1.0000000133405083,0.0,1.0000023916230647,0.15024221772704652,0.6933324505065219,3.7546377201236725,2.088736273916245,2.288638868291326,5.909507189562234,Electronic Gaming & Multimedia,Communication Services,GMGI
2021Q1,2021,Q1,2021-04-30,2021-01-31,75515.0,1951406.0,29756.0,0.0037,996624.0,0.5107209878,13814547.0,13261937.0,13814547.0,552610.0,552610.0,0.0,-25072881.0,105390256.4,93684006.4,0.6543496026640276,24.998727855087676,7.166358766595821e-06,7.464972876888195e-06,0.0032484534240499845,0.6543496026640276,0.005694115422204162,54.00734465303479,348.9050400582666,7.946822277922148,0.0,0.0,0.0,0.14125732823522913,25.22905484880838,0.005466339214742257,1334.6620789220406,0.510720987841587,5.166666666666668,1.0092192317146833,0.0,1.497383805703779,0.14236458961374196,2.667735198406916,-0.28488344148041334,-0.9415353050955848,11.387584768295145,2.577271472699455,Electronic Gaming & Multimedia,Communication Services,GMGI
2020Q4,2020,Q4,2020-12-11,2020-10-31,20589.0,1491464.0,41610.0,0.0006,872422.0,0.5849433845,6811829.0,5854060.0,6811829.0,957769.0,957769.0,0.0,-25125039.0,117631740.02800001,112688547.02800001,0.2888418060628231,7.112183626740895,0.009806910889865262,0.011411396535054304,0.004735033223350072,0.2888418060628231,0.003517046289241996,78.86998280079172,1428.3323622808296,20.094044138256184,0.0,0.0,0.0,0.21895206118650365,7.0029526952741215,0.003022536238064696,286.7975600210652,0.5849433844866521,-0.7777777777777779,1.0000000007069576,0.0,1.0000000685246966,0.34075823775574654,-0.7595445255474452,-0.5543297809671719,1.0021335768089943,3.3808324856960867,1.280828407663379,Electronic Gaming & Multimedia,Communication Services,GMGI
2020Q3,2020,Q3,2020-09-08,2020-07-31,85625.0,1045425.0,93365.0,0.0027,650693.0,0.6224195901,4775291.0,3491940.0,4775291.0,1283351.0,1283351.0,0.0,-25155597.0,66234258.839999996,63493084.839999996,0.18346927123250648,3.7209547504930454,0.03440690839573965,0.047052068477694345,0.02431989969137699,0.18346927123250648,0.024520753506646734,63.356298959753204,193.3846973430657,18.967753982027183,0.0,0.0,0.0,0.21892383102935506,3.712649929754214,0.017930844423931443,58.573853174175035,0.6224195901188512,-0.73,1.0000000040144958,0.0,1.0000000649847398,-0.07475812919114762,-0.6272944515297795,-0.6020145442764947,-0.9808168212853272,2.269869600994239,1.2133009564506712,Electronic Gaming & Multimedia,Communication Services,GMGI
2020Q2,2020,Q2,2020-06-12,2020-04-30,229739.0,734764.0,234594.0,0.01,703268.0,0.9571345357,4175871.0,3035284.0,4175871.0,1140587.0,1140587.0,0.0,-25241222.0,26747333.4,25136941.4,0.16000662107124294,3.661159560822629,0.07902542966485315,0.10872129263686693,0.06823685634106458,0.16000662107124294,0.075689457724549,36.4026182556576,29.106217707920727,8.812135338900742,0.0,0.0,0.0,0.17595466909777624,3.661159560822629,0.05501582783567788,103.61520796773856,0.957134535714869,-0.5,1.2171414171732746,0.0,1.675185109106424,-0.1742996255824957,-0.47644039908660396,-0.47095834310559453,-0.9862398459584708,-0.36456438826608406,1.044866338321834,Electronic Gaming & Multimedia,Communication Services,GMGI
2020Q1,2020,Q1,2020-03-03,2020-01-31,438802.0,876754.0,443432.0,0.02,851723.0,0.9714503726,3717558.0,2469037.0,3717558.0,1248521.0,1248521.0,0.0,-25453045.0,14227305.0,12876054.0,0.1301566073124882,2.977569460185291,0.13591018620287834,0.20463605851188135,0.14751520505514584,0.1301566073124882,0.17772192154269054,16.227248464221436,8.105765812370956,5.762289102998456,0.0,0.0,0.0,0.23584137759249485,2.977569460185291,0.11803501115517229,988.831317764804,0.9714503726244762,0.0,1.1527353557636113,0.0,1.5405989340986466,0.0024374685165220586,-0.19616844480919163,-0.19203536275613764,-0.9969782006593536,-0.8979494272457081,1.0043186878736545,Electronic Gaming & Multimedia,Communication Services,GMGI
2019Q4,2019,Q4,2019-12-05,2019-10-31,545888.0,881845.0,548826.0,0.02,849652.0,0.9634935845,3375417.0,1736474.0,3375417.0,1638943.0,1638943.0,0.0,-25891847.0,14227305.0,12888942.0,0.09153915657252024,2.0595084758896434,0.286410242053056,0.5567339332463371,0.2019334615941825,0.09153915657252024,0.3143657780076177,16.133566556481014,6.515670338970631,8.193215101406643,0.0,0.0,0.0,0.2612551278849398,2.0595084758896434,0.16172461061848062,14.63210210472728,0.9634935844734619,-0.4858611825192802,0.00533741524879321,0.0,1.8389903113401933,0.8412496153462751,-0.25910463561777697,-0.2733668740897657,-0.9996697622980294,-0.9489697459568063,1.001188559139102,Electronic Gaming & Multimedia,Communication Services,GMGI
2019Q3,2019,Q3,2019-10-23,2019-07-31,736795.0,792807.0,755300.0,0.0389,461454.0,0.5820508648,3005050.0,1033328.0,3005050.0,1826722.0,1971722.0,0.0,-26437735.0,17032314.6,16664786.600000001,0.05460180966831132,1.6450505331407845,0.4537585065140347,1.3195877785175665,0.3072017076426601,0.05460180966831132,0.7130310995153524,21.483557284433665,5.779190480391425,16.48297017016862,0.0,0.0,0.0,0.26382489476048654,1.3139903061330624,0.24518560423287467,55.73383136835286,0.582050864838479,2.8899999999999992,1.1856523756047648,0.0,1.3524084295646115,-0.11653009649257161,1.6377885100761485,1.5757410413455373,-0.9999998826040876,-0.9997779697311368,1.0000014536923618,Electronic Gaming & Multimedia,Communication Services,GMGI
2019Q2,2019,Q2,2019-06-05,2019-04-30,279323.0,737169.0,293236.0,0.01,522320.0,0.7085485147,2499242.0,585817.0,2499242.0,1768425.0,1913425.0,0.0,-27174530.0,6529053.93,6465126.93,0.03095500009141447,1.4132586906428035,0.5447919809286176,2.3242189967174047,0.15233417273311825,0.03095500009141447,0.476809310757455,8.856929591450536,5.84364152790855,11.145210756942866,0.0,0.0,0.0,0.29495703097179066,1.526470729604026,0.11176308656784738,21.267623023176274,0.7085485146553911,-0.5,1.000000131855815,0.0,1.000000128035086,-0.18965378147088574,-0.33776917952255975,-0.2797750187279716,1.0000000353227176,0.0,1.0000001219933183,Electronic Gaming & Multimedia,Communication Services,GMGI
2019Q1,2019,Q1,2019-03-04,2019-01-31,421791.0,713542.0,407145.0,0.02,644564.0,0.9033301473,1828435.0,-118007.0,1828435.0,1801442.0,1946442.0,0.0,-27453853.0,3402552.6,2614053.6,-0.006242742580967007,1.0149841071763621,0.1804822156653094,-2.796444278729228,1.9881667204893123,-0.006242742580967007,-3.5742879659681206,4.768538642434503,2.0167290198226135,-28.8334810646826,0.0,0.0,0.0,0.3902473973644127,1.2169400957677239,0.23068416432632277,5.641846683424752,0.9033301473494202,0.0,1.0000001529810683,0.0,0.9999999705795609,0.1324610705745725,0.270458645959777,0.14160058770090062,1.0552107424599109,0.0,0.9952547704616783,Electronic Gaming & Multimedia,Communication Services,GMGI
2018Q4,2018,Q4,2018-11-27,2018-10-31,331999.0,638695.0,356644.0,0.02,569171.0,0.8911467915,1249607.0,-665609.0,1249607.0,1770216.0,1915216.0,0.0,-27875644.0,3014119.02,2828712.02,-0.03643701004215819,0.7059065108438745,0.3160993816455894,-0.5934414949317092,-1.2200981808852276,-0.03643701004215819,-0.49878983006539873,4.719183679220912,2.269674773116787,-4.528362777546578,0.0,0.0,0.0,0.511116695088936,0.728918391879861,0.2656827306505165,12.758391761130348,0.8911467915045522,1.373134328358209,1.0000002584406793,0.0,0.9999996545982143,0.11458790261937586,1.3350374546764607,1.4306249328363525,1.000000012647819,0.0,0.9999999913557005,Electronic Gaming & Multimedia,Communication Services,GMGI
2018Q3,2018,Q3,2018-10-29,2018-07-31,-990931.0,510656.0,-828201.0,-0.0536,510656.0,1.0,819874.0,-1341303.0,819874.0,2161177.0,2161177.0,0.0,-28207643.0,2192086.56,2292448.56,-0.0734260968234758,0.3793645777277844,0.6671061650936607,-0.4077699073214628,1.1358672568976091,-0.0734260968234758,0.7387823631200408,4.29268736683795,-0.553037133766125,-1.6342963223074876,0.0,0.0,0.0,0.6228469252592471,0.23324373709325982,-1.208638156594794,7.944012002522269,1.0,-9.509803921568627,0.9999993479615359,0.0,0.9999991295790887,0.47952762293277085,-18.61889960205112,-40.436984039625756,0.9999999515938167,0.0,0.9999999739925071,Electronic Gaming & Multimedia,Communication Services,GMGI
2018Q2,2018,Q2,2018-06-15,2018-04-30,-50509.0,345148.0,-19987.0,-0.0051,345148.0,1.0,340589.0,-1219403.0,340589.0,1559992.0,1559992.0,0.0,-27298077.0,665888.3775000001,1441873.3775,-0.12360885890368314,0.21832740167898296,2.542436778639357,-0.7101229044048604,0.08102531768023871,-0.12360885890368314,0.041421088844295115,1.9292836044247688,-3.2958897300481103,-0.5460773653172906,0.0,0.0,0.0,1.0133856348854484,0.2963053656685419,-0.148298976185373,8.00991636895096,1.0,-1.3167701863354038,0.9999999276101489,0.0,0.9999988896377306,10.504933333333334,-1.205337832344093,0.7404690178154054,0.9082004761930453,0.0,0.4784037040051999,Electronic Gaming & Multimedia,Communication Services,GMGI
2018Q1,2018,Q1,2018-03-13,2018-01-31,245980.0,30000.0,-77012.0,0.0161,30000.0,1.0,69308.0,-1601256.0,69308.0,1670564.0,1670564.0,0.0,-27262829.0,225794.439,322689.439,-0.4148617495402533,0.04148778496364102,1.496263057655682,-0.06476353562453474,0.14972748508239206,-0.4148617495402533,-0.15361691072508082,7.5264813,0.22948455057321737,-0.1410108308727649,0.0,0.0,0.0,0.432850464592832,0.15411322164251115,3.549085242684827,-6.375312392353955,1.0,1.0335416666666666,1.000000976123171,0.0,0.9999949392291703,0.0,1.2892728664685495,-0.17133861621062557,1.4207990808781352,0.0,-0.7231074490233893,Electronic Gaming & Multimedia,Communication Services,GMGI
2017Q4,2017,Q4,2017-12-07,2017-10-31,-850339.0,30000.0,-65747.0,-0.48,30000.0,1.0,99725.0,-1836882.0,99725.0,1936607.0,1936607.0,0.0,-27347313.0,133944.07499999998,994319.075,-1.0285348568049764,0.05149470181611447,9.050889947355227,-0.49137614718855105,0.130642296729178,-1.0285348568049764,0.4629252178419735,4.464802499999999,-0.039379610661159845,-0.07291925937539809,0.0,0.0,0.0,0.3008272750062672,0.05407653695354814,-8.526838806718477,-6.395954302358895,1.0,-3.08695652173913,0.9999919730929243,0.0,0.9999854007751431,0.0,-3.030267578092357,-0.6928959497386513,-17.634108532857276,0.0,-8.426903327991743,Electronic Gaming & Multimedia,Communication Services,GMGI
2017Q3,2017,Q3,2017-11-07,2017-07-31,418831.0,30000.0,-38837.0,0.23,30000.0,1.0,87667.0,-1536147.0,87667.0,1623814.0,1623814.0,0.0,-26889270.0,160732.88999999998,1068717.89,-0.8601427498752744,0.05398832624918864,10.644278919091562,-0.6074626972548851,0.15389290469080466,-0.8601427498752744,-0.272650338802211,5.357762999999999,0.09594137611590355,-0.10463379481260583,0.0,0.0,0.0,0.34220402203793904,0.03243413346602505,4.7775217584724015,117.32327737226277,1.0,3.5999999999999996,1.0000036175450757,0.0,0.9999863124681758,0.0,-0.033098012780260776,-0.18724015651748593,2.1183083724596057,0.0,-4.551492844766485,Electronic Gaming & Multimedia,Communication Services,GMGI
2017Q2,2017,Q2,2017-06-14,2017-04-30,433168.0,30000.0,-32712.0,0.05,30000.0,1.0,66297.0,-1755188.0,66297.0,1821485.0,1821485.0,0.0,-27064558.0,95971.2,1051305.2,-3.5662955136540964,0.03639722534086199,14.768858319380968,-0.5578496434569972,0.09118954179686335,-3.5662955136540964,-0.24679293614131365,3.19904,0.05538913308462306,-0.0546785871371044,0.0,0.0,0.0,0.452509163310557,0.04737727733140817,6.533749641763579,9.59712,1.0,-0.8333333333333334,1.0000137517037118,0.0,0.9999378054879814,0.0,-0.1457313982680653,0.7301324093552778,1.000007862737961,0.0,0.9999852492020077,Electronic Gaming & Multimedia,Communication Services,GMGI
2017Q1,2017,Q1,2017-03-17,2017-01-31,507063.0,30000.0,-121215.0,0.3,30000.0,1.0,36297.0,-1996341.0,36297.0,2032638.0,2032638.0,0.0,-27264786.0,67564.8,1035723.8,-30.137998188405795,0.017857090145908912,27.053365291897403,-0.49187789060085424,0.35665235510775567,-30.137998188405795,-0.2539961860223279,2.25216,0.0333118369906698,-0.033844318180110515,0.0,0.0,0.0,0.8265145879824779,0.02769652048225016,13.96983221753864,-2.425589660743134,1.0,-0.9965572641725958,1.0002366383960453,0.0,0.9991411065607285,0.0,-0.8233033567145617,-1.1017998335414065,1.0000524824766326,0.0,0.9998579673712239,Electronic Gaming & Multimedia,Communication Services,GMGI
2016Q4,2016,Q4,2016-12-19,2016-10-31,2869681.0,30000.0,-57672.0,87.14,30000.0,1.0,31152.0,-2536321.0,31152.0,2567474.0,2567473.0,0.0,-27434677.0,74097.0,1321689.0,-77.01691364022835,0.012133326374483246,40.16576784797124,-0.493330300068485,0.10256352249770445,-77.01691364022835,-1.1314344674826253,2.4699,0.006455159998620056,-0.02921436206221531,0.0,0.0,0.0,0.963020030816641,0.010185886984639377,92.1186761684643,54.64380530973451,1.0,-0.999737242559372,1.0023125809169606,0.0,0.9974846418206683,0.5,-0.9183671002073592,0.9842157465936534,1.0012391277054324,0.0,0.9992699241933148,Electronic Gaming & Multimedia,Communication Services,GMGI
2016Q3,2016,Q3,2016-11-15,2016-07-31,35153486.0,20000.0,-3653768.0,331636.66,20000.0,1.0,12296.0,-3981442.0,12296.0,3993737.0,3993738.0,0.0,-28690350.0,6439.5,1683557.5,-37560.77358490566,0.0030788206634538027,136.58214053350684,-0.42181048976727525,3.5425998049136043,-37560.77358490566,-8.829335200663477,0.321975,4.579560047046259e-05,-0.001617378829077505,0.0,0.0,0.0,1.6265452179570592,0.014605368355502628,2858.9367273910216,0.007458641286785018,1.0,1.7936720885517605,1.0822377351060661,1.0067737032196766,-0.3714651633932596,0.0,1.793672087304574,-4.550443273723803,4.986289054671494,0.0,0.5547402872920366,Electronic Gaming & Multimedia,Communication Services,GMGI
2016Q2,2016,Q2,2016-06-20,2016-04-30,-44292204.0,0.0,-658284.0,-417850.98,0.0,0.0,2901007.0,-26896801.0,49539.0,29797808.0,29797808.0,0.0,-44440209.0,119250.0,29824244.0,-253743.40566037735,0.001662504839282138,10.239545785308342,-1.104406208009644,-0.46196515953314343,-253743.40566037735,1.6467461688101868,0.0,-0.0006730868484214513,-0.004433612755658191,0.0,0.0,0.0,0.0,0.00033559515518725405,-15.267872156116825,-0.2385,0.0,-1032.9007299270072,-12.351009067825018,-1.0,-1.3904563659665705,0.0,-25.704137820016193,-0.024220613427060434,-4.907830164225683,0.0,-1.2793439420459145,Electronic Gaming & Multimedia,Communication Services,GMGI
2016Q1,2016,Q1,2016-03-14,2016-01-31,-1658627.0,0.0,-642717.0,-404.15,0.0,0.0,274890.0,-5399152.0,49539.0,5674042.0,5674042.0,0.0,-21964965.0,96957000000.0,96962605917.0,-1.3155828460038987,0.008730813060601243,20.393310051293245,-1.0382958286782813,-3.108440076902831,-1.3155828460038987,0.30720139014423004,0.0,-14614.045231387166,-17957.820042851174,0.0,0.0,0.0,0.0,0.008730813060601243,-6.0337844228600535,-154954.1803443746,0.0,0.9997187465204321,0.9999925011340799,-1.0,-1.0000020891629944,0.0,-0.15426107894443825,-1.5582099770336375,0.9999938098157035,0.0,0.9999839516096662,Electronic Gaming & Multimedia,Communication Services,GMGI
2015Q4,2015,Q4,2015-12-09,2015-10-31,-1436960.0,0.0,-251237.0,-1436960.0,0.0,0.0,141034.0,-4215149.0,56034.0,4356183.0,4356183.0,0.0,-20315987.0,809999.999999999,4785658.999999999,-4215149.0,0.01286309597186344,28.189365684870314,-0.9431835031217165,0.9237450875745271,-4215149.0,0.3409037260604548,0.0,-0.14092250306201964,-0.1921640255184334,0.0,0.0,0.0,0.0,0.011372111777673251,-10.188748812343123,-3.292682926829264,0.0,-0.28226727584237576,-15.83056525100143,-1.0,-7.5861874640298534,0.0,-0.28226727584237576,0.7211653394744874,-23.22495953965114,0.0,-58.83064905324716,Electronic Gaming & Multimedia,Communication Services,GMGI
2015Q3,2015,Q3,2015-11-13,2015-07-31,-1120640.0,0.0,-901025.0,-1120640.0,0.0,0.0,148115.0,-2823267.0,63115.0,2971382.0,2971382.0,0.0,-18684105.0,33.75,2683967.75,-2823267.0,0.02124095791116726,18.120608986260677,-0.9506483092105706,6.215751319677547,-2823267.0,0.3969302230359367,0.0,-7.529179754426042e-06,-1.1954235996807953e-05,0.0,0.0,0.0,0.0,0.024936881222273003,-7.5660128953853425,-3.745837957824639e-05,0.0,-20083153.121863797,0.6708404928698359,1.0,-385.0789953505333,0.0,-1.870366812920544,-2.648302837175215,-16.28635774665268,0.0,-43.9269111625045,Electronic Gaming & Multimedia,Communication Services,GMGI
2015Q2,2015,Q2,2015-06-15,2015-04-30,-390417.0,0.0,-246971.0,-0.0558,0.0,0.0,151301.0,-1658873.0,66301.0,1810174.0,1810174.0,0.0,-17518221.0,23625000000.0,23626591675.0,-0.23698185714285713,0.03662686570462287,10.519923860384267,-0.9594917754403139,3.683670419706494,-0.23698185714285713,0.23535074716388776,0.0,-15128.055386932432,-14241.596553804902,0.0,0.0,0.0,0.0,0.0348668139084972,-2.580399336422099,-88815.78947368421,0.0,0.628,0.9999994919796836,-1.0,-1.000071907107457,0.0,0.6317327990672983,0.7019270806303474,0.9999991285607146,0.0,0.9999958671481637,Electronic Gaming & Multimedia,Communication Services,GMGI
2015Q1,2015,Q1,2015-03-16,2015-01-31,-1060146.0,0.0,-828559.0,-0.15,0.0,0.0,154403.0,-1685346.0,69403.0,1839749.0,1839749.0,0.0,-17128694.0,23625000000.0,23626768195.0,-0.24076371428571428,0.037724167807673764,11.451817646030193,-1.04915845173632,-10.090713486581498,-0.24076371428571428,0.629037598214254,0.0,-5571.166612900487,-14017.893061721452,0.0,0.0,0.0,0.0,0.03603806823648226,-6.866097161324586,-29714.925382520705,0.0,-6.244755244755244,0.999997980584534,0.0,-1.0001581543995746,0.0,-7.172826998323085,-12.073702979045695,0.9999953182172813,0.0,0.9999931385497697,Electronic Gaming & Multimedia,Communication Services,GMGI
2014Q4,2014,Q4,2014-12-15,2014-10-31,171744.0,0.0,-63376.0,0.0286,0.0,0.0,159152.0,-654638.0,74152.0,813790.0,813790.0,0.0,-16077990.0,20250000000.0,20250770991.0,-0.10910633333333333,0.09111933053981985,4.844714486779933,-1.1778204137248371,6.169343820487125,-0.10910633333333333,-0.26234957335198994,0.0,29477.012297372832,-30933.126399628498,0.0,0.0,0.0,0.0,0.08535125769547426,1.079119332462049,-416829.62475041684,0.0,1.1361904761904762,1.0000005146967155,0.0,-1.0000191840933068,0.0,1.1364945543326912,0.055921346640846116,1.000000759646857,0.0,0.9999964366072984,Electronic Gaming & Multimedia,Communication Services,GMGI
2014Q3,2014,Q3,2014-11-12,2014-07-31,-1258248.0,0.0,-67130.0,-0.21,0.0,0.0,164882.0,-929634.0,79882.0,1094516.0,1094516.0,0.0,-16062834.0,40500000000.0,40501060783.0,-0.154939,0.0729838577051409,6.4374461736272,-1.1417600905302516,-0.9671796568970196,-0.154939,1.3534875015328613,0.0,-8046.9033131783235,-43565.53224172094,0.0,0.0,0.0,0.0,0.0729838577051409,-7.631202920876748,-238811.2506633646,0.0,0.9999981239559479,0.9999810914883385,1.0,-1.0009643506224066,0.0,-2.7468710264343548,0.4284230333682427,0.9999999479975737,1.0,0.9999943426766632,Electronic Gaming & Multimedia,Communication Services,GMGI
2014Q2,2014,Q2,2014-06-16,2014-04-30,-335813.0,0.0,-117447.0,-111937.67,0.0,0.0,85974.0,-725309.0,847.0,811283.0,811283.0,0.0,-15400146.0,121499.9999999997,875496.9999999997,-241769.66666666666,0.0010440253277832765,8.770430595296252,-1.0395969166245007,-6.0595112772933,-241769.66666666666,0.462993014011959,0.0,-0.0904521266299992,-0.16751481092885886,0.0,0.0,0.0,0.0,0.0977192915419157,-3.905983204224533,-1.2232323537406717,0.0,0.23255195156900252,-13.54617517109937,-1.0,-43.37112980488374,0.0,0.23255197442243658,0.5751431599738098,-2.576587994717335,-1.0,-1.3720313645272264,Electronic Gaming & Multimedia,Communication Services,GMGI
2014Q1,2014,Q1,2014-03-24,2014-01-31,-437571.0,0.0,-276439.0,-145857.0,0.0,0.0,102085.0,-636572.0,16712.0,738657.0,738657.0,0.0,-15173516.0,81000.0,764380.0,-212190.66666666666,0.022624844819720113,6.694744575598766,-1.0736146107588773,-7.2303945061083414,-212190.66666666666,0.6873865014483829,0.0,-0.046278203994323204,-0.12724405094788965,0.0,0.0,0.0,0.0,0.021521491030342906,-4.286339814860166,-0.28255781097928956,0.0,-1.0740912013125659,-7.199434096615822,0.0,-23.210390426014445,0.0,-1.0740911030004265,-3.8190328428979847,-1.7063345785606494,-1.0,-1.3369615907234618,Electronic Gaming & Multimedia,Communication Services,GMGI
2013Q4,2013,Q4,2013-12-18,2013-10-31,-210970.0,0.0,-57364.0,-70323.33,0.0,0.0,86505.0,-316475.0,886.0,402980.0,402980.0,0.0,-14816510.0,111374.9999999997,464429.9999999997,-105491.66666666667,0.002198620278922031,4.082145540720189,-1.1158100955841694,-2.4610962146296593,-105491.66666666667,0.66662453590331,0.0,-0.13197966535526343,-0.3519235326645065,0.0,0.0,0.0,0.0,0.03949327510050127,-2.438818565400844,-1.9718322327071809,0.0,0.1547100625727739,0.2725724255401315,0.0,-2.9193214829370064,0.0,0.15471005637403187,-11.26740647932701,0.17632957748678432,-1.0,-1.164831158414475,Electronic Gaming & Multimedia,Communication Services,GMGI
2013Q3,2013,Q3,2013-12-04,2013-07-31,-249583.0,0.0,5587.0,-83194.33,0.0,0.0,86694.0,-253071.0,829.0,339765.0,339765.0,0.0,-14682344.0,172124.9999999997,320721.9999999997,-84357.0,0.002439921710594087,1.7142016748563915,-0.5872304610168688,-0.10941854602143065,-84357.0,0.9862173066056561,0.0,-0.17241258419042935,-0.6801450976208245,0.0,0.0,0.0,0.0,4.1204950480479154e-05,-2.878895886681893,-1.1701541850220245,0.0,-0.17625186399848547,-6.501292377975474,1.0,-526.0435684647304,0.0,-0.1762518556919669,1.0675582534250716,0.9755637798436406,1.0,-10.535737077217613,Electronic Gaming & Multimedia,Communication Services,GMGI
2013Q2,2013,Q2,2013-06-19,2013-04-30,-212185.0,0.0,-82699.0,-70728.33,0.0,0.0,87036.0,-333969.0,925.0,421005.0,421005.0,0.0,-14560344.0,253124.9999999997,473121.9999999997,-111323.0,0.0021971235496015488,2.5289190679718736,-0.6590641646380353,1.045237339533484,-111323.0,0.6353434001359407,0.0,-0.2982362089685884,-0.7579296281990235,0.0,0.0,0.0,0.0,0.0002612795572499139,-2.43789926007629,-6.573650859606287,0.0,-0.08331705945304145,-8.191068179849259,-1.0,-20.50981423063442,0.0,-0.08331716581744662,-1.646706778467644,0.35576572747145985,-1.0,-34.77859815919895,Electronic Gaming & Multimedia,Communication Services,GMGI
2013Q1,2013,Q1,2013-03-25,2013-01-31,-195866.0,0.0,-31246.0,-65288.67,0.0,0.0,87474.0,-245928.0,1117.0,333402.0,333402.0,0.0,-14403650.0,810000.0,998318.0,-81976.0,0.0033503098361737484,2.156297871367492,-0.7669724472203246,0.9404336151146736,-81976.0,0.7964363553560392,0.0,-1.0338700948607722,-3.2936469210500636,0.0,0.0,0.0,0.0,0.0009058134024390976,-2.2391339140773256,-140.13840830449826,0.0,-0.10066771380303187,-2.670239478319529,0.0,-9.580579882069713,1.0,-0.10066759575615897,0.6415468801982356,0.12944575314458429,0.0,-54.84891613750821,Electronic Gaming & Multimedia,Communication Services,GMGI
2012Q4,2012,Q4,2012-12-14,2012-10-31,-177952.0,0.0,-87169.0,-59317.33,-3317.0,0.0,93493.0,-211354.0,6890.0,304847.0,304847.0,0.0,-14299347.0,2035124.9999999967,2206774.9999999967,-70451.33333333333,0.02260150173693689,1.900944455734654,-0.8408877996158104,5.184156531565018,-70451.33333333333,0.8419618270768474,0.0,-2.859092620481923,-9.628987386091566,0.0,0.0,0.0,0.0,0.019928029470521278,-1.903372444995882,-31.10717943230969,0.0,0.08500447337570183,0.38641896132017567,0.0,-2.2817956322131856,0.0,0.08500442195759034,-0.2873683744147923,-0.06660273315751618,0.0,-13.38741062009143,Electronic Gaming & Multimedia,Communication Services,GMGI
2012Q3,2012,Q3,2012-11-07,2012-07-31,-194484.0,0.0,-67711.0,-64828.0,0.0,0.0,102609.0,-188524.0,15760.0,291133.0,291133.0,0.0,-14210371.0,1771874.9999999967,1911844.9999999967,-62841.333333333336,0.05413333424929499,1.5163387227241276,-0.8253060618276719,4.111920811319609,-62841.333333333336,1.031614012009081,0.0,-2.277661658542601,-9.398670726273561,0.0,0.0,0.0,0.0,0.05706670147320984,-1.8953892933368417,-32.04113924050627,0.0,-0.012905846692290866,-4.845275306564078,1.0,-392.1286307053942,1.0,-0.012905846692290866,-0.2390162674522864,-4.845275306564078,1.0,-392.1286307053942,Electronic Gaming & Multimedia,Communication Services,GMGI
2012Q2,2012,Q2,2012-06-14,2012-04-30,-192006.0,0.0,-54649.0,-64002.0,-3317.0,0.0,17787.0,-172023.0,17787.0,189810.0,189810.0,0.0,-14113129.0,6176250.0,6232273.0,-57341.0,0.09370949897265687,4.141788946983752,-0.42825668660586086,1.1112828281801266,-57341.0,1.1161646989065415,0.0,-8.041740883097404,-35.90362916586736,0.0,0.0,0.0,0.0,0.09297191928770876,-10.794737729802664,-104.68575205939185,0.0,-0.9785048349746683,-7.316988651130555,-1.0,-11.049246407290571,0.0,-0.9785050388475568,-0.12562306900102987,-7.316988651130555,-1.0,-11.049246407290571,Electronic Gaming & Multimedia,Communication Services,GMGI
2012Q1,2012,Q1,2012-03-15,2012-01-31,-97046.0,0.0,-48550.0,-32348.67,0.0,0.0,13475.0,-105268.0,13475.0,118743.0,118743.0,0.0,-14017126.0,17212499.99999997,17199504.99999997,-35089.333333333336,0.11348037357991629,0.0,0.0,0.9224075692518144,-35089.333333333336,0.921894592848729,0.0,-44.34108567071278,-163.51122848348945,0.0,0.0,0.0,0.0,0.10943803003124394,-7.201929499072357,-337.1364215062182,0.0,0.141504914854221,-0.8184986695648915,0.0,-4.6728655664491825,0.0,0.14150492737212716,0.04615021906127822,-0.8184986695648915,0.0,-4.6728655664491825,Electronic Gaming & Multimedia,Communication Services,GMGI
2011Q4,2011,Q4,2011-12-13,2011-10-31,-113042.0,0.0,-50899.0,-37680.67,0.0,0.0,28918.0,-91856.0,28918.0,120774.0,120774.0,0.0,-13968603.0,11137499.99999997,11110055.99999997,-30618.666666666668,0.23943895209233776,0.0,0.0,1.108234628113569,-30618.666666666668,1.230643616094757,0.0,-24.631331717414703,-121.24956453579483,0.0,0.0,0.0,0.0,0.23546458674880355,-3.9090531848675565,-167.50891124847675,0.0,0.9906561206033341,0.610229568791333,0.0,-1.5570777917265555,1.0,0.9906561214299188,0.9876833945908956,0.610229568791333,0.0,-1.5570777917265555,Electronic Gaming & Multimedia,Communication Services,GMGI
2011Q3,2011,Q3,2011-11-15,2011-07-31,-12097974.0,-83564.0,-4132551.0,-4032658.0,-83743.0,1.0021420707,47586.0,-82162.0,47586.0,129748.0,129748.0,0.0,-13912082.0,12656249.99999997,12609143.99999997,-27387.333333333332,0.3667570983753121,0.0,0.0,100.59518999050655,-27387.333333333332,147.24536890533338,-151.45577042745646,-0.26153655975785634,-154.04018889510928,0.0,0.0,0.0,-1.7560627075190183,0.3630576193852699,-254.23389232127096,-223.82615615881105,1.002142070748169,-127.84990508775029,-362.60825919692235,-3.502370689655172,-171.4605809128631,0.0,-127.8498913645465,-108.37593626763359,-362.60825919692235,-3.502370689655172,-171.4605809128631,Electronic Gaming & Multimedia,Communication Services,GMGI
2011Q2,2011,Q2,2011-06-20,2011-04-30,-93892.0,9163.0,-37783.0,-31297.33,0.0,0.0,2066168.0,1949591.0,66168.0,116577.0,116577.0,0.0,-5835168.0,36450000.0,36384312.0,649863.6666666666,0.5675905195707558,0.0,0.0,-0.03875992451750136,649863.6666666666,-0.04815984480847521,3977.954818290953,-97.05299706045244,18.696229106515162,0.0,0.0,0.0,0.004434779746855047,0.5634730693018348,-0.045442577757471805,-562.0923095902663,0.0,0.4192871020455269,-3.067053625573941,10.17439024390244,112.891284028508,0.0,0.41928700427995347,0.5280310790216604,-3.067053625573941,10.17439024390244,112.891284028508,Electronic Gaming & Multimedia,Communication Services,GMGI
2011Q1,2011,Q1,2011-03-17,2011-01-31,-161684.0,788.0,-80054.0,-53894.67,0.0,0.0,2025339.0,1889153.0,25339.0,136186.0,136186.0,0.0,-5788222.0,37462500.0,37439349.0,629717.6666666666,0.18606170972052927,0.0,0.0,-0.08475120861041958,629717.6666666666,-0.08558544490573289,47541.243654822334,-57.92549046287821,19.830315490592877,0.0,0.0,0.0,0.00038907066915711393,0.16999544740281675,-0.07983058638578529,-552.1533427661832,0.0,0.36875225467919137,-2.02971929693063,0.0,64.91371550190155,0.0,0.3687522937212553,0.3749053229949948,-2.02971929693063,0.0,64.91371550190155,Electronic Gaming & Multimedia,Communication Services,GMGI
2010Q4,2010,Q4,2010-12-20,2010-10-31,-256134.0,73613.0,-128067.0,-85378.0,0.0,0.0,2043175.0,1919995.0,43175.0,123180.0,123180.0,0.0,-5707380.0,65812500.0,65771501.0,639998.3333333334,0.3505033284624127,0.0,0.0,-0.13340347240487604,639998.3333333334,-0.13340347240487604,894.0336625324331,-64.2363957928272,34.27743301414847,0.0,0.0,0.0,0.036028729795538804,0.3328381230719273,-0.12536077428511996,-1076.2821351475109,0.0,0.9749223832811972,0.11684630821110123,0.0,10.644166681828382,1.0,0.9749223832811972,0.9758383753770921,0.11684630821110123,0.0,10.644166681828382,Electronic Gaming & Multimedia,Communication Services,GMGI
2010Q3,2010,Q3,2010-11-15,2010-07-31,-10213650.0,-196407.0,-5300430.0,-3404550.0,-252094.0,1.2835285911,79115.0,-21938.0,79115.0,101053.0,101053.0,0.0,-5579313.0,56700000.0,56647853.0,-7312.666666666667,0.7829059998218757,0.0,0.0,483.2190719299845,-7312.666666666667,465.5688759230559,-288.68624845346653,-1.38784861435432,-2584.5564773452456,0.0,0.0,0.0,-2.482550717310245,0.5160361394515749,-129.0987802565885,-558.0049600440893,1.283528591139827,-30.010595366450225,-305.97433277230107,-9.582273706896551,-46.51452282157677,0.0,-30.010596307991257,-67.53679351410062,-305.97433277230107,-9.582273706896551,-46.51452282157677,Electronic Gaming & Multimedia,Communication Services,GMGI
2010Q2,2010,Q2,2010-06-17,2010-04-30,-329360.0,87343.0,-77337.0,-109786.67,0.0,0.0,57842.0,9887.0,57842.0,47955.0,47955.0,0.0,-472488.0,184274999.9999997,184219280.9999997,3295.6666666666665,1.2061724533416744,0.0,0.0,-15.64417922524527,3295.6666666666665,-33.31243046424598,2109.7855580870787,-139.87354262812704,18638.110650348914,0.0,0.0,0.0,1.5100273157912936,1.1619017829214888,-5.694132291414543,-1393.5523390353442,0.0,-0.4638872632611555,-13.266655115654512,105.5158536585366,-0.4224208435564903,1.0,-0.4638872838792835,0.31252944575314456,-13.266655115654512,105.5158536585366,-0.4224208435564903,Electronic Gaming & Multimedia,Communication Services,GMGI
2010Q1,2010,Q1,2010-03-17,2010-01-31,-224990.0,0.0,-112495.0,-74996.67,-62424.0,0.0,17961.0,4567.0,17961.0,13394.0,13394.0,0.0,-307808.0,78975000.0,78957039.0,1522.3333333333333,1.3409735702553383,0.0,0.0,-49.264287278300856,1522.3333333333333,-49.264287278300856,0.0,-87.75390017334104,17292.53339172323,0.0,0.0,0.0,0.0,1.3409735702553383,-12.526585379433216,-604.3342184403241,0.0,-0.3485376617440458,-3.2159802121200762,0.0,-0.840654547992045,-0.3384219554030875,-0.3485375209781827,-0.3485375209781827,-3.2159802121200762,0.0,-0.840654547992045,Electronic Gaming & Multimedia,Communication Services,GMGI
2009Q4,2009,Q4,2009-12-17,2009-10-31,-166840.0,0.0,-83420.0,-55613.33,-46640.0,0.0,53517.0,17062.0,53517.0,36455.0,36455.0,0.0,-195313.0,55687500.0,55635849.0,5687.333333333333,1.4680290769441777,0.034867425304108975,0.1093658422224827,-8.814454775993237,5687.333333333333,-9.778455046301723,0.0,-83.44446775353632,3263.831907162115,0.0,0.0,0.0,0.0,1.4680290769441777,-3.1175140609525944,-985.6718055825974,0.0,-4.014424737189007,0.424733296094779,0.0,-0.8965243284876492,-1.2860503872169395,-4.01442654484251,-1.370155699511308,0.424733296094779,0.0,-0.8965243284876492,Electronic Gaming & Multimedia,Communication Services,GMGI
2009Q3,2009,Q3,2009-10-19,2009-07-31,-33272.0,-18560.0,-35196.0,-11090.67,-20402.0,1.0992456897,8014.0,482.0,8014.0,7532.0,7532.0,0.0,-111893.0,55687500.0,55681328.0,160.66666666666666,1.0639936271906532,0.22984776640878463,3.8215767634854774,-30.289156626506024,160.66666666666666,-69.02904564315352,-3000.404094827586,-418.4261541235874,115534.23236514523,0.0,0.0,0.0,-2.315947092587971,1.0639936271906532,-4.151734464686798,-5404.454580745341,1.0992456896551723,-0.44122084433026265,0.0,0.0,0.0,0.0,-0.4412197868838257,-2.282290403804905,0.0,0.0,0.0,Electronic Gaming & Multimedia,Communication Services,GMGI
2009Q2,2009,Q2,2009-06-04,2009-04-30,-23086.0,820.0,-10723.0,-7695.33,0.0,0.0,18318.0,17118.0,18318.0,1200.0,1200.0,0.0,-95257.0,55687500.0,55669182.0,5706.0,15.265,0.0,0.0,-1.252833274915294,5706.0,-1.348638859679869,67911.58536585367,-603.0440526726154,3253.154574132492,0.0,0.0,0.0,0.04476471230483677,15.265,-1.2602904247188558,-4336.357265223485,0.0,0.5674027344371445,0.0,0.0,0.0,1.0,0.5674024659895813,0.5981336431435745,0.0,0.0,0.0,Electronic Gaming & Multimedia,Communication Services,GMGI
2009Q1,2009,Q1,2009-03-09,2009-01-31,-53366.0,0.0,-26683.0,-17788.67,-3615.0,0.0,31374.0,28661.0,31374.0,2713.0,2713.0,0.0,-84109.0,55687500.0,55656340.0,9553.666666666666,11.564319941024696,0.0,0.0,-1.8619727155367922,9553.666666666666,-1.8619727155367922,0.0,-260.8753700858224,1942.9712850214578,0.0,0.0,0.0,0.0,11.485440471802432,-1.7009625804806527,-1794.6920622643333,0.0,0.8159932349959659,0.0,0.0,0.0,0.0,0.44797980842832613,0.44797980842832613,0.0,0.0,0.0,Electronic Gaming & Multimedia,Communication Services,GMGI
2008Q4,2008,Q4,2008-12-12,2008-10-31,-96674.0,0.0,-48337.0,-96674.0,0.0,0.0,62244.0,54963.0,62244.0,7281.0,7281.0,0.0,-57426.0,18562500.0,18500311.0,54963.0,8.548825710754016,0.0,0.0,-1.7588923457598749,54963.0,-1.7588923457598749,0.0,-48.00282392370234,337.7271982970362,0.0,0.0,0.0,0.0,8.541271803323719,-1.553145684724632,-350.82497023303284,0.0,0.0,0.0,0.0,0.0,0.0,0.0,0.0,0.0,0.0,0.0,Electronic Gaming & Multimedia,Communication Services,GMGI
2021Q4,2021,Q4,2022-01-13,2021-10-31,,,,,,,20458948.0,18928109.0,18560381.0,1348815.0,1530839.0,0.0,-24424809.0,0.0,-16697447.0,0.0,13.76050903941608,0.009796104863260808,0.010588379430824284,,0.0,,0.0,0.0,0.0,0.0,0.0,,,13.76050903941608,,0.0,0.0,0.0,-1.0,-1.0,1.0,0.0,0.0,0.0,-1.0,-1.0,1.0,Electronic Gaming & Multimedia,Communication Services,GMGI
