Quarters,Year,Quarter,FillingDate,Date,NetIncome,Revenue,OperatingIncome,EPSDiluted,GrossProfit,GrossProfitRatio,TotalAssets,CommonStockEquity,CurrentAssets,CurrentLiability,TotalLiability,Inventory,RetainedEarnings,MarketCap,EnterpriseValue,bookValuePerShare,currentRatio,debtToAssets,debtToEquity,roic,shareholdersEquityPerShare,roe,priceToSalesRatio,peRatio,pbRatio,payoutRatio,inventoryTurnover,dividendYield,assetTurnover,quickRatio,returnOnAssets,priceToFreeCashFlowsRatio,grossProfitMargin,epsdilutedGrowth,fiveYNetIncomeGrowthPerShare,fiveYRevenueGrowthPerShare,fiveYShareholdersEquityGrowthPerShare,grossProfitGrowth,netIncomeGrowth,operatingIncomeGrowth,threeYNetIncomeGrowthPerShare,threeYRevenueGrowthPerShare,threeYShareholdersEquityGrowthPerShare,Industry,Sector,Symbol
2023Q2,2023,Q2,2023-07-06,2023-05-31,133087000.0,14062124000.0,50120000.0,1.41,963410000.0,0.0685109874,27978948000.0,8268770000.0,18721193000.0,14412986000.0,19710178000.0,7797497000.0,1942118000.0,8346751300.0,11599784300.0,88.54494833217326,1.2989114816319116,0.1467214564321718,0.49645981203975925,0.003090363656563743,88.54494833217326,0.016095138696565512,0.5935626296568001,15.679125872549536,1.0094308222383739,0.0,1.6798613708988923,0.0,0.5025965951257353,0.7085369402287631,0.004756683489314895,0.29484617063352025,0.06851098738711164,-0.19428571428571434,-0.39909829896107096,0.19631025428754229,0.5133056528244972,-0.04001426910211276,-0.2031672853550473,-0.8319034618764296,0.2722455725376942,0.38396109851145144,0.1742239693297766,Electronics & Computer Distribution,Technology,SNX
2023Q1,2023,Q1,2023-04-05,2023-02-28,167020000.0,15125371000.0,298162000.0,1.75,1003567000.0,0.0663499097,29235166000.0,8148586000.0,19965236000.0,15790616000.0,21086580000.0,8372834000.0,1842042000.0,9097878680.0,12947316680.0,86.44889082209656,1.2643734734604402,0.1501179435752135,0.5385870628351962,0.01823671466691615,86.44889082209656,0.020496807666998913,0.6014978859030962,13.617947970302957,1.1164978414659918,0.19885043707340438,1.686621757937635,0.0036505213103149446,0.5173690821526377,0.6884509128712901,0.005712982782447687,-64.9509804173538,0.06634990969808277,-0.24242424242424243,1.878636899825376,0.39920536459606754,0.48204669662345795,-0.05298763162687467,-0.24504251212533507,-0.10773217780597434,-0.2654797172944034,0.5489699928712395,0.13933013419523854,Electronics & Computer Distribution,Technology,SNX
2022Q4,2022,Q4,2023-01-24,2022-11-30,221231000.0,16247957000.0,334162000.0,2.31,1059719000.0,0.0652216768,29733998000.0,8025506000.0,20500865000.0,16428721000.0,21708492000.0,9066620000.0,1708234000.0,9702029700.0,13283218700.0,84.62242326469068,1.2478673781117837,0.13801685868143262,0.51134383302436,0.02298023795367906,84.62242326469068,0.027565987739589255,0.5971230536860727,10.963686938087337,1.2088994388640417,0.13013546926063707,1.6751819310834688,0.0029674203120610937,0.5464437375693642,0.6551172181936744,0.007440338161050526,36.79722409751879,0.06522167679296542,0.49032258064516127,0.015192115548468029,0.27832901778964325,0.4686767480315958,0.15686058316867352,0.4864178452648906,0.8103617342875563,-0.32811975111953623,0.31961900734807924,0.13232707375231684,Electronics & Computer Distribution,Technology,SNX
2022Q3,2022,Q3,2022-10-04,2022-08-31,148835000.0,15356085000.0,184583000.0,1.55,916030000.0,0.0596525742,29092068000.0,7771654000.0,19882451000.0,15930887000.0,21320414000.0,9755228000.0,1515793000.0,9157672200.0,12941299200.0,81.70797455711507,1.2480441923917984,0.1421156103443729,0.5319893294271721,0.012302132603310603,81.70797455711507,0.01915100697998135,0.5963546177297143,15.38225585379783,1.1783427568957652,0.19189706722209157,1.48023757107471,0.0031188056720353016,0.5278443938739591,0.59048344263568,0.005115999316377234,-92.19256835662223,0.05965257420755355,0.0,-0.1763529074618728,0.49352792180505584,0.4581870561720295,-0.041598093303019806,-0.0005506423041022852,0.029263668553266235,-0.3569507655377838,0.3168695243094598,0.14789621680998236,Electronics & Computer Distribution,Technology,SNX
2022Q2,2022,Q2,2022-07-07,2022-05-31,148917000.0,15269791000.0,179335000.0,1.55,955789000.0,0.0625934566,28057829000.0,7981665000.0,18535441000.0,14659708000.0,20076164000.0,8433997000.0,1395519000.0,9914455650.0,13504143650.0,83.60478270433335,1.2643799590005476,0.146526019529166,0.5150807506955003,0.01112471564400315,83.60478270433335,0.018657385395152517,0.6492856156315433,16.644264338524142,1.2421538175305527,0.19316800633910164,1.697178929515863,0.002901420008873609,0.5442256776174664,0.6416186461558443,0.005307502586889385,9.77099785942788,0.06259345658365592,0.12318840579710157,-0.1569773926105712,0.6063709148604963,0.5618241453591138,-0.013288446628903198,0.12539675342341525,0.1492812786383066,-0.30948582565673544,0.4162803514217,0.19779725198974743,Electronics & Computer Distribution,Technology,SNX
2022Q1,2022,Q1,2022-04-05,2022-02-28,132324000.0,15469977000.0,156041000.0,1.38,968661000.0,0.0626155424,28587198000.0,8021857000.0,18813401000.0,15071508000.0,20565341000.0,7747799000.0,1275368000.0,9733318720.0,14269731720.0,83.92468404753934,1.248275952213939,0.17653426544287412,0.6291086964028404,0.00898590579907795,83.92468404753934,0.016495432416708502,0.6291747376224283,18.389178682627488,1.2133498166322336,0.217866751307397,1.8716691024121819,0.002961888008533229,0.5411505177947136,0.6864090175979736,0.004628785234565487,-7.233091980544935,0.06261554235019225,0.10399999999999991,-0.11514242128260253,0.8154559772423876,0.6261851507485303,0.027028029971298887,0.1078700602813128,-0.158195991692067,-0.19413053404618952,0.5633267800144608,0.21223624526898038,Electronics & Computer Distribution,Technology,SNX
2021Q4,2021,Q4,2022-01-28,2021-11-30,119440000.0,15611265000.0,185365000.0,1.25,943169000.0,0.060415924,27666380000.0,7905975000.0,17734144000.0,14233455000.0,19760405000.0,6642915000.0,1171873000.0,9876705440.0,13019164440.0,82.81629724293974,1.245947944473074,0.14951113951301181,0.5232032734735438,0.01881956903543826,82.81629724293974,0.015107561053507,0.632665286253228,20.672943402545208,1.249271018438586,0.16083389149363697,2.208081241442951,0.0019449805521384467,0.5642684369982629,0.7322865741311579,0.004317153165683403,18.985814403660026,0.06041592401384513,-0.3093922651933702,-0.4208372485769551,0.6615981468549991,0.6554239161284792,2.0169629776535243,0.2611794519824719,0.250742220182991,-0.48675353110213276,0.3504590824644071,0.12033848533666844,Electronics & Computer Distribution,Technology,SNX
2021Q3,2021,Q3,2021-10-05,2021-08-31,94705000.0,5207064000.0,148204000.0,1.81,312622000.0,0.060038056,10506980000.0,2338290000.0,9603421000.0,4007393000.0,8168690000.0,2866212000.0,1071642000.0,6515514250.0,6490336250.0,45.60292540224281,2.396426055542843,0.3830963797399443,1.721422920168157,0.01741726993980074,45.60292540224281,0.040501819705853426,1.251283688850377,17.19949910247611,2.7864440467179006,0.10917058233461803,1.7076343271188592,0.0015868279315021066,0.4955814134984553,1.632520444089212,0.00901353195685154,-107.65174558852686,0.060038055994702584,0.016853932584269676,0.23794152956252257,0.08878914167934326,-0.06874407206109497,-0.05028632186526923,0.01721767523791111,0.002048667689873632,0.04634361485430741,-0.18756312856785262,-0.23084709910205664,Electronics & Computer Distribution,Technology,SNX
2021Q2,2021,Q2,2021-07-07,2021-05-31,93102000.0,5856825000.0,147901000.0,1.78,329175000.0,0.0562036598,8159897000.0,2255668000.0,7239756000.0,4270330000.0,5904230000.0,2684681000.0,987277000.0,6493705200.0,6400189200.0,44.06290045319581,1.6953621851238663,0.1915904085554021,0.6930798326704107,0.02894134572427405,44.06290045319581,0.041274691133624274,1.1087415451204363,17.43707224334601,2.8788390844751977,0.11228545036626496,2.05895970508228,0.001609866736789961,0.7177572216904209,1.0273800853798185,0.011409702843062848,23.65820897697464,0.05620365983275922,0.053254437869822535,0.6104618555817665,0.3298800626456036,-0.07654264871585648,0.08079667199663786,0.06012160961945754,0.0434080198662415,-0.2331651630751898,-0.09107054873874965,-0.24692895990503883,Electronics & Computer Distribution,Technology,SNX
2021Q1,2021,Q1,2021-04-08,2021-02-28,87822000.0,4939014000.0,141748000.0,1.69,304567000.0,0.061665547,7726033000.0,2129298000.0,6804611000.0,3968308000.0,5596735000.0,2556716000.0,904629000.0,4833202500.0,5022228500.0,41.63257405415974,1.714738624118894,0.21133407014958389,0.7668132877596279,0.028143264928832387,41.63257405415974,0.041244579199341755,0.9785763919681135,13.758518651362984,2.269857248727045,0.11692969870875179,1.812656157351853,0.002124678202496171,0.6392690789697637,1.0298580654525809,0.011367023671786025,233.2176462072959,0.06166554700999025,-0.8460837887067396,0.4465065149185831,0.21186013544936266,-0.10314116377716244,-0.6300907505380419,-0.8445399943708545,-0.9674560811609721,1.7895964199323102,-0.15795494870383403,-0.2862670849545719,Electronics & Computer Distribution,Technology,SNX
2020Q4,2020,Q4,2021-01-28,2020-11-30,564917000.0,7413945000.0,4355591000.0,10.98,823356000.0,0.1110550456,12623362000.0,4338860000.0,8769127000.0,5630092000.0,9129731000.0,2684530000.0,3133058000.0,8183504880.0,9538263880.0,84.99569033066918,1.5575459512917373,0.21917893188835114,0.637673259796352,1.1928635858493968,84.99569033066918,0.13019940721756407,1.103798973421033,3.6215518739921086,1.8860956288057231,0.0,2.4550252744428263,0.0,0.5873193686436308,0.9383159280523302,0.044751707191792486,37.77641545492314,0.11105504559313564,3.223076923076923,5.96738979431989,0.6011918589015974,0.848536438586607,0.16278110753969824,3.201250892432175,19.826596090582203,3.8160959678783932,0.0836810541572202,0.47515503876659226,Electronics & Computer Distribution,Technology,SNX
2020Q3,2020,Q3,2020-10-09,2020-08-31,134464000.0,6464782000.0,209136000.0,2.6,708092000.0,0.1095306849,13263107000.0,4093582000.0,8564151000.0,5632148000.0,9169525000.0,2832607000.0,2917906000.0,6470663500.0,7872313500.0,80.43981135783062,1.520583443474852,0.21517755982817602,0.6971701067671296,0.021945036243456943,80.43981135783062,0.03284751594080685,1.000909775457239,12.030475629164684,1.5806849600179012,5.205854355069015e-05,2.0322939257016595,1.0818055984521525e-06,0.48742591008275815,0.9510172673019246,0.010138197633480601,23.283305746464684,0.109530684870735,1.3636363636363635,1.143703385502927,0.48978375444013456,0.7971138168665162,0.14612674061568792,1.3606741573033707,0.8718986072822312,0.3907807972573772,0.17517700461336091,0.4355550037642482,Electronics & Computer Distribution,Technology,SNX
2020Q2,2020,Q2,2020-07-09,2020-05-31,56960000.0,5532639000.0,111724000.0,1.1,617813000.0,0.111666964,12639159000.0,3834381000.0,7968621000.0,5229297000.0,8804778000.0,3033320000.0,2783449000.0,5573558890.0,7265919890.0,75.40720564809534,1.5238417324546685,0.22192275609476864,0.731517551333579,0.011776475255917924,75.40720564809534,0.014855070479433317,1.0073960889188684,24.46260046523876,1.4535746160853602,0.0006144662921348314,1.6202794297996914,6.279650164421246e-06,0.43773790645406074,0.8871018417963256,0.004506628961626323,4.907943581479721,0.11166696399313239,-0.5338983050847457,-0.15665874015942904,0.30595011064486954,0.7043035418138104,-0.11531582617710781,-0.53533903282647,-0.40778670059102595,-0.3945965655410426,0.09276060559224165,0.4086848946400184,Electronics & Computer Distribution,Technology,SNX
2020Q1,2020,Q1,2020-04-07,2020-02-29,122584000.0,5264197000.0,188655000.0,2.36,698343000.0,0.1326589791,11727053000.0,3855687000.0,6947456000.0,4227152000.0,7871366000.0,2710251000.0,2726525000.0,6353399450.0,9162957450.0,75.87694578372528,1.6435311528896996,0.26483644271071344,0.8054987347261331,0.02147968712969802,75.87694578372528,0.03179303714227841,1.2069076157294265,12.95723636445213,1.647799587985228,0.16919010637603601,1.6846609409977158,0.0032643941504417765,0.4488934261659771,0.9209533984110342,0.01045309507853337,1018.009846178497,0.13265897913774882,-0.3079178885630499,1.0293329057371685,0.2605639337463778,0.7553790878927757,-0.12107257029224457,-0.30350395736387864,-0.2968190899332061,0.5419199014821299,0.16204101910226287,0.4702463752827571,Electronics & Computer Distribution,Technology,SNX
2019Q4,2019,Q4,2020-01-29,2019-11-30,176001000.0,6581293000.0,268288000.0,3.41,794540000.0,0.1207270365,11697960000.0,3788450000.0,7452992000.0,4607122000.0,7909510000.0,2547224000.0,2624680000.0,6225607330.0,9017314330.0,74.73319787741897,1.6177110135134256,0.25792839093312,0.7964302023254893,0.02888963083788914,74.73319787741897,0.04645725824545659,0.945955047131316,8.843141984988723,1.6433125235914425,0.10861301924420884,2.271788032776073,0.0030705438018687244,0.5626017698812442,0.9812509848881796,0.015045443820973914,20.515751363464105,0.1207270364653268,0.42083333333333345,1.3645168206914253,0.3198344419985717,0.7569255715776435,0.09442429568492085,0.4293684826040347,0.2845658471188145,0.6071543847548304,0.3191396171835423,0.4938499693137202,Electronics & Computer Distribution,Technology,SNX
2019Q3,2019,Q3,2019-10-04,2019-08-31,123132000.0,6203658000.0,208855000.0,2.4,725989000.0,0.1170259547,11426327000.0,3601811000.0,7202488000.0,4578681000.0,7824517000.0,2787159000.0,2467795000.0,4240869810.0,7307329810.0,71.18062884132725,1.573048657462706,0.2913218744746234,0.9241848059212435,0.02251284051480359,71.18062884132725,0.03418613580779225,0.6836079309981304,8.610413641457948,1.1774270804325935,0.15523990514244876,1.965323470960932,0.004507330065857409,0.5429266990171032,0.8853139146404827,0.010776166304360098,19.55823057375953,0.11702595468673482,0.07623318385650221,1.096017740673435,0.3438011638162836,0.6976632399469127,0.039401948263914736,0.07564229119530369,0.19581460593741948,0.6309653225789382,0.31445366759467436,0.45357741807601,Electronics & Computer Distribution,Technology,SNX
2019Q2,2019,Q2,2019-07-03,2019-05-31,114473000.0,5722888000.0,174655000.0,2.23,698468000.0,0.1220481687,11275958000.0,3537053000.0,7015116000.0,4461217000.0,7738905000.0,2608453000.0,2363779000.0,4394029250.0,7644149250.0,69.79877651702023,1.572466885157122,0.3123114683470797,0.9956342186560394,0.018505822038384245,69.79877651702023,0.032363948179459,0.7677992737233369,9.596213190009871,1.2422853856020817,0.16774261179492106,1.9262068360058624,0.004370020977898589,0.5075300918999521,0.9143090327146157,0.010151953386133577,55.404615549503205,0.1220481686868588,0.31952662721893493,1.2082456726233965,0.2643088471222456,0.7069825068678006,0.028791273211463485,0.31418042385139944,0.07836357686632132,1.0003354733637704,0.3127251746420993,0.46282229772294703,Electronics & Computer Distribution,Technology,SNX
2019Q1,2019,Q1,2019-04-09,2019-02-28,87106000.0,5249453000.0,161963000.0,1.69,678921000.0,0.1293317609,10761335000.0,3510442000.0,6429154000.0,3880479000.0,7250893000.0,2430392000.0,2268508000.0,4975272720.0,8254670720.0,69.23129412692778,1.656793916421143,0.32790532029715647,1.0052007695896983,0.01674896448188314,69.23129412692778,0.024813399566208472,0.9477697428665425,14.279362845268983,1.417278143322123,0.2201226092347255,1.8805739979394271,0.0038538590905625772,0.4878068566771688,0.9486617502633051,0.008094348888869271,-26.59151640833779,0.12933176085203543,-0.29875518672199175,0.6838347055801873,0.2878899657873292,0.7089507523809475,0.04211461831756421,-0.2303831915250793,-0.18311897916981892,0.4471347507772107,0.29918238874862413,0.49139704405746665,Electronics & Computer Distribution,Technology,SNX
2018Q4,2018,Q4,2019-01-28,2018-11-30,113181000.0,5622201000.0,198270000.0,2.41,651484000.0,0.1158770382,11480434000.0,3432068000.0,7099753000.0,4894441000.0,8048366000.0,2518319000.0,2195635000.0,3748677460.0,6749981460.0,73.92078226970213,1.4505748460345114,0.301033741407337,1.0069724725733873,0.020111277855467794,73.92078226970213,0.03297749345292692,0.6667633298773914,8.280271114409663,1.092250345855618,0.15804772885908414,1.9738234115693842,0.004771816244761693,0.4897202492519011,0.8811570105758758,0.00985859942228665,41.077345357718144,0.11587703819198211,0.3850574712643679,1.1821866941555146,0.47014620277421354,0.9453664502923477,0.503991504490154,0.6334155950989306,0.6961230495483165,0.5347879914285759,0.33502618281881213,0.6076728015592713,Electronics & Computer Distribution,Technology,SNX
2018Q3,2018,Q3,2018-10-09,2018-08-31,69291000.0,4906610000.0,116896000.0,1.74,433170000.0,0.0882829489,7258302000.0,2327362000.0,5405197000.0,3581999000.0,4930940000.0,2040103000.0,2100345000.0,3806460380.0,5425399380.0,59.289804860651145,1.5089889751504677,0.2511506134630386,0.7832588999906331,0.02033671241014182,59.289804860651145,0.02977233451435574,0.7757821347121536,13.733603137492603,1.6355257067873412,0.20040120650589544,2.192752032617961,0.00364800854698506,0.6759997035119233,0.8817288893715493,0.009546447640233212,-29.61119877399882,0.08828294891992639,-0.2564102564102564,0.39989415753051016,0.6900659105662882,0.6041477668414799,0.009499084116766955,-0.26044635138164,-0.05681873194661847,0.43213523291151157,0.46588338357253617,0.32459942055822916,Electronics & Computer Distribution,Technology,SNX
2018Q2,2018,Q2,2018-07-06,2018-05-31,93693000.0,4972583000.0,123938000.0,2.34,429094000.0,0.0862919734,7315808000.0,2311475000.0,5427351000.0,3639823000.0,5004333000.0,2129779000.0,2044939000.0,4219924099.9999995,5677490100.0,58.510947981268195,1.4911030014371578,0.24764755991409287,0.7838034155679815,0.026539361686104004,58.510947981268195,0.040533858250684084,0.8486382429413445,11.259976999348936,1.8256412463902918,0.14915735433810423,2.1333147711570075,0.0033116709373990877,0.6797038686635843,0.8436748160556159,0.012806924402608708,103.62253462331793,0.08629197340697983,2.8360655737704916,1.8352335821230215,0.7866899871450777,0.587559370669571,0.03658162439515788,2.8345338462797742,0.1072615516563628,0.7855452599243317,0.5107988444064667,0.32242555631522424,Electronics & Computer Distribution,Technology,SNX
2018Q1,2018,Q1,2018-04-06,2018-02-28,24434000.0,4552370000.0,111932000.0,0.61,413951000.0,0.0909308778,7457783000.0,2315439000.0,5525766000.0,3741173000.0,5142344000.0,2323259000.0,1965221000.0,4908286750.0,6351708750.0,58.330746945459126,1.4770142947145186,0.2434726245051646,0.7841994541855778,0.007095393391571602,58.330746945459126,0.010552642501054876,1.0781827377827373,50.219844785954,2.119808273938549,0.5717852173201277,1.7812990286489798,0.002846410715510865,0.6104186726806077,0.8017768758621961,0.0032763087904273966,-175.08335414139972,0.09093087776257203,-0.7300884955752213,-0.3236934864881629,0.7086241648608027,0.5893760494886972,-0.10394009974716864,-0.7317097273615671,-0.2998123357938196,-0.48219027564183004,0.39548900888652017,0.34945565232788234,Electronics & Computer Distribution,Technology,SNX
2017Q4,2017,Q4,2018-01-29,2017-11-30,91073000.0,5311877000.0,159860000.0,2.26,461968000.0,0.0869688812,7698526000.0,2283695000.0,5739778000.0,4041207000.0,5414831000.0,2162626000.0,1954758000.0,5398287000.0,6789159000.0,57.618140532357764,1.420312792687927,0.2521989274310433,0.850183584060043,0.024403094744068137,57.618140532357764,0.039879668694812576,1.016267319442826,14.818571365827411,2.3638388663985337,0.13135616483480286,2.2426018183449195,0.00221607335808563,0.6899862389241784,0.8419788939294621,0.01182992692367344,23.317022076132638,0.08696888124480293,0.20855614973262013,0.9337470677956519,0.7800707969899973,0.6042812211700412,0.23209866006656993,0.21167329670183468,0.30801204424952544,0.5648980381510363,0.36246505553436875,0.3545624617067412,Electronics & Computer Distribution,Technology,SNX
2017Q3,2017,Q3,2017-10-03,2017-08-31,75163000.0,4276686000.0,122216000.0,1.87,374944000.0,0.0876716224,5739360000.0,2216871000.0,4453933000.0,2773362000.0,3522489000.0,2242083000.0,1875648000.0,4732130430.0,5542854430.0,56.03394585850416,1.6059688565719152,0.1836422527947367,0.47543993313097604,0.024567626218957077,56.03394585850416,0.03390499492302439,1.10649470875346,15.739560787887658,2.134598914415859,0.13244548514561685,1.7402308478321276,0.002103703637771455,0.7451503303504223,0.7608934571109001,0.013096059490953695,122.48616322410312,0.08767162237302435,0.021857923497267777,0.9842279191064223,0.5394959761561519,0.5971451883283804,0.0072506010826203175,0.027546891234210096,-0.023287780708063612,0.6364321755884592,0.1848528397263055,0.33641373533255103,Electronics & Computer Distribution,Technology,SNX
2017Q2,2017,Q2,2017-07-05,2017-05-31,73148000.0,3936268000.0,125130000.0,1.83,372245000.0,0.094568002,5528922000.0,2116210000.0,4325509000.0,2665243000.0,3412712000.0,2112590000.0,1810440000.0,4398441580.0,5182624580.0,53.53021526319783,1.6229323179912676,0.19709972396065634,0.5149531473719526,0.024620124216032466,53.53021526319783,0.03456556768940701,1.1174141547272696,15.032678883906602,2.078452318059172,0.13620331382949635,1.6870396054132606,0.0022651204565959015,0.7119413151424455,0.787279058607414,0.013230065463032396,269.13305880193354,0.09456800197547524,0.18831168831168832,0.9705014118615306,0.4680723684853691,0.5818760465137861,0.08912672660723324,0.1838353104921588,0.22967010289016204,0.8087592479880539,0.11469633927190637,0.3091223887121413,Electronics & Computer Distribution,Technology,SNX
2017Q1,2017,Q1,2017-04-04,2017-02-28,61789000.0,3520869000.0,101759000.0,1.54,341783000.0,0.0970734782,5107768000.0,2038219000.0,3896996000.0,2315999000.0,3069549000.0,1853901000.0,1747255000.0,4617638480.0,5416742480.0,51.608320251177396,1.6826414864600545,0.19759139412753282,0.4951631792265699,0.022124684620601562,51.608320251177396,0.030315191841504763,1.3115053357565987,18.683092783505156,2.265526167698368,0.16077295311463205,1.7148089353207103,0.0021513160986998702,0.6893165468752692,0.8377909489598225,0.012097064706149536,-22.27772863235493,0.09707347816689572,-0.2870370370370371,0.48592808079580535,0.3152358866313541,0.544408050447604,-0.09768840453448649,-0.27578002297287796,-0.22108510280001836,0.533524724857191,0.10902875005843483,0.27393368612565483,Electronics & Computer Distribution,Technology,SNX
2016Q4,2016,Q4,2017-01-26,2016-11-30,85318000.0,3886902000.0,130642000.0,2.16,378786000.0,0.0974519039,5223263000.0,1975776000.0,4045109000.0,2477828000.0,3247465000.0,1741734000.0,1695400000.0,4617243540.0,5203492540.0,50.027244644756166,1.6325221121078621,0.18512680674896134,0.48941074291822556,0.03085382939904389,50.027244644756166,0.04318202063391802,1.1878981101144304,13.529511767739516,2.3369266252854572,0.11621228814552614,2.014151414624736,0.0021473851041437595,0.7441520750534676,0.8646370934544286,0.01633423398362288,195.5547643047732,0.09745190385556415,0.46938775510204095,0.5561507142243324,0.25203898015276,0.5608748742430393,0.1620735250355108,0.4533592259471246,0.33278243659586626,0.9338253582422344,0.19485706928887897,0.31656241106048466,Electronics & Computer Distribution,Technology,SNX
2016Q3,2016,Q3,2016-10-04,2016-08-31,58704000.0,3669814000.0,98022000.0,1.47,325957000.0,0.0888211228,4821936000.0,1926745000.0,3615722000.0,2115983000.0,2895153000.0,1568697000.0,1619997000.0,4177364820.0,4762504820.0,48.96927260712652,1.7087670364081375,0.16765506634679514,0.4195791347583619,0.023341582453815467,48.96927260712652,0.030467965402790717,1.1383042355825117,17.789949662714637,2.168094283363912,0.13494821477241756,2.1316143270497743,0.0018964108574074695,0.7610665093854418,0.889144194447687,0.012174363160357167,-112.01171287606586,0.08882112281439877,0.3243243243243242,0.37144513846580635,0.3011479625912746,0.5713911484611428,0.10858415807910757,0.3232947116901853,0.30164927097442434,0.1832306116441024,0.26109988457157,0.3249149576592306,Electronics & Computer Distribution,Technology,SNX
2016Q2,2016,Q2,2016-07-05,2016-05-31,44362000.0,3379499000.0,75306000.0,1.11,294030000.0,0.0870040204,4442821000.0,1874394000.0,3637139000.0,1842122000.0,2567820000.0,1378055000.0,1569215000.0,3578681300.0,3705646300.0,47.715143955400556,1.9744289466169993,0.16115233992096464,0.3819746542082401,0.018489712474285824,47.715143955400556,0.0236673826313998,1.0589384106934194,20.167493012037326,1.9092470953278764,0.1785311753302376,2.2390027974210027,0.0022131057046068897,0.7606651269542483,1.1449491401763836,0.009985097306418602,32.678738208947046,0.08700402041841113,-0.05128205128205114,0.2836482811437792,0.23032712465910105,0.585972559668587,0.03461744172953496,-0.0472488295176324,-0.00423134900695528,0.3500201038947652,0.2211440679538294,0.29464017457886066,Electronics & Computer Distribution,Technology,SNX
2016Q1,2016,Q1,2016-04-07,2016-02-29,46562000.0,3125622000.0,75626000.0,1.17,284192000.0,0.0909233426,4183700000.0,1820795000.0,3388365000.0,1630423000.0,2362298000.0,1273467000.0,1532773000.0,3688232720.0,3945348720.0,46.42043136854987,2.078212218546966,0.16844969763606377,0.3870523589970315,0.019014788842053713,46.42043136854987,0.025572346145502377,1.1799996032789632,19.80280443279928,2.025616678428928,0.1711051930758988,2.2312553053985695,0.0021601131503437235,0.747095155006334,1.1886087230123716,0.011129383081960943,34.18512114190379,0.09092334261788533,-0.25000000000000006,0.42189106943949867,0.13431151797397242,0.5947296999621482,-0.0912718714826563,-0.2508969223096353,-0.27951221835850043,0.30426113495638996,0.18721499326536825,0.26484788362290124,Electronics & Computer Distribution,Technology,SNX
2015Q4,2015,Q4,2016-01-28,2015-11-30,62157000.0,3549617000.0,104965000.0,1.56,312736000.0,0.0881041532,4444147000.0,1799381000.0,3649781000.0,1918157000.0,2644250000.0,1328967000.0,1494178000.0,3689162180.0,4083981180.0,45.97999182296724,1.9027540498509767,0.16446148158465504,0.40619023986582053,0.026252536514935167,45.97999182296724,0.03454354580825295,1.0393127427550635,14.838080103608602,2.0502395990621216,0.12606786041797385,2.4356368517803677,0.0021240595066492848,0.7987172791539073,1.095438486005056,0.013986261030519467,64.07465228567459,0.08810415320864194,0.28925619834710753,0.5065920320607401,0.30825530987117333,0.6489746934002578,0.07551465379086451,0.2903406613937846,0.29141598690928777,0.3366715127234227,0.20474569429793327,0.2802363413604577,Electronics & Computer Distribution,Technology,SNX
2015Q3,2015,Q3,2015-10-05,2015-08-31,48171000.0,3332537000.0,81279000.0,1.21,290778000.0,0.087254245,4214520000.0,1749332000.0,3414229000.0,1737962000.0,2464735000.0,1326751000.0,1439857000.0,3094903580.0,3524338580.0,44.760554731078244,1.9645015253498064,0.17499288175165856,0.4215957862772761,0.021179821708365205,44.760554731078244,0.02753679690304642,0.9286929387430657,16.062068360631915,1.7691916571582753,0.10217765875734364,2.2926374278217994,0.0015903564918167824,0.790727532435485,1.0893886057347628,0.011429771361863272,15.81574254541738,0.08725424503913985,-0.06923076923076929,0.39878318375866334,0.3741157821928512,0.6682898483671432,-0.030930583651881796,-0.07138450861703358,-0.09044213918823647,0.2873171288236548,0.21439119233341644,0.2758177836730193,Electronics & Computer Distribution,Technology,SNX
2015Q2,2015,Q2,2015-07-08,2015-05-31,51874000.0,3253785000.0,89361000.0,1.3,300059000.0,0.0922184471,4114920000.0,1727951000.0,3309015000.0,1660123000.0,2386532000.0,1246498000.0,1396608000.0,3255150900.0,3775373900.0,44.2451733497209,1.9932348386234031,0.1787952135156941,0.42578059215799524,0.02297218896371254,44.2451733497209,0.030020527202449607,1.0004197880314771,15.687776631838686,1.883821300488266,0.09569341095731966,2.3696195260642217,0.0015249677057982169,0.7907286168382375,1.1524971342484864,0.012606320414491655,31.159609254597147,0.09221844713157139,0.12068965517241391,0.8511428515761468,0.41906848134586155,0.684081430312288,0.041083485417288304,0.1198324806251754,0.1319112822526505,0.4145499326959474,0.22841725527106052,0.30749296545220894,Electronics & Computer Distribution,Technology,SNX
2015Q1,2015,Q1,2015-04-07,2015-02-28,46323000.0,3202458000.0,78947000.0,1.16,288218000.0,0.0899989945,4108334000.0,1684407000.0,3297465000.0,2093813000.0,2423520000.0,1306039000.0,1349698000.0,2971310000.0,3641436000.0,43.22539006364196,1.57486126984597,0.20443737047669444,0.49863067536527694,0.019953480014717608,43.22539006364196,0.02750107307794375,0.927821691962861,16.0358245364074,1.7640095297632936,0.10510977268311637,2.2313575628292877,0.0016386711585125752,0.779502834969114,0.8445854524735494,0.011275373423874495,15.99413268739066,0.08999899452233254,-0.19444444444444448,0.16202623905539854,0.43815220190244386,0.6912998163228842,-0.08100197052502695,-0.18845480028030834,-0.20793201701581188,0.1290321432588763,0.21243993195863456,0.29354414313656135,Electronics & Computer Distribution,Technology,SNX
2014Q4,2014,Q4,2015-01-29,2014-11-30,57080000.0,3823869000.0,99672000.0,1.44,313622000.0,0.082016931,4713042000.0,1653558000.0,3899989000.0,2721729000.0,3059057000.0,1398463000.0,1308244000.0,2763552660.0,3563912660.0,42.53634820188301,1.4329086400593152,0.20804036968055875,0.5929655929819214,0.023621047353017028,42.53634820188301,0.03451950279337042,0.7227111232105493,12.103857130343377,1.6712765200857786,0.0,2.510074989470583,0.0,0.8113377729288218,0.8373772701102865,0.012111073909377426,-519.5624478285392,0.08201693101934193,0.2521739130434783,0.6418198695930714,0.5350041358173269,0.7609778915158135,0.046376308712740476,0.26883919441604054,0.264840993883404,0.05771057402487365,0.2513798461545011,0.32715518557609885,Electronics & Computer Distribution,Technology,SNX
2014Q3,2014,Q3,2014-10-07,2014-08-31,44986000.0,3535202000.0,78802000.0,1.15,299722000.0,0.0847821426,4477069000.0,1624691000.0,3607548000.0,2515518000.0,2851960000.0,1445256000.0,1256091000.0,2702355260.0,3575493260.0,41.9285917055924,1.4341173468049127,0.22353955232765008,0.6159952877193263,0.019118890290418543,41.9285917055924,0.027688957469451114,0.7644132527646228,15.017756968834748,1.6633041359864735,0.0,2.238689893001655,0.0,0.789624193864334,0.7918551964247523,0.010048091731443049,-40.44291683503195,0.08478214257629409,0.13861386138613851,0.6245377652279548,0.46797895292897645,0.7323231156964243,0.07421849799651631,0.13741751156734344,0.15744018330567103,0.06715674168794947,0.27273197669685956,0.34546041559989893,Electronics & Computer Distribution,Technology,SNX
2014Q2,2014,Q2,2014-07-08,2014-05-31,39551000.0,3453535000.0,68083000.0,1.01,279014000.0,0.0807908418,4474966000.0,1580936000.0,3585083000.0,2549223000.0,2893540000.0,1424227000.0,1211105000.0,2556010930.0,3327764930.0,40.8901533766133,1.4063434230744034,0.21818020516803927,0.6175765495883452,0.017070892819048302,40.8901533766133,0.025017458012215547,0.7401143842468659,16.15642417385148,1.616770653587495,0.0,2.228943138979952,0.0,0.7717455283459137,0.7956530283933575,0.008838279441676205,-14.145052185943554,0.0807908418475562,0.0,0.7277343406503637,0.6008350185458176,0.7765935343897978,0.35020276221170504,0.02951818205481948,0.09899919289749798,0.1627905463271534,0.27744213232486264,0.3591211477128635,Electronics & Computer Distribution,Technology,SNX
2014Q1,2014,Q1,2014-04-08,2014-02-28,38417000.0,3026984000.0,61950000.0,1.01,206646000.0,0.0682679525,3928573000.0,1525482000.0,3124689000.0,2032780000.0,2402632000.0,1225487000.0,1171554000.0,2239778880.0,2854082880.0,40.51099426386233,1.5371506016391345,0.19414352234259105,0.49997771196251417,0.01723278189268297,40.51099426386233,0.02518351576747546,0.7399374691111681,14.575441080771533,1.468243401102078,0.0,2.301401810055921,0.0,0.7705047099799341,0.8462219226871575,0.0097788688157252,-56.97588155986874,0.06826795252303944,-0.08181818181818189,0.6818264915964645,0.49310020349779304,0.8498163005871259,0.14922725275703091,-0.0740214037794061,-0.10767014764133957,0.2220130465220896,0.14425734080907765,0.39171661750965864,Electronics & Computer Distribution,Technology,SNX
2013Q4,2013,Q4,2014-01-27,2013-11-30,41488000.0,3059051000.0,69425000.0,1.1,179813000.0,0.058780648,3325889000.0,1411222000.0,2931733000.0,1789378000.0,1914248000.0,1095107000.0,1133137000.0,2457116240.0,2623422240.0,37.99838444761571,1.6384089890453555,0.09559188535756906,0.22528560354076113,0.025234054491539797,37.99838444761571,0.029398634658473293,0.8032282691592916,14.806186367142304,1.7411266547715383,0.0,2.629184180176001,0.0,0.9197694210480265,0.9836339778403446,0.012474258762093383,-25.59442761609133,0.05878064798527387,4.789473684210527,0.35889436243380374,0.2620247422615195,0.794893393846919,0.09455198441684928,-0.10990967797301067,0.09332430431975307,0.059624900555833416,0.18801455882003346,0.3627313068140665,Electronics & Computer Distribution,Technology,SNX
2013Q3,2013,Q3,2013-10-08,2013-08-31,46611000.0,2733913000.0,63499000.0,0.19,164280000.0,0.0600896956,2950150000.0,1366238000.0,2561658000.0,1459041000.0,1583507000.0,1012055000.0,1091649000.0,1756207150.0,1850148150.0,36.96031381036115,1.755713513191199,0.0790820805721743,0.17076380542775124,0.02547296816792582,36.96031381036115,0.03411631062816288,0.6423785797133998,9.419488693656003,1.2854328089249458,0.0,2.5390250529862506,0.0,0.9267030489975085,1.0015565018392218,0.015799535616833043,90.53080828908706,0.060089695612113476,-0.7654320987654322,0.809971323735091,0.14481118008223282,0.7468719950879531,0.06130887008204664,0.5148688615164614,0.22198060195519975,0.4309986722130162,0.19184315808509042,0.3775637208418503,Electronics & Computer Distribution,Technology,SNX
2013Q2,2013,Q2,2013-07-08,2013-05-31,30769000.0,2591361000.0,51964000.0,0.81,154790000.0,0.0597330901,2875934000.0,1355671000.0,2490972000.0,1395289000.0,1519898000.0,946737000.0,1045038000.0,1491550650.0,1571910650.0,36.85591169833891,1.7852731584639454,0.10318247915285955,0.21889234187350765,0.020330560617645134,36.85591169833891,0.02269650969888712,0.575585821504607,12.118939923299424,1.1002305500375829,0.0,2.5736513942097963,0.0,0.9010502327243949,1.0423647000728882,0.010698785159881973,32.795027593940326,0.05973309006348401,-0.07954545454545449,0.4254855256417708,0.1832364213497156,0.787503840406757,-0.008309468437473972,-0.07791662920674877,-0.07107615302109403,0.165794368730492,0.19994349169478073,0.40282773892202417,Electronics & Computer Distribution,Technology,SNX
2013Q1,2013,Q1,2013-04-04,2013-02-28,33369000.0,2460839000.0,55940000.0,0.88,156087000.0,0.0634283673,2813940000.0,1345547000.0,2443399000.0,1332376000.0,1468047000.0,916196000.0,1014269000.0,1397960190.0,1463611190.0,36.70040640427679,1.8338659657634182,0.10580360633133613,0.22126688997114186,0.021982885213713218,36.70040640427679,0.02479957965050645,0.5680827514518423,10.47349478557943,1.038953072616564,0.0,2.515566538164323,0.0,0.874517224958599,1.0839417701909972,0.011858461800891278,36.920562803718575,0.06342836731700043,-0.24137931034482754,0.6970479266955587,0.20443288151183836,0.8410550754328939,-0.12849246231155778,-0.23535747021081577,-0.25065637893157583,-0.11030209746500491,0.17458574690374185,0.4359937647558317,Electronics & Computer Distribution,Technology,SNX
2012Q4,2012,Q4,2013-01-28,2012-11-30,43640000.0,2765066000.0,74652000.0,1.16,179100000.0,0.0647724141,2963262000.0,1319023000.0,2580461000.0,1494707000.0,1643907000.0,923340000.0,980900000.0,1212692520.0,1324279520.0,35.91523716168382,1.7263992207168362,0.09289964910291429,0.20870447293185942,0.028835968060776047,35.91523716168382,0.033085094043090985,0.4385763377800024,6.947138634280477,0.9193869401822411,0.0,2.8006649771481795,0.0,0.9331156003080389,1.057735061119002,0.014727013676144735,57.167421863951354,0.06477241411235754,0.24731182795698908,0.847114323207925,0.19874846023270493,0.8640392693161458,0.1788401161068657,0.2419249267195993,0.256048726318269,0.3286539567206189,0.17489118898431769,0.4868680853866195,Electronics & Computer Distribution,Technology,SNX
2012Q3,2012,Q3,2012-10-05,2012-08-31,35139000.0,2576948000.0,59434000.0,0.93,151929000.0,0.0589569522,2731821000.0,1287576000.0,2349140000.0,1284267000.0,1437443000.0,900954000.0,937260000.0,1267251000.0,1394842000.0,35.08381471389646,1.8291679222466979,0.11003026918674394,0.2334487439964709,0.025000010378783317,35.08381471389646,0.02729081623143022,0.49176428860807436,9.01598651071459,0.9842145240358627,0.0,2.6916124463624116,0.0,0.9433077789503778,1.0603005449801326,0.012862848627344178,13.770725346373268,0.05895695217753715,0.03333333333333336,1.0668388130823505,0.2395476087594913,0.9024716112798717,-0.02881050397606689,0.02225519287833828,-0.009548885963304282,0.33978856152513004,0.1298107029673225,0.44952407756606916,Electronics & Computer Distribution,Technology,SNX
2012Q2,2012,Q2,2012-07-06,2012-05-31,34374000.0,2482799000.0,60007000.0,0.9,156436000.0,0.0630079197,2560499000.0,1238770000.0,2180218000.0,1162824000.0,1314709000.0,875237000.0,902121000.0,1220843450.0,1414333450.0,33.83970278908406,1.8749337818964864,0.11353411971650838,0.23467148865406814,0.025580522276900733,33.83970278908406,0.02774849245622674,0.4917206145161167,8.87911975621109,0.985528750292629,0.0,2.6579806383870883,0.0,0.9696543525305028,1.0551184014089836,0.013424726977046272,26.831134480560866,0.06300791969063947,-0.11764705882352941,0.9774634849548656,0.24373902931104272,0.886673531228645,-0.07583061581360177,-0.10069853229730791,0.014986214712200402,0.5859189178482502,0.21550202378124866,0.47026587616430454,Electronics & Computer Distribution,Technology,SNX
2012Q1,2012,Q1,2012-04-06,2012-02-29,38223000.0,2460694000.0,59121000.0,1.02,169272000.0,0.0687903494,2699164000.0,1213110000.0,2297979000.0,1182562000.0,1475501000.0,952993000.0,867747000.0,1496772690.0,1792455690.0,33.41624659119081,1.9432207359952374,0.13501921335643186,0.3004171097427274,0.02443473167026182,33.41624659119081,0.03150827212701239,0.6082725808247592,9.789738442822385,1.2338309716348888,0.0,2.4044478815689097,0.0,0.9116504221307041,1.065394457119373,0.014161051347750636,21.51370057349834,0.06879034938923735,-0.25547445255474455,1.3180993485014638,0.3036827020821171,0.9385127696698887,-0.09885488258686868,-0.23817591134674027,-0.29393429113969405,0.7356980738944817,0.2590068969592219,0.5258553578371341,Electronics & Computer Distribution,Technology,SNX
2011Q4,2011,Q4,2012-01-27,2011-11-30,50173000.0,2840971000.0,83733000.0,1.37,187841000.0,0.0661185911,2833295000.0,1158379000.0,2438415000.0,1372253000.0,1664837000.0,975047000.0,829524000.0,1060767700.0,1376218700.0,32.050771955066125,1.776942735778315,0.13518606428204616,0.33065343898672195,0.035340069136357226,32.050771955066125,0.04331311254779308,0.37338209365741504,5.2855504952863095,0.9157345739175177,0.0,2.721027806864695,0.0,1.0027092131246482,1.0041581253602652,0.017708357230715475,12.582201952388296,0.0661185911436618,0.28037383177570097,1.717371820564552,0.37933597003407205,0.9139764198788769,0.22170624313021534,0.2853007480274618,0.2677982012536717,0.6886952871764542,0.2043867713485006,0.5139517031085774,Electronics & Computer Distribution,Technology,SNX
2011Q3,2011,Q3,2011-10-07,2011-08-31,39036000.0,2572133000.0,66046000.0,1.07,153753000.0,0.0597764579,2655939000.0,1118191000.0,2278323000.0,1242091000.0,1527572000.0,955722000.0,779351000.0,945131880.0,1369647880.0,31.16300652137562,1.834264156168912,0.19232068206385763,0.45680210268192106,0.026994166803711014,31.16300652137562,0.03490995724344052,0.3674506256091734,6.052950353519828,0.8452329521521815,0.0,2.5304220264888744,0.0,0.9684458114437117,0.9984960844253763,0.014697626715071393,-18.312960279015694,0.059776457904781755,0.2588235294117648,1.3590493468970606,0.34519153935655833,0.908227219699113,0.05957631557184993,0.24314512276679087,0.37707720856529264,0.5615742958826008,0.10957499728373181,0.47287124384949586,Electronics & Computer Distribution,Technology,SNX
2011Q2,2011,Q2,2011-07-08,2011-05-31,31401000.0,2495802000.0,47961000.0,0.85,145108000.0,0.0581408301,2553120000.0,1073850000.0,2182743000.0,1193004000.0,1469824000.0,940753000.0,740315000.0,1168588820.0,1548546820.0,30.085731095733056,1.829619179818341,0.18608330199912265,0.44242026353773806,0.02029699862973296,30.085731095733056,0.029241514177957815,0.4682217659894495,9.303754816725583,1.0882235135260978,0.0,2.498736650321604,0.0,0.977549821394999,0.9540579914233314,0.01229906937394247,12.235379074223372,0.058140830081873485,0.06249999999999992,1.2931708096823975,0.36448407055140264,0.892091966633116,0.009124036829953545,0.05652568890683355,-0.07532582709956043,0.49919113023128403,0.17440484563686787,0.45915152812490634,Electronics & Computer Distribution,Technology,SNX
2011Q1,2011,Q1,2011-04-08,2011-02-28,29721000.0,2500934000.0,51868000.0,0.8,143796000.0,0.0574969192,2718095000.0,1036268000.0,2351202000.0,1396506000.0,1672732000.0,963818000.0,708914000.0,1255968000.0,1731279000.0,29.10865168539326,1.683631864095106,0.21209045305627655,0.5563058977021388,0.020904191102211752,29.10865168539326,0.02868080457951032,0.5021995782375704,10.564651256687192,1.2120107925748937,0.0,2.4456256264149454,0.0,0.9201054414948705,0.9197282360405182,0.010934496402811527,24.726700003937474,0.05749691915100518,-0.23809523809523808,1.270602287894134,0.3591888709774384,0.864367945329118,0.020415983650182018,-0.20809464176280942,-0.2067657674190983,0.5566548679568295,0.2606067668841884,0.46021900504503593,Electronics & Computer Distribution,Technology,SNX
2010Q4,2010,Q4,2011-02-14,2010-11-30,37531000.0,2468225000.0,65388000.0,1.05,140919000.0,0.0570932553,2499861000.0,992670000.0,2209193000.0,1314008000.0,1507034000.0,912237000.0,679193000.0,1020296000.0,1367995000.0,27.883988764044943,1.681262975567881,0.17430449132971793,0.4389545367544098,0.02844296737382384,27.883988764044943,0.037808133619430424,0.41337236273030215,6.796355013189097,1.0278299938549569,0.0,2.551207635735012,0.0,0.9873448963762386,0.9313969169137478,0.015013234735851312,-26.566749121208176,0.057093255274539394,0.2209302325581396,1.3932329794901461,0.26449134867614055,0.8529802585381115,0.12853470437017994,0.21404541631623214,0.26187811185302406,0.6387881019112532,0.10390306472659434,0.4472088770390043,Electronics & Computer Distribution,Technology,SNX
2010Q3,2010,Q3,2010-10-08,2010-08-31,30914000.0,2177066000.0,51818000.0,0.86,124869000.0,0.0573565524,2175607000.0,941284000.0,1922901000.0,1053331000.0,1234323000.0,794052000.0,641662000.0,809013980.0,1096048980.0,26.830202662258074,1.825542967974929,0.16321789735002692,0.3772485243560923,0.026171697565317224,26.830202662258074,0.032842372758912296,0.3716074661953289,6.542456330465161,0.8594791582561692,0.0,2.584461722909835,0.0,1.0006706174414772,0.977030961777447,0.014209367776441242,-36.88401477158749,0.057356552350732594,0.22857142857142862,1.8043707081080833,0.2826638433783766,0.8405926895096514,0.07030265627812492,0.24432458541297697,0.1986306122921052,0.9021368268447223,0.09546496595307431,0.45490732139836443,Electronics & Computer Distribution,Technology,SNX
2010Q2,2010,Q2,2010-07-09,2010-05-31,24844000.0,2032812000.0,43231000.0,0.7,116667000.0,0.057391928,2104447000.0,909662000.0,1829561000.0,991049000.0,1191827000.0,791897000.0,610748000.0,892260480.0,1171779480.0,26.27258548983364,1.846085309606286,0.16067118820288656,0.37170289624058167,0.021829577290637666,26.27258548983364,0.027311243077098965,0.4389291680686655,8.978631460312348,0.9808703452491145,0.0,2.419689681865192,0.0,0.9659601786122435,0.93816753762932,0.011805476688175089,141.02425794215267,0.05739192802876016,0.06060606060606049,1.0855267895112255,0.24453710719775162,0.8488170899841999,0.06876082117239674,-0.2831876280331227,-0.16113321043950712,0.5110777848235312,0.07664323797168085,0.4647821214493756,Electronics & Computer Distribution,Technology,SNX
2010Q1,2010,Q1,2010-04-09,2010-02-28,34659000.0,1936038000.0,51535000.0,0.66,109161000.0,0.0563837073,2104664000.0,865888000.0,1824775000.0,1035652000.0,1235855000.0,770979000.0,585904000.0,993361600.0,1269166600.0,25.55749704840614,1.7619576846276548,0.14912546610765423,0.3624706659521786,0.0279614157695218,25.55749704840614,0.04002711667097823,0.5130899290199883,7.1652500072131335,1.1472171920617908,0.0,2.3695548127770016,0.0,0.9198798478046852,0.9186773163186089,0.01646771171075288,-40.47598402738163,0.056383707344587246,-0.2584269662921348,2.3285600810356035,0.18592520877590116,0.8727617524605071,0.09467509025270758,0.14386138613861385,0.032000320403708676,1.2522801876256424,0.0990748854795498,0.48261817059359546,Electronics & Computer Distribution,Technology,SNX
2009Q4,2009,Q4,2010-02-05,2009-11-30,30300000.0,2171089000.0,49937000.0,0.89,99720000.0,0.045930867,2100288000.0,818370000.0,1840559000.0,1077876000.0,1274516000.0,713813000.0,554972000.0,959142800.0,1225226800.0,24.15495867768595,1.707579536050529,0.14469444190511016,0.37134792331097183,0.027513341998919964,24.15495867768595,0.03702481762527952,0.44177958618923496,7.913719471947194,1.1720160807458728,0.0,2.9018370357502596,0.0,1.0337101388000123,0.9132980045942205,0.01442659292439894,17.27905024410456,0.0459308669520227,0.32835820895522383,0.6421317846019229,0.2137232962578307,0.8299706152979933,-0.10271291672290457,0.3128249566724437,0.25561338663850547,0.7506140359238821,0.12447464713672794,0.4424620223517541,Electronics & Computer Distribution,Technology,SNX
2009Q3,2009,Q3,2009-10-07,2009-08-31,23080000.0,2007163000.0,39771000.0,0.67,111135000.0,0.0553691952,2002924000.0,781682000.0,1688972000.0,1012425000.0,1215933000.0,695957000.0,524672000.0,957576400.0,1254644400.0,24.20367847411444,1.6682440674617873,0.18335593362504018,0.46981764963245926,0.021865154472554032,24.20367847411444,0.029526073262528752,0.4770795396288194,10.372361351819757,1.2250204047170077,0.0,2.7243464754287983,0.0,1.002116405814699,0.9059979751586538,0.011523153150094561,-36.042472146943695,0.05536919522729345,0.17543859649122825,0.6750243019126967,0.2444345186789926,0.8958245869878428,0.04471789279738292,0.20033284793010195,0.20932283273025815,0.5496564428359108,0.1662757722140154,0.4820815844411628,Electronics & Computer Distribution,Technology,SNX
2009Q2,2009,Q2,2009-07-09,2009-05-31,19228000.0,1812053000.0,32887000.0,0.57,106378000.0,0.0587057884,1921501000.0,747446000.0,1607679000.0,961141000.0,1168980000.0,651475000.0,501592000.0,895011000.0,1152465000.0,23.01604311008468,1.6726775780036436,0.17301161956199868,0.444770592123043,0.01973408433593911,23.01604311008468,0.025724935313052717,0.4939209835473907,11.636818701893072,1.1974256334236855,0.0,2.618174143290226,0.0,0.9430403627164389,0.9180515657952372,0.010006760339963392,164.58458992276573,0.058705788406851235,-0.0338983050847458,0.5377450968671879,0.1623587678096436,0.8671052566357677,0.0054916491015813305,-0.012936344969199178,0.09081561577498425,0.5433375814063781,0.08883765061052994,0.44747920978556555,Electronics & Computer Distribution,Technology,SNX
2009Q1,2009,Q1,2009-04-09,2009-02-28,19480000.0,1728892000.0,30149000.0,0.59,105797000.0,0.0611935274,1832399000.0,703275000.0,1536703000.0,918119000.0,1124292000.0,653277000.0,482364000.0,475914660.0,718103660.0,21.900009342011025,1.673751441806563,0.1649236874719971,0.4297124169066155,0.01943017457573699,21.900009342011025,0.02769897977320394,0.2752714802312695,6.107734342915811,0.6767120400981124,0.0,2.484543310111943,0.0,0.9435128484571319,0.9080587592675895,0.01063087242461931,2.348456254626203,0.06119352741524629,-0.28048780487804875,0.6309089621235439,0.14326279398129926,0.809501440782405,-0.1353981939280023,-0.26209326110837533,-0.2317160185515519,0.6498168111477799,0.041632597409417646,0.4026646050439342,Electronics & Computer Distribution,Technology,SNX
2008Q4,2008,Q4,2009-01-27,2008-11-30,26399000.0,2095895000.0,39242000.0,0.82,122365000.0,0.0583831728,2032880000.0,679841000.0,1725129000.0,1134541000.0,1348366000.0,696008000.0,462884000.0,309569320.0,741241320.0,21.170273720922992,1.5205523643482255,0.24239158238558106,0.7248062414594001,0.022583494919685244,21.170273720922992,0.03883113845737459,0.14770268548758406,2.931638698435547,0.45535547282379263,0.0,2.8354990172526753,0.0,1.0309978946125693,0.8637360835791743,0.012986009995671167,-23.847879208073337,0.05838317282115755,0.2424242424242423,5.959893654835174,0.1505922349053343,0.849655508731636,0.0838448524787642,0.19669084315503174,0.13787804100095688,0.8661710049023186,0.1903365135593657,0.40683241571597584,Electronics & Computer Distribution,Technology,SNX
2008Q3,2008,Q3,2008-10-10,2008-08-31,22060000.0,2045689000.0,34487000.0,0.66,112899000.0,0.0551887408,2106772000.0,669968000.0,1759663000.0,1190627000.0,1432385000.0,738015000.0,436487000.0,727978350.0,1146888350.0,21.157997789357335,1.4779296958661277,0.22721158245885173,0.7144863635278103,0.019234545360996436,21.157997789357335,0.03292694576457383,0.35585973723278563,8.24998130099728,1.0865867474267428,0.0,2.6189034098222934,0.0,0.9710063547455539,0.8171820393792515,0.010470995437569894,61.64084250635055,0.05518874081055331,0.17857142857142852,1.011546505667481,0.3783962497777828,0.9783334729876914,0.11997420762858985,0.1917882225823879,0.19808928261247177,1.217190243331776,0.3353591862579764,0.45147081242639214,Electronics & Computer Distribution,Technology,SNX
2008Q2,2008,Q2,2008-07-10,2008-05-31,18510000.0,1878072000.0,28785000.0,0.56,100805000.0,0.053674726,2060756000.0,650374000.0,1707181000.0,1149283000.0,1406058000.0,745709000.0,414425000.0,783843550.0,1231817550.0,20.618647560473004,1.485431351547008,0.24211551488871075,0.7671601263273132,0.016154049397133358,20.618647560473004,0.02846054731585211,0.41736608074663806,10.586757833603459,1.2052196889789568,0.0,2.3833251308486285,0.0,0.9113509799316367,0.7936800596545847,0.008982140534832848,-16.008241601143673,0.05367472599559548,0.09803921568627459,2.7782769652481663,1.8619688441549653,2.984685358556148,0.05169535732916015,0.09995246018540528,0.09120891618332765,0.7055910728761488,0.2621097314187663,0.4509461962513877,Electronics & Computer Distribution,Technology,SNX
2008Q1,2008,Q1,2008-04-09,2008-02-29,16828000.0,1748574000.0,26379000.0,0.51,95850000.0,0.0548160959,1827996000.0,625483000.0,1522687000.0,1088561000.0,1201367000.0,625069000.0,395915000.0,652955370.0,946106370.0,19.934442425980816,1.3988072326677146,0.18419351027026318,0.5383119924922021,0.017559548816862492,19.934442425980816,0.0269040085821677,0.37342163957602026,9.700430383884003,1.043921849194942,0.0,2.6440664950589454,0.0,0.9565524213400904,0.7846606666966757,0.009205709421683635,9.634020449716713,0.05481609585868256,-0.203125,2.4536216408353186,1.6787257869396364,0.0,-0.09135722885284443,-0.16631161753777557,-0.186937492294415,0.7450378837122561,0.1565367140869828,0.4607244700564723,Electronics & Computer Distribution,Technology,SNX
2007Q4,2007,Q4,2008-02-13,2007-11-30,20185000.0,1970676000.0,32444000.0,0.64,105487000.0,0.0535283324,1887103000.0,604554000.0,1588227000.0,1168519000.0,1281591000.0,642524000.0,379456000.0,648248820.0,994052820.0,19.267425184052012,1.3591794399577586,0.20596597006098766,0.6429185813012568,0.02041315417188733,19.267425184052012,0.033388249850302865,0.3289474373260749,8.028843448105027,1.0722761242171917,0.0,2.9029094633040944,0.0,1.0442864009012756,0.7665720454695216,0.010696289497711571,-6.9395253388143106,0.05352833240979238,0.4545454545454546,4.881352656706451,0.10722684356515678,0.6834028506459335,0.1563260473987679,0.40212559044178936,0.556216423637759,0.18120728406177453,0.18956799857870904,0.45969290983881383,Electronics & Computer Distribution,Technology,SNX
2007Q3,2007,Q3,2007-10-10,2007-08-31,14396000.0,1760360000.0,20848000.0,0.44,91226000.0,0.0518223545,1713316000.0,573078000.0,1407527000.0,1016085000.0,1139521000.0,593220000.0,359271000.0,619033920.0,874209920.0,18.441176470588236,1.3852453288848865,0.17470098919288676,0.522298884270553,0.016526429481887265,18.441176470588236,0.025120489706462298,0.3516518893862619,10.750102806335095,1.0801913875598086,0.0,2.813684636391221,0.0,1.0274578653324897,0.7569474994710088,0.008402419635373743,57.907756782039286,0.05182235451839397,-0.02222222222222224,0.337583143615021,0.2086215797195963,0.724302888026054,0.08286545195560567,-0.018744461863540316,-0.09194651334988457,0.08580233048382895,0.13426497571366366,0.444459601597894,Electronics & Computer Distribution,Technology,SNX
2007Q2,2007,Q2,2007-07-10,2007-05-31,14671000.0,1684808000.0,22959000.0,0.45,84245000.0,0.0500027303,1649033000.0,554156000.0,1327593000.0,955969000.0,1094221000.0,569993000.0,344875000.0,632750080.0,890129080.0,17.936172967374418,1.3887406390793007,0.1790097590527297,0.5326893510130721,0.0172995096067753,17.936172967374418,0.02647449454666195,0.3755621293346185,10.78232703973826,1.141826633655505,0.0,2.8080397478565526,0.0,1.021694532492679,0.7432741019844786,0.008896729174006827,10.738045684417743,0.050002730281432664,0.046511627906976785,2.0573687933824436,1.6212220902668233,2.4662800070669553,0.13196012039127164,0.05736936936936937,0.04155514222202059,0.23326628203489996,0.13596936442135668,0.4550165148343745,Electronics & Computer Distribution,Technology,SNX
2007Q1,2007,Q1,2007-04-09,2007-02-28,13875000.0,1588276000.0,22043000.0,0.43,74424000.0,0.0468583546,1550277000.0,526589000.0,1287726000.0,888288000.0,1023688000.0,524300000.0,330204000.0,577357200.0,840572200.0,17.23808432630614,1.4496717280881877,0.18428190574974665,0.542525574974031,0.01708161132224598,17.23808432630614,0.0263488223263304,0.3635118833250644,10.402832432432433,1.0964095338109987,0.0,2.8873774556551592,0.0,1.0245111034995682,0.811742362837278,0.008950013449209399,-3.8072695620062516,0.046858354593282275,-0.15686274509803924,1.9248519052699549,1.499187564534122,0.0,-0.09551183111942929,-0.11091887735486351,-0.1064493899225749,0.22115799138851952,0.1040844067045553,0.42430708305420467,Electronics & Computer Distribution,Technology,SNX
