Quarters,Year,Quarter,FillingDate,Date,NetIncome,Revenue,OperatingIncome,EPSDiluted,GrossProfit,GrossProfitRatio,TotalAssets,CommonStockEquity,CurrentAssets,CurrentLiability,TotalLiability,Inventory,RetainedEarnings,MarketCap,EnterpriseValue,bookValuePerShare,currentRatio,debtToAssets,debtToEquity,roic,shareholdersEquityPerShare,roe,priceToSalesRatio,peRatio,pbRatio,payoutRatio,inventoryTurnover,dividendYield,assetTurnover,quickRatio,returnOnAssets,priceToFreeCashFlowsRatio,grossProfitMargin,epsdilutedGrowth,fiveYNetIncomeGrowthPerShare,fiveYRevenueGrowthPerShare,fiveYShareholdersEquityGrowthPerShare,grossProfitGrowth,netIncomeGrowth,operatingIncomeGrowth,threeYNetIncomeGrowthPerShare,threeYRevenueGrowthPerShare,threeYShareholdersEquityGrowthPerShare,Industry,Sector,Symbol
2023Q1,2023,Q1,2023-05-10,2023-03-31,1925000.0,175520000.0,11287000.0,0.0131,84459000.0,0.4811930264,1847663000.0,1107327000.0,555474000.0,84960000.0,740336000.0,140000.0,-50953000.0,2036241365.5200002,2205509365.5200005,7.591577885489218,6.538064971751412,0.3081860707282659,0.5142329230660861,0.004936154469876388,7.591577885489218,0.0017384205388290901,11.601192829990886,264.446930587013,1.8388799022510967,0.0,650.4357142857143,0.0,0.09499567832445635,6.268290960451977,0.001041856658925356,62.65165273437741,0.4811930264357338,-0.8992307692307693,1.1020142126140333,0.365550580008892,0.46207061086592655,-0.19324672843633584,-0.904447533009034,-0.6072994224479855,1.1020142126140333,0.365550580008892,0.46207061086592655,Specialty Business Services,Industrials,FA
2022Q4,2022,Q4,2023-02-28,2022-12-31,20146000.0,212595000.0,28742000.0,0.13,104690000.0,0.4924386745,1885825000.0,1126618000.0,566195000.0,100786000.0,759207000.0,141000.0,-27363000.0,1933152429.0,2110982429.0,7.57624374585725,5.617794138074733,0.30198189121472035,0.5054818935965874,0.014390654910555276,7.57624374585725,0.017881837499489624,9.09312274042193,23.989283592276383,1.7158898837050356,0.0,765.2836879432624,0.0,0.11273315392467488,5.364306550512968,0.010682857635252476,30.322057110142108,0.4924386744749406,0.18181818181818185,0.32192217491069625,0.009818390975005814,0.004508273164115719,0.029541923175265033,0.17066651170898947,0.12019642996336426,0.32192217491069625,0.009818390975005814,0.004508273164115719,Specialty Business Services,Industrials,FA
2022Q3,2022,Q3,2022-11-08,2022-09-30,17209000.0,205986000.0,25658000.0,0.11,101686000.0,0.4936549086,1921916000.0,1159983000.0,571471000.0,101636000.0,761933000.0,0.0,10769000.0,1936436262.2,2117813262.2,7.685552156047618,5.622722263764808,0.29743183364933745,0.4927994634404125,0.010566800697197102,7.685552156047618,0.014835562245308768,9.400814920431486,28.131156113080365,1.669366070192408,0.0,0.0,0.0,0.10717742086542804,5.352581762367665,0.008954085402275646,49.052264918813485,0.4936549085860204,0.22222222222222227,5.2938972659558186,0.29714419683496346,0.0,0.004117745805725346,0.20883675189660017,0.12633889376646182,5.2938972659558186,0.29714419683496346,0.0,Specialty Business Services,Industrials,FA
2022Q2,2022,Q2,2022-08-04,2022-06-30,14236000.0,201561000.0,22780000.0,0.09,101269000.0,0.5024235839,1911177000.0,1151625000.0,522736000.0,101438000.0,759552000.0,0.0,-4192000.0,1909979833.37,2131051833.37,7.639394141798472,5.153256176186439,0.29998425054299,0.4978382720069467,0.009462387675595495,7.639394141798472,0.012361662867686965,9.47593945936962,33.54137105524726,1.6585084844198417,0.0,0.0,0.0,0.10546432904958568,4.920631321595457,0.0074488129566230655,40.655168866964665,0.5024235839274462,0.05386416861826689,1.7501301439727737,0.6555311039535942,0.0,0.08367041198501873,0.09398294013678629,0.3323195695402971,1.7501301439727737,0.6555311039535942,0.0,Specialty Business Services,Industrials,FA
2022Q1,2022,Q1,2022-05-11,2022-03-31,13013000.0,189881000.0,17098000.0,0.0854,93450000.0,0.4921503468,1903331000.0,1146140000.0,477670000.0,100422000.0,757191000.0,0.0,-18428000.0,3039376353.0,3304831353.0,7.613590392370865,4.756627033916871,0.301117356886427,0.5000488596506535,0.007136435769847681,7.613590392370865,0.011353761320606557,16.006742923199266,58.3911540959041,2.6518369073586125,0.0,0.0,0.0,0.09976246906082022,4.564069626177531,0.006836961096099417,89.31199062619376,0.4921503467961513,-0.14600000000000002,1.6681947421302195,0.43139128012732714,0.4663100245778845,-0.11275468545278469,-0.1541761455963601,-0.32469686796476954,1.6681947421302195,0.43139128012732714,0.4663100245778845,Specialty Business Services,Industrials,FA
2021Q4,2021,Q4,2022-03-23,2021-12-31,15385000.0,212532000.0,25319000.0,0.1,105326000.0,0.4955771366,1886581000.0,1132238000.0,466160000.0,109306000.0,754343000.0,0.0,-31441000.0,2858276574.72,3120479574.72,7.542241261978585,4.264724717764807,0.294100809877763,0.4900427295321302,0.010390213146904845,7.542241261978585,0.013588132530439714,13.448688078595222,46.44583319337016,2.524448547672839,0.0,0.0,0.0,0.11265458519936329,4.1319506705944775,0.008154963926807278,48.669741430322844,0.4955771366194267,-0.09090909090909087,0.0,0.0,0.0,0.06695976336156247,-0.0552655818237642,0.03817451205510907,0.0,0.0,0.0,Specialty Business Services,Industrials,FA
2021Q3,2021,Q3,2021-11-08,2021-09-30,16285000.0,192867000.0,24388000.0,0.11,98716000.0,0.5118345803,1856693000.0,1114219000.0,443504000.0,99299000.0,742474000.0,0.0,-46826000.0,2856433161.9,3135300161.9,7.430900968773688,4.466349107241765,0.2985980988779513,0.4975727392909293,0.012093060789197805,7.430900968773688,0.01461561865306551,14.810377938683134,43.85067795363832,2.5636191465950593,0.0,0.0,0.0,0.10387662365291409,4.290677650328805,0.008770970752838515,133.62804836732784,0.5118345803066362,2.666666666666667,5.090074717577598,0.22251991347713276,0.0,0.0973565441650548,3.319628647214854,0.4109343361295921,5.090074717577598,0.22251991347713276,0.0,Specialty Business Services,Industrials,FA
2021Q2,2021,Q2,2021-08-12,2021-06-30,3770000.0,174826000.0,17285000.0,0.03,89958000.0,0.5145573313,1842179000.0,1099795000.0,401146000.0,99366000.0,742384000.0,0.0,-63111000.0,2618304469.55,2915150469.55,8.363014578577012,4.037054928245074,0.30071344858452953,0.5037011443041658,0.005766682518453349,8.363014578577012,0.0034279115653371764,14.976630876128265,173.62761734416443,2.3807204702239964,0.0830238726790451,0.0,0.0001195430109981802,0.09490174407590142,3.921381559084596,0.002046489510519879,100.54546559463923,0.5145573312893963,1.2307692307692308,1.2277158542923365,0.6460390770807033,0.0,0.3604234404536862,1.1944401464748053,6.454402019564531,1.2277158542923365,0.6460390770807033,0.0,Specialty Business Services,Industrials,FA
2021Q1,2021,Q1,2021-03-31,2021-03-31,-19389000.0,132070000.0,-3169000.0,-0.13,66125000.0,0.5006814568,1703049000.0,778203000.0,235037000.0,96144000.0,924846000.0,0.0,-66881000.0,2952537500.0,3588822500.0,5.192346955796497,2.4446351306373773,0.4401593847270396,0.9632615140265458,-0.0016880756897550522,5.192346955796497,-0.0249150928485241,22.35585295676535,-38.06974960028882,3.794045384045037,0.0,0.0,0.0,0.07754914861521894,2.2988017973040438,-0.011384875009468312,157.60315469200384,0.5006814568032104,0.0,0.0,0.0,0.0,0.0,0.0,0.0,0.0,0.0,0.0,Specialty Business Services,Industrials,FA
2020Q3,2020,Q3,2020-09-30,2020-09-30,-3452000.0,136778000.0,5289000.0,-0.0266,69295000.0,0.5066238723,,,,,,,,2561000000.0,,,0.0,0.0,0.0,0.0,,0.0,18.723771366740266,-185.47219003476246,0.0,,0.0,,0.0,0.0,0.0,0.0,0.5066238722601588,0.7953846153846154,0.0,0.0,0.0,0.317670995835631,0.7890749114016864,1.8743593982476443,0.0,0.0,0.0,Specialty Business Services,Industrials,FA
2020Q2,2020,Q2,2020-06-30,2020-06-30,-16366000.0,104993000.0,-6049000.0,-0.13,52589000.0,0.5008810111,,,,,,,,2561000000.0,,,0.0,0.0,0.0,0.0,,0.0,24.392102330631566,-39.12073811560552,0.0,,0.0,,0.0,0.0,0.0,0.0,0.5008810111150267,0.0,0.0,0.0,0.0,0.0,0.0,0.0,0.0,0.0,0.0,Specialty Business Services,Industrials,FA
2009Q3,2009,Q3,2009-10-29,2009-09-30,11415000.0,169566000.0,18582000.0,0.19,104551000.0,0.6165799748,1173733000.0,942522000.0,216660000.0,103599000.0,186350000.0,0.0,425637000.0,1178119100.0,1141809100.0,15.760446800327744,2.091332927924015,0.018295472650083112,0.022783553062952377,0.012015273039308667,15.760446800327744,0.012111123135587286,6.947849804795773,25.80199518177836,1.2499645631613903,0.0,0.0,0.0,0.14446726810952745,1.8224307184432282,0.009725380474094193,83.34175863044709,0.6165799747590909,-0.09523809523809519,0.0060443345235028385,-0.1375723886066913,0.2309305880827235,-0.017442461492195062,-0.09296781883194279,-0.16959377932698752,-0.40457616769561777,-0.22312269698723655,0.4017564725209365,Specialty Business Services,Industrials,FA
2009Q2,2009,Q2,2009-07-30,2009-06-30,12585000.0,178009000.0,22377000.0,0.21,106407000.0,0.5977619109,1162739000.0,925695000.0,208568000.0,89823000.0,192580000.0,0.0,414187000.0,1177587200.0,1155273200.0,15.486064641327623,2.321988800195941,0.03282249928831836,0.04122740211408726,0.013466101568949795,15.486064641327623,0.013595190640545752,6.615323944294952,23.392673818037345,1.2721114405932838,0.0,0.0,0.0,0.1530945465835411,2.0271868007080593,0.010823581216420882,63.96106675357124,0.5977619109146167,0.16666666666666666,0.4111447829742676,-0.07091444611122841,0.2939878907631796,-0.02109475620975161,0.1617280531708668,0.1880541544996018,-0.26944501161210427,-0.16188751896796325,0.41276293317716783,Specialty Business Services,Industrials,FA
2009Q1,2009,Q1,2009-04-30,2009-03-31,10833000.0,203018000.0,18835000.0,0.18,108700000.0,0.5354205046,1157569000.0,901131000.0,211210000.0,91194000.0,211588000.0,0.0,401216000.0,1173824500.0,1169813500.0,15.123453889401695,2.316051494615874,0.047716378030164944,0.06129519459434866,0.011421854344118933,15.123453889401695,0.01202155957346934,5.781874021022767,27.089091202806237,1.3026124947427178,0.0,0.0,0.0,0.17538306571789672,2.0111081869421232,0.009358405416869319,167.68921428571429,0.5354205045858003,2.1999999999999997,5.019058287190627,0.25502884308823937,0.2758356876667777,-0.035304141003567685,2.229485869935308,-0.08978881747450829,-0.20120245718119703,-0.018292099107796504,0.4102597770956556,Specialty Business Services,Industrials,FA
2008Q4,2008,Q4,2009-02-26,2008-12-31,-8811000.0,193842000.0,20693000.0,-0.15,112678000.0,0.581287853,1135763000.0,892850000.0,205643000.0,102801000.0,198715000.0,0.0,390602000.0,1171716600.0,1152184600.0,15.011432798681865,2.0003988288051673,0.028904797919988588,0.0367687741501932,0.1498969797320344,15.011432798681865,-0.009868398947191577,6.044699291175287,-33.24584610146408,1.3123330906647253,0.0,0.0,0.0,0.17067116995359066,1.6915399655645373,-0.007757780452435939,54.31654923048396,0.5812878529936752,-1.7142857142857142,-1.9721845114562233,0.3198455705025389,0.26194291637579237,-0.06988377468137093,-1.6975694719341303,-0.047502876869965474,-1.5010856295940758,0.019555946851213854,0.37019834820133146,Specialty Business Services,Industrials,FA
2008Q3,2008,Q3,2008-10-30,2008-09-30,12631000.0,188297000.0,21725000.0,0.21,121144000.0,0.6433665964,1180798000.0,905985000.0,209458000.0,105562000.0,225255000.0,0.0,394053000.0,1171716600.0,1176723600.0,15.23227075557349,1.9842178056497604,0.042765146959937266,0.055737125890605255,0.013161820354298907,15.23227075557349,0.013941731927129036,6.222704557162356,23.191287309001662,1.2933068428285235,0.0,0.0,0.0,0.15946588662921177,1.6814573426043462,0.010697003213081323,38.06128309241514,0.6433665963876217,0.0,2.0025174653377547,0.3427847008427632,0.288253274059813,-0.06043308307997766,0.019615757184371974,-0.09452757054140791,-0.29489442306358604,-0.00895653774528677,0.5341624429670545,Specialty Business Services,Industrials,FA
2008Q2,2008,Q2,2008-07-31,2008-06-30,12388000.0,195545000.0,23993000.0,0.21,128936000.0,0.659367409,1183984000.0,891071000.0,212163000.0,109657000.0,242854000.0,0.0,381422000.0,1170869500.0,1202961500.0,14.992361403213595,1.9347875648613404,0.062230570683387616,0.08268701371720098,0.014447865356851488,14.992361403213595,0.01390237141597022,5.987724053286967,23.629106796900224,1.3140024756725333,0.0,0.0,0.0,0.16515848187137663,1.6723784163345705,0.010462979229449047,46.45754473673769,0.6593674090362832,-0.0454545454545455,1.033096288494365,0.7581275225824882,0.3362562287664999,-0.041638793500720986,-0.06780043645120024,-0.11657277513899628,9.716707690055381,-0.06252452400651043,0.16473767207298798,Specialty Business Services,Industrials,FA
2008Q1,2008,Q1,2008-05-01,2008-03-31,13289000.0,202279000.0,27159000.0,0.22,134538000.0,0.6651110595,1223795000.0,883261000.0,252923000.0,120977000.0,289988000.0,0.0,369034000.0,1165432300.0,1208881300.0,14.930289558647036,2.0906701273795845,0.08543669487128154,0.11837610853417053,0.016382142332471563,14.930289558647036,0.015045382961548172,5.7615091037626245,21.92475543682745,1.3194653675414174,0.0,0.0,0.0,0.16528830400516425,1.8031443993486365,0.010858844822866575,-25.040443040694427,0.6651110594772567,-0.8552631578947368,12.61550318243542,1.1683564391641008,0.0,0.07436155430980787,-0.8516256531642178,0.015897359168100547,0.6215053007449063,0.10066021797472326,0.17795073391495178,Specialty Business Services,Industrials,FA
2007Q4,2007,Q4,2008-02-28,2007-12-31,89564000.0,186430000.0,26734000.0,1.52,125226000.0,0.6717051977,1231933000.0,883590000.0,265354000.0,189239000.0,299922000.0,0.0,355745000.0,1163560800.0,1119646800.0,14.959874034945145,1.4022162450657634,0.02653228706431275,0.03699227017055422,0.0176820340573029,14.959874034945145,0.10136375468260166,6.2412744729925445,3.2478473493814475,1.3168560078769564,0.0,0.0,0.0,0.15133128181483896,1.2060938812823996,0.0727020057097261,32.336403301559066,0.6717051976613206,3.75,31.424086548232534,0.2782757141991616,0.2576086054844056,-0.15787845571373813,3.725584340209993,-0.22626765454966427,11.365362747139638,0.011755051015210734,0.12795257057934192,Specialty Business Services,Industrials,FA
2007Q3,2007,Q3,2007-10-31,2007-09-30,18953000.0,219413000.0,34552000.0,0.32,148703000.0,0.6777310369,1151983000.0,756375000.0,214645000.0,129870000.0,346283000.0,0.0,266181000.0,1163560800.0,1300702800.0,12.80602397399431,1.6527681527681528,0.14827996593699733,0.22583506858370517,0.02179961165756578,12.80602397399431,0.025057676417121137,5.30306226157976,15.347976573629504,1.5383385225582549,0.0,0.0,0.0,0.1904654842996815,1.4557634557634558,0.016452499733068976,40.038567151853,0.6777310369030094,0.03225806451612906,3.5369006692767333,0.5756466858326131,0.08305600503787178,0.014878210246855442,0.033029923148198616,0.007993465196335842,0.6912946763699858,0.1299164927557322,0.00018272457748273033,Specialty Business Services,Industrials,FA
2007Q2,2007,Q2,2007-08-01,2007-06-30,18347000.0,220971000.0,34278000.0,0.31,146523000.0,0.6630870114,1138632000.0,732535000.0,203692000.0,119682000.0,356110000.0,0.0,247228000.0,1161393800.0,1326462800.0,12.425535163008448,1.70194348356478,0.1711641689325436,0.26605281658896845,0.021623178213372774,12.425535163008448,0.025045902243578805,5.2558652492861055,15.825391072109882,1.5854447910338754,0.0,0.0,0.0,0.19406709103555847,1.4948279607626878,0.01611319548370325,80.51256845753899,0.6630870114177878,0.631578947368421,2.0356437392488385,1.0029399454529164,0.1074772219517215,0.04139332902152823,0.6318598238904207,0.5573830077237619,1.085916832495761,0.16939868497841637,0.038255516141679415,Specialty Business Services,Industrials,FA
2007Q1,2007,Q1,2007-05-03,2007-03-31,11243000.0,216088000.0,22010000.0,0.19,140699000.0,0.6511189886,1132136000.0,699138000.0,207158000.0,131386000.0,382451000.0,0.0,228881000.0,1149908700.0,1325387700.0,11.97748882150383,1.5767128917845128,0.1870658648784245,0.30292159773892996,0.014327455780741762,11.97748882150383,0.016081231459311323,5.321483377142646,25.56943653829049,1.6447521090256858,0.0,0.0,0.0,0.19086752828282114,1.405621603519401,0.009930785700657871,77.8227328099621,0.6511189885602162,-0.3870967741935484,10.674742107719535,1.3476546817955783,0.0,0.06254483940883723,-0.3807215643073533,-0.14627050928978705,5.376785763446267,0.3636082552948726,0.010437681686814124,Specialty Business Services,Industrials,FA
