Quarters,Year,Quarter,FillingDate,Date,NetIncome,Revenue,OperatingIncome,EPSDiluted,GrossProfit,GrossProfitRatio,TotalAssets,CommonStockEquity,CurrentAssets,CurrentLiability,TotalLiability,Inventory,RetainedEarnings,MarketCap,EnterpriseValue,bookValuePerShare,currentRatio,debtToAssets,debtToEquity,roic,shareholdersEquityPerShare,roe,priceToSalesRatio,peRatio,pbRatio,payoutRatio,inventoryTurnover,dividendYield,assetTurnover,quickRatio,returnOnAssets,priceToFreeCashFlowsRatio,grossProfitMargin,epsdilutedGrowth,fiveYNetIncomeGrowthPerShare,fiveYRevenueGrowthPerShare,fiveYShareholdersEquityGrowthPerShare,grossProfitGrowth,netIncomeGrowth,operatingIncomeGrowth,threeYNetIncomeGrowthPerShare,threeYRevenueGrowthPerShare,threeYShareholdersEquityGrowthPerShare,Industry,Sector,Symbol
2023Q1,2023,Q1,2023-05-15,2023-03-31,1240172.0,79341124.0,2348200584.0,0.06,79500734000.0,1002.0116932046,1443082430.0,297033642.0,488403450.0,52047089000.0,1146048788.0,0.0,202728972.0,125077221.3817,163914291.38169998,14.090413015334658,0.009383876397006564,0.09590016697798753,0.46591303620752833,4.219924579952287,14.090413015334658,0.004175190364463834,1.5764488209380547,25.213684348158967,0.42108772777226355,0.0,0.0,0.0,0.05498031321745079,0.009383876397006564,0.0008593909635501556,-7.661960454370229,1002.0116932046489,-0.9807692307692307,-0.9299712082754958,-0.07609214123566856,0.7111679733055042,18.233780778191246,-0.9416123674219598,24.848931208825153,-0.15129118476556006,-0.028461189581342666,0.5262790096162666,Mortgage Finance,Financial Services,SNFCA
2022Q4,2022,Q4,2023-03-31,2022-12-31,21240320.0,108018377.0,90843237.0,3.12,-4613075623.0,-42.7063963662,1461112892.0,292786927.0,495351389.0,52298812.0,1168325965.0,0.0,202160306.0,152579066.7856,193372065.7856,13.341095041137791,9.471561017485445,0.110677829814125,0.552322488087045,0.14892116414953732,13.341095041137791,0.072545315522233,1.4125287846678163,1.7958659142800109,0.5211266375482673,0.0,0.0,0.0,0.07392883711548279,9.759023340721392,0.01453708342202486,7.443460807270654,-42.70639636624053,29.363636363636363,1.1419524450410505,0.5494562338906676,0.7230819039300799,-56.109438981130744,10.026200659956611,78.93815873800277,9.152375210525145,0.23907221166915613,0.3273333460195183,Mortgage Finance,Financial Services,SNFCA
2022Q3,2022,Q3,2022-11-14,2022-09-30,-2353185.0,83707541.0,-1165581.0,-0.11,83707541.0,1.0,1460073867.0,268861877.0,437480982.0,4860801.0,1191211990.0,0.0,180919986.0,126557054.7748,243089097.7748,12.847715919420736,90.00182932812925,0.13799285608335596,0.7493801845324467,-0.0017658865169876247,12.847715919420736,-0.00875239370585812,1.5118955026381673,-13.445293801252346,0.4707140193579769,0.0,0.0,0.0,0.05733103159499259,90.00182932812925,-0.00161168900641655,11.082999090710539,1.0,-1.6875,-3.0461888291039343,0.10926175127028569,0.8402356935032325,-0.12409258359092493,-1.6583350328959792,-1.1758015533714072,-1.6355598508180385,0.08494822555856738,0.45069325026767953,Mortgage Finance,Financial Services,SNFCA
2022Q2,2022,Q2,2022-08-15,2022-06-30,3574449.0,95566654.0,6630095.0,0.16,95566654.0,1.0,1472167815.0,280485055.0,436706798.0,5915042.0,1191682760.0,0.0,183273171.0,170687149.6848,239735518.6848,13.23998989269986,73.82987272110663,0.13608836231757995,0.7142801494361259,0.010420542602995162,13.23998989269986,0.012743812678361777,1.786053424919533,11.938004268965651,0.6085427606287258,0.0,0.0,0.0,0.06491559795443565,73.82987272110663,0.00242801735208428,6.887861398725299,1.0,0.14285714285714277,0.34625582838444957,0.22281268388308295,0.9081344662613546,-0.0697473394178225,0.10707996176810734,0.07442498425252612,-0.007271534539905052,0.3494936676101088,0.5266938116794179,Mortgage Finance,Financial Services,SNFCA
2022Q1,2022,Q1,2022-05-16,2022-03-31,3228718.0,102731933.0,6170831.0,0.14,102731933.0,1.0,1519803792.0,292300867.0,447118177.0,8846235.0,1227502925.0,0.0,187766207.0,194192039.098,282188859.098,13.65275613905125,50.54333024162256,0.15372176344721214,0.7992686487652464,0.008525520499052764,13.65275613905125,0.011045872128733713,1.8902792289326436,15.036311556010777,0.6643566989419843,0.0,0.0,0.0,0.0675955235411072,50.54333024162256,0.0021244308094212202,2.691431015171506,1.0,-0.4166666666666666,1.0230150053034248,0.36097669693897516,1.0702373437888046,-0.08092467454762135,-0.3956049962692337,-0.2675935760583539,0.5981205053401089,0.5961810522333635,0.6045957236423819,Mortgage Finance,Financial Services,SNFCA
2021Q4,2021,Q4,2022-03-31,2021-12-31,5342066.0,111777490.0,8425419.0,0.24,111777490.0,1.0,1547593306.0,299766834.0,423808797.0,11416573.0,1247826472.0,0.0,184537489.0,176648603.82259998,296581060.8226,14.160679708467464,37.12224298832933,0.16237271512209553,0.838274613795334,0.01232744511431001,14.160679708467464,0.01782073730011106,1.5803593713063335,8.266867342269826,0.5892866848058315,0.0,0.0,0.0,0.07222665642623295,37.12224298832933,0.003451853907153046,12.004664616825949,1.0,-0.505882062283566,1.5772478818185662,0.33480397415484214,1.0726123724490328,-0.06469498133996138,-0.5049393321860522,0.0,10.996403688862515,0.6739042807119195,0.605688958153764,Mortgage Finance,Financial Services,SNFCA
2021Q3,2021,Q3,2021-11-15,2021-09-30,10790730.0,119509131.0,0.0,0.485714,119509131.0,1.0,1558325980.0,296716168.0,0.0,0.0,1261609812.0,0.0,179195423.0,158024147.1093,309712394.1093,14.016570018069384,0.0,0.16889080101199366,0.8869989282147914,0.0,14.016570018069384,0.036367179020726635,1.3222767648548963,3.661108820008007,0.5325767994863697,0.0,0.0,0.0,0.07669071332559058,0.0,0.006924565295381907,44.26369825210318,1.0,-0.008334081944319737,0.8673921628347053,0.2839215963626286,1.1636257131801824,0.0236300518760913,-0.04146123656992831,0.0,4.1503437534456245,0.7087269879809747,0.6577662607020139,Mortgage Finance,Financial Services,SNFCA
2021Q2,2021,Q2,2021-08-17,2021-06-30,11257479.0,116750315.0,0.0,0.489796,116750315.0,1.0,1502056187.0,285848713.0,0.0,0.0,1216207474.0,0.0,168415007.0,167558409.8776,250321890.8776,12.894703904507757,0.0,0.15443681335470574,0.8115228806365135,0.0,12.894703904507757,0.03938264714174172,1.4351859339959812,3.721046467810422,0.5861786401592091,0.0,0.0,0.0,0.07772699584106836,0.0,0.007494712313315081,7.278052470825836,1.0,-0.1147539798441318,0.8269078028120752,0.24178367385405125,1.0684794410157168,-0.04816858101257078,-0.07183250657633558,0.0,2.17559324873931,0.5486325649511521,0.5397010975993768,Mortgage Finance,Financial Services,SNFCA
2021Q1,2021,Q1,2021-05-17,2021-03-31,12128715.0,122658606.0,0.0,0.553288,122658606.0,1.0,1488227526.0,271867841.0,0.0,0.0,1216359685.0,0.0,165867882.0,170297172.247,272110984.247,12.894380586496691,0.0,0.16527941709364674,0.9047534901342009,0.0,12.894380586496691,0.04461254025260016,1.3883833984465794,3.5102064037080596,0.6263968979214427,0.0,0.0,0.0,0.08241925636846473,0.0,0.00814977198587308,1.73576322319602,1.0,-0.6865399745185324,5.141172735603118,0.6873514740844344,1.1545597596795385,-0.10460371051592188,1.8138598089991806,0.0,-0.31524680761292484,0.4280811952268072,0.5659194000355094,Mortgage Finance,Financial Services,SNFCA
2020Q4,2020,Q4,2021-03-31,2020-12-31,4310348.0,136988066.0,0.0,1.7650990717242556,136988066.0,1.0,1548940478.0,263987053.0,0.0,0.0,1284953425.0,0.0,153739167.0,142944204.54,334549143.53999996,13.320852142390747,0.0,0.1922761863545282,1.1281779337867754,0.0,13.320852142390747,0.016327876503852635,1.0434792512509812,8.290757761322288,0.5414818754009122,0.0,0.0,0.0,0.08843985159254131,0.0,0.0027827718761443587,4.1502180437892315,1.0,0.28875565156942323,0.9662791987270803,0.8653180854714497,1.1835363371679235,-0.06303838050474006,-0.8529130872862366,0.0,-0.518639236588769,1.1760756220561415,0.7204674129601433,Mortgage Finance,Financial Services,SNFCA
2020Q3,2020,Q3,2020-11-13,2020-09-30,29304769.0,146204565.0,0.0,1.369615,146204565.0,1.0,1647197987.0,256045957.0,0.0,0.0,1391152030.0,0.0,149428819.0,115041646.4274,388286693.4274,12.304897589965696,0.0,0.25797263616981336,1.6595927230360445,0.0,12.304897589965696,0.11445120767909646,0.7868539975301044,0.9814242728495829,0.4493007730928554,0.0,0.0,0.0,0.08875955783935766,0.0,0.017790678006699142,-2.0830241722478444,1.0,0.44649627712942924,4.460992440226218,0.7646865954685175,1.1345124786116447,0.23211207366229294,0.4255339786886706,0.0,24.62661959652424,0.9484702037605198,0.762485401450075,Mortgage Finance,Financial Services,SNFCA
2020Q2,2020,Q2,2020-08-14,2020-06-30,20557047.0,118661742.0,0.0,0.94685,118661742.0,1.0,1521061742.0,222614226.0,0.0,0.0,1298447516.0,0.0,120126524.0,121133904.04439999,351311730.0444,10.497981672713939,0.0,0.22822151028764748,1.5593747723921292,0.0,10.497981672713939,0.09234381543971948,1.0208336908150226,1.4731432978238557,0.5441426912420233,0.0,0.0,0.0,0.07801244270595822,0.0,0.013514932650248723,-2.6238570175147693,1.0,12.374909948723744,3.731792273703298,0.3837185852856427,0.871753430391903,0.49055782660816183,13.431578104937419,0.0,6.734890834619287,0.5168381470578841,0.5129589084452629,Mortgage Finance,Financial Services,SNFCA
2020Q1,2020,Q1,2020-05-15,2020-03-31,1424449.0,79608949.0,0.0,0.070793,79608949.0,1.0,1376160837.0,189712263.0,0.0,0.0,1186448574.0,0.0,102677084.0,74313901.8078,224510016.8078,9.231872368393008,0.0,0.1845461476389914,1.3386861607359561,0.0,9.231872368393008,0.007508470867800465,0.9334867843538545,13.042569759921204,0.3917190203344946,0.0,0.0,0.0,0.05784857907564477,0.0,0.0010350890402500241,-1.1556297043007553,1.0,-0.25739625540157673,-0.3061369104788238,0.12836299973284215,0.7124581227157162,0.024011331083865925,-0.23652044531559446,0.0,-0.07013467844877867,0.09878134454905625,0.3998760935509782,Mortgage Finance,Financial Services,SNFCA
2019Q4,2019,Q4,2020-03-30,2019-12-31,1865733.0,77742254.0,0.0,0.09533078780565889,77742254.0,1.0,1334444075.0,196710605.0,0.0,0.0,1137733470.0,0.0,101256229.0,92344504.7232,182162397.7232,10.051050914335736,0.0,0.16304363448127265,1.1060543075448321,0.0,10.051050914335736,0.009484658948611337,1.1878290115334191,12.37375668479895,0.46944344827367085,0.0,0.0,0.0,0.05825815817721698,0.0,0.0013981350248791805,-6.76826966003967,1.0,-0.46135015732955015,-0.40651184801066786,0.1618335762329906,0.839297338837158,0.03134260663078882,-0.4842356998673638,0.0,-0.02640212955423629,0.004161221927850235,0.47111105611059273,Mortgage Finance,Financial Services,SNFCA
2019Q3,2019,Q3,2019-11-14,2019-09-30,3617414.0,75379659.0,0.0,0.176981,75379659.0,1.0,1162649384.0,181072390.0,0.0,0.0,981576994.0,0.0,104228749.0,80807524.3008,218663084.3008,8.85625952767761,0.0,0.2245168023931108,1.4416020134267846,0.0,8.85625952767761,0.019977722721835175,1.0720070291217423,5.584619586035771,0.44627192638701024,0.0,0.0,0.0,0.06483438604737608,0.0,0.003111354162124598,-3.5591482315829577,1.0,0.049995847028252015,0.48402386779356316,0.071030183602359,0.6922719977035068,0.10131431895381621,0.03947065189218328,0.0,-0.3518426018621181,-0.16152687768807505,0.3670698902783023,Mortgage Finance,Financial Services,SNFCA
2019Q2,2019,Q2,2019-08-14,2019-06-30,3480054.0,68445182.0,0.0,0.168554,68445182.0,1.0,1106462748.0,177568176.0,0.0,0.0,928894572.0,0.0,100611335.0,82738478.13399999,171263083.134,8.672328263475043,0.0,0.19553569371501334,1.2184219372732645,0.0,8.672328263475043,0.019598410471930512,1.2088283750052704,5.943763956967334,0.4659533031076469,0.0,0.0,0.0,0.061859454485674197,0.0,0.00314520665633833,-1.3667527452718347,1.0,0.8181759344156196,0.16090210210005193,0.008450431651868609,0.6893820156141652,0.11304136422781243,0.8028397393590072,0.0,-0.38855568698439785,-0.2118185503422521,0.39115507045234815,Mortgage Finance,Financial Services,SNFCA
2019Q1,2019,Q1,2019-05-15,2019-03-31,1930318.0,61493835.0,0.0,0.092705,61493835.0,1.0,1055771959.0,174049485.0,0.0,0.0,881722474.0,0.0,97131281.0,78861485.4448,123818903.4448,8.50853329464192,0.0,0.16584131876910363,1.005981798797049,0.0,8.50853329464192,0.011090627472985629,1.2824291320390084,10.21353546990703,0.4530980683154564,0.0,0.0,0.0,0.05824537626311403,0.0,0.0018283474793442586,4.056017527919827,1.0,4.67229174395647,11.130784210204487,0.19098104024969553,0.7159963254329396,0.0006417115884576464,4.924950234543226,0.0,0.007406378408544122,-0.12807642027414548,0.42171570999904506,Mortgage Finance,Financial Services,SNFCA
2018Q4,2018,Q4,2019-03-29,2018-12-31,-491807.0,61454399.0,0.0,-0.025244453998668707,61454399.0,1.0,1050811123.0,171811173.0,0.0,0.0,878999950.0,0.0,95201732.0,77219947.2408,122541193.2408,8.819067750674169,0.0,0.17845375243520334,1.0914376796670844,0.0,8.819067750674169,-0.002862485549761074,1.2565405975380215,-39.253176165040344,0.4494465982186152,0.0,0.0,0.0,0.058482821179653616,0.0,-0.0004680260698001766,4.543052140107306,1.0,-1.2621003156139032,-1.2886071444919374,0.10386422008950422,0.7084334897166701,-0.08581417103196963,-1.244224941973814,0.0,-1.2282177672093262,-0.14877368972636293,0.4456098369459678,Mortgage Finance,Financial Services,SNFCA
2018Q3,2018,Q3,2018-11-13,2018-09-30,2013746.0,67223093.0,0.0,0.096316,67223093.0,1.0,1064249538.0,172031508.0,0.0,0.0,892218030.0,0.0,100293129.0,83929279.5,143245453.5,8.455094273745075,0.0,0.1845644634895768,1.1417829633859862,0.0,8.455094273745075,0.011705681263922886,1.2485185634049893,10.419546395126297,0.4878715560640206,0.0,0.0,0.0,0.06316478476122205,0.0,0.0018921746527457736,4.885771879123115,1.0,-0.40000124589632896,0.4050686213783024,0.1750823558574072,0.7651794870967294,-0.023844187840446267,-0.3781312370356897,0.0,-0.6162146957556957,-0.17019600405821575,0.46669276222696604,Mortgage Finance,Financial Services,SNFCA
2018Q2,2018,Q2,2018-08-14,2018-06-30,3238217.0,68865126.0,0.0,0.160527,68865126.0,1.0,1067749447.0,169585804.0,0.0,0.0,898163643.0,0.0,98279383.0,80886671.6895,170958711.6895,8.374809841087027,0.0,0.19553053535788906,1.2311031706403917,0.0,8.374809841087027,0.019094858906940113,1.1745665242738392,6.244692039593085,0.4769660536532881,0.0,0.0,0.0,0.06449558573267049,0.0,0.0030327498732012925,-2.1865927152919404,1.0,-0.8076926762999825,0.0034464500223056168,-0.02604400174218753,0.7201581395582861,-0.1609601522411351,-0.8086829888095319,0.0,-0.21944510019807528,-0.15905234312607341,0.49319931560540237,Mortgage Finance,Financial Services,SNFCA
2018Q1,2018,Q1,2018-04-02,2018-03-31,16925923.0,82076109.0,0.0,0.834742,82076109.0,1.0,997972336.0,165905227.0,0.0,0.0,832067109.0,0.0,95041166.0,79706960.8143,129429910.8143,8.23438331896539,0.0,0.1517588679933108,0.9128775189222941,0.0,8.23438331896539,0.10202163793187782,0.9711347404919013,1.1772912002243543,0.4804367062786998,0.0,0.0,0.0,0.08224286990656622,0.0,0.016960312815725184,9.330094596122953,1.0,0.8474012999472909,6.184620458956962,0.2914217837792718,0.7499612549792267,0.3465390042987605,0.9521880152687956,0.0,7.4092229230390165,0.18653438877231382,0.5274297604454045,Mortgage Finance,Financial Services,SNFCA
2017Q4,2017,Q4,2018-04-02,2017-12-31,8670232.0,60953384.0,0.0,0.4518466020478693,60953384.0,1.0,982173054.0,148567990.0,0.0,0.0,833605064.0,0.0,77520951.0,73700883.0369,185836147.03689998,7.742577419395354,0.0,0.16030874025586941,1.0597903693790298,0.0,7.742577419395354,0.05835868143602131,1.2091352144927672,2.1251127719794582,0.49607511710227753,0.0,0.0,0.0,0.0620597192640962,0.0,0.00882760116935564,1.9453622917207112,1.0,7.444310341211184,0.0021098658682045593,-0.21082603086550222,0.6065791280373906,-0.1530941173098355,6.904751658859376,-1.0,1.8130010150068483,-0.07090263835352884,0.41685701968963823,Mortgage Finance,Financial Services,SNFCA
2017Q3,2017,Q3,2017-11-14,2017-09-30,1096838.0,71971851.0,1138017.0,0.053509,71971851.0,1.0,1007904311.0,139343881.0,0.0,0.0,868560430.0,0.0,72848622.0,74466454.426,218642661.426,6.981560006024396,0.0,0.18133633025010445,1.3116447431229505,0.0034051284089104605,6.981560006024396,0.007871447186116482,1.034660820742265,16.97298380116298,0.5344077823266599,0.0,0.0,0.0,0.07140742450897206,0.0,0.0010882362422993943,-5.272253635440464,1.0,-0.5625025550459091,-0.7795799860893459,-0.09471940987798438,0.5792663685883058,-0.0163958105142438,-0.558769908571024,-0.7150896815686557,-0.5390523227329295,0.04755464243525242,0.3340506182727007,Mortgage Finance,Financial Services,SNFCA
2017Q2,2017,Q2,2017-08-25,2017-06-30,2485864.0,73171558.0,3994299.0,0.122307,73171558.0,1.0,976514190.0,137624770.0,0.0,0.0,838889420.0,0.0,71751784.0,92503432.2024,173827675.2024,6.938709051590705,0.0,0.16751693183280827,1.188613510489427,0.008252996918923956,6.938709051590705,0.018062620558784586,1.264199297251536,9.3029457969543,0.6721423200373015,0.0,0.0,0.0,0.07493138220551614,0.0,0.002545650667912977,-22.582891934105323,1.0,0.7777955434103232,-0.44438443526394134,0.039525607879299464,0.609272666068879,0.05355021079266569,0.6928327830985301,0.760929598948988,-0.14395129211795288,0.11292390858369386,0.3516705003783431,Mortgage Finance,Financial Services,SNFCA
2017Q1,2017,Q1,2017-05-15,2017-03-31,1468464.0,69452369.0,2268290.0,0.068797,69452369.0,1.0,867205117.0,129909903.0,0.0,0.0,737295214.0,0.0,64494807.0,97998107.6192,74477076.6192,6.5947782171028395,0.0,0.07097361949721982,0.47377978567192064,0.00766987789719896,6.5947782171028395,0.011303711003463685,1.4110117340878612,16.68377767844496,0.7543544052927205,0.0,0.0,0.0,0.08008759131895206,0.0,0.0016933294917354598,4.127626990231698,1.0,-0.2973874047848436,-0.288959433075955,0.18119788394276182,0.6343269515196772,-0.06417004914873235,-0.20061317765821007,0.08180716915622198,8.582951654516325,0.396806700872546,0.33003125165180697,Mortgage Finance,Financial Services,SNFCA
2016Q4,2016,Q4,2017-03-31,2016-12-31,1836988.0,74214732.0,2096760.0,0.09791597883173835,74214732.0,1.0,854004671.0,128179554.0,0.0,0.0,725825117.0,0.0,63029627.0,84966058.854,99697176.854,6.832285620168798,0.0,0.06290193698483881,0.419088273625917,0.010098994875713436,6.832285620168798,0.014331365203533163,1.1448678256225462,11.5632299794555,0.6628674870720802,0.0,0.0,0.0,0.08690202117173197,0.0,0.002151028047480082,1304.7613460380835,1.0,-0.6263960973282013,0.755830157730586,0.2541660835944587,0.6848462362590322,-0.1293414594934139,-0.6528546513528647,-0.7315967176550465,0.119424151702293,0.38429543147149664,0.3235532252163166,Mortgage Finance,Financial Services,SNFCA
2016Q3,2016,Q3,2016-11-14,2016-09-30,5291697.0,85239768.0,7811976.0,0.262085,85239768.0,1.0,837578134.0,125585284.0,0.0,0.0,711992850.0,0.0,64420459.0,79149445.82550001,71936017.82550001,6.478278536201752,0.0,0.052171205558238704,0.3479504891671862,0.031259517914835326,6.478278536201752,0.0421362824644327,0.9285506950875325,3.739322462411397,0.6302445900070586,0.0,0.0,0.0,0.10176933296112049,0.0,0.006317854759088064,2.7630593458509822,1.0,-0.02703013743382603,4.552887151518058,0.6673580334127964,0.6780038212713121,0.04282094550473766,-0.012243137244653871,-0.0211613732952656,2.875236568570065,0.5638765951458525,0.35247745484181686,Mortgage Finance,Financial Services,SNFCA
2016Q2,2016,Q2,2016-08-15,2016-06-30,5357287.0,81739601.0,7980862.0,0.269366,81739601.0,1.0,769674471.0,120144925.0,0.0,0.0,649529546.0,0.0,59128762.0,65662497.74,71460534.74000001,6.2339047944203285,0.0,0.055345422779392146,0.35455479288867175,0.0329187173554083,6.2339047944203285,0.044590206369515814,0.8033131668944653,3.064167448001199,0.5465274354285043,0.0,0.0,0.0,0.10620022370470437,0.0,0.006960458222083866,-4.976381860861078,1.0,2.083331425562602,20.164940299596378,0.8141932647217549,0.6213265046929763,0.23821024273295877,1.9870038560783974,1.7995509977146484,0.7442247316790537,0.21462377666017593,0.2804233501213083,Mortgage Finance,Financial Services,SNFCA
2016Q1,2016,Q1,2016-05-16,2016-03-31,1793532.0,66014315.0,2850765.0,0.087362,66014315.0,1.0,757349481.0,114589532.0,0.0,0.0,642759949.0,0.0,53771475.0,67905190.15,62454473.150000006,5.984693870089988,0.0,0.054470548980279816,0.3600088182575002,0.011508599044829631,5.984693870089988,0.015651796186758143,1.0286434109026201,9.465288345844959,0.5925950561522496,0.0,0.0,0.0,0.08716493066428865,0.0,0.002368169576919536,2.740537107850135,1.0,-0.2102201616774074,3.8078130577596103,0.5680165438251652,0.5606836046097767,-0.02311102242751121,-0.11084207974466477,0.019284697062280174,-0.19890027407328487,0.09298814908858284,0.2718599547640489,Mortgage Finance,Financial Services,SNFCA
2015Q4,2015,Q4,2016-03-30,2015-12-31,2017113.0,67576067.0,2796829.0,0.11061563711926033,67576067.0,1.0,749933317.0,111246225.0,0.0,0.0,638687092.0,0.0,52021764.0,79256227.8179,80111900.8179,6.1005864274592625,0.0,0.0545500700830978,0.36773306240279163,0.013256949453038524,6.1005864274592625,0.018131968073523394,1.1728446377013921,9.822978164572337,0.7124397058677722,0.0,0.0,0.0,0.09010943435654827,0.0,0.0026897231450779776,-5.870610781305415,1.0,-0.5441763486547261,5.070335116682074,0.374409336761478,0.5067364740477043,-0.10488975343244689,-0.5874843167951147,-0.6411745612234425,-0.7546755463982309,-0.07935153303313036,0.26586720316057794,Mortgage Finance,Financial Services,SNFCA
2015Q3,2015,Q3,2015-11-13,2015-09-30,4889785.0,75494686.0,7794400.0,0.242672,75494686.0,1.0,749395838.0,109305562.0,0.0,0.0,640090276.0,0.0,54705809.0,84426082.545,52066117.545,5.764734436206808,0.0,0.05275711712719707,0.36170130116526,0.0328522901599383,5.764734436206808,0.04473500625704664,1.1183049697696603,4.316451671443632,0.7723859701210813,0.0,0.0,0.0,0.10074073296361168,0.0,0.006524969518178722,5.779352163979391,1.0,0.25000386325120916,6.838810100989848,0.30536937549804327,0.4569811132144895,-0.007179439566605294,0.2693226529023469,0.25071566661617417,0.0343577490312223,-0.00043879722043477915,0.304013889601806,Mortgage Finance,Financial Services,SNFCA
2015Q2,2015,Q2,2015-08-14,2015-06-30,3852279.0,76040615.0,6231952.0,0.194137,76040615.0,1.0,732572091.0,105459802.0,0.0,0.0,627112289.0,0.0,49816024.0,83969066.1898,69079275.1898,5.608634931426784,0.0,0.045573086130577145,0.3165715312076918,0.027745101739904573,5.608634931426784,0.03652841108121936,1.1042660056050309,5.449311056507071,0.7962186975260962,0.0,0.0,0.0,0.1037994975978412,0.0,0.005258566422782274,-4.015417144400779,1.0,0.9999896980498408,6.426224321039054,0.4158154417401963,0.4427422592257405,0.18721392497618097,1.0670026286377174,1.07843691801984,-0.09175519746870502,0.13953235408004447,0.30079281635753946,Mortgage Finance,Financial Services,SNFCA
2015Q1,2015,Q1,2015-05-15,2015-03-31,1863703.0,64049632.0,2998384.0,0.097069,64049632.0,1.0,701778191.0,100572450.0,0.0,0.0,601205741.0,0.0,45963745.0,66104249.4966,54797631.4966,5.391006206769346,0.0,0.04194771136739415,0.2927043042105467,0.014335025820503534,5.391006206769346,0.018530949579134245,1.0320785214909587,8.867326164174226,0.657279896200202,0.0,0.0,0.0,0.09126762960349676,0.0,0.002655686688331413,194.4179732320425,1.0,-0.39569050982734244,2.58834295161014,0.3479176367985185,0.3771534426351617,0.0543865068305213,-0.3469661850475575,-0.3688581268264302,-0.04711466082587852,0.15023108645393476,0.3360065266006214,Mortgage Finance,Financial Services,SNFCA
2014Q4,2014,Q4,2015-03-31,2014-12-31,2853915.0,60745876.0,4750729.0,0.16062795898218704,60745876.0,1.0,671069562.0,97091101.0,0.0,0.0,573978461.0,0.0,44101252.0,64674519.4037,62839577.4037,5.464614503650736,0.0,0.04324496243505677,0.2988984335443884,0.02263009697951445,5.464614503650736,0.029394197517648914,1.0646734175617123,5.665420957150091,0.6661220105403893,0.0,0.0,0.0,0.09052098238364148,0.0,0.004252785644895633,-11.14694312159126,1.0,0.43090755934816,1.885580274533462,-0.06086862200628392,0.31611313962019827,-0.015875308655415876,0.3349638089607086,0.0,1.8803818521075977,0.08396329109886622,0.3475776176428341,Mortgage Finance,Financial Services,SNFCA
2014Q3,2014,Q3,2014-11-14,2014-09-30,2137822.0,61725792.0,0.0,0.112256,61725792.0,1.0,660512730.0,93841789.0,0.0,0.0,566670941.0,0.0,44558935.0,56320982.3911,45911712.3911,5.233354649663868,0.0,0.03352143720227769,0.23594324272739514,0.0,5.233354649663868,0.022781130057100682,0.9124383918978309,6.5862572271101145,0.6001695299212593,0.0,0.0,0.0,0.09345132833397472,0.0,0.003236609837936053,-12.58459200693481,1.0,-0.1904809980529314,27.31473894128717,0.059403465111925444,0.260084872399955,0.03894958116856722,-0.1853008102320714,-1.0,1.425260783461929,0.30531792445407513,0.35554361411459934,Mortgage Finance,Financial Services,SNFCA
2014Q2,2014,Q2,2014-08-14,2014-06-30,2624063.0,59411730.0,4187097.0,0.13867,59411730.0,1.0,642957484.0,92007057.0,0.0,0.0,550950427.0,0.0,42421143.0,48365504.2395,34292198.2395,5.133432334025568,0.0,0.026647612674806347,0.1862170420253742,0.024043016762115788,5.133432334025568,0.028520236224923487,0.814073319182929,4.607883293912913,0.5256716801570993,0.0,0.0,0.0,0.092403823702906,0.0,0.004081238752638891,2.790680179701428,1.0,20.001060124185972,-0.2952340734048944,-0.14993206821630947,0.2333103899095408,0.3186994437430033,17.898817411846046,24.225451390771568,10.147522567228162,0.41793134542614946,0.3351134124879604,Mortgage Finance,Financial Services,SNFCA
2014Q1,2014,Q1,2014-05-15,2014-03-31,138848.0,45053276.0,165987.0,0.006603,45053276.0,1.0,626740327.0,88502601.0,0.0,0.0,538237726.0,0.0,39797080.0,45799149.3804,18694310.380400002,4.958363353426907,0.0,0.028280093423763364,0.20026840793074543,0.0013070891776954827,4.958363353426907,0.0015688578463360643,1.0165553639295841,82.462745917118,0.5174893038499513,0.0,0.0,0.0,0.071885075938316,0.0,0.00022153991696149464,2.0408081599085772,1.0,-0.9245112243372706,-0.9645930152115153,-0.37565669040967276,0.2408057607104105,-0.07255241735787195,-0.9066203337236258,0.022717190388170057,1.23317608612528,0.1479532853644433,0.29303796641397256,Mortgage Finance,Financial Services,SNFCA
2013Q4,2013,Q4,2014-03-31,2013-12-31,1486919.0,48577706.0,162300.0,0.08746995751396264,48577706.0,1.0,618757454.0,87751189.0,0.0,0.0,531006265.0,0.0,39666587.0,49316370.4167,29402644.416699998,5.162078479354054,0.0,0.029558331591428393,0.20842381976157612,0.014022163411010386,5.162078479354054,0.016944716270454182,1.0152058315948471,8.291704258385964,0.5620023042274674,0.0,0.0,0.0,0.07850847805705788,0.0,0.0024030724646429877,-6.679569498599923,1.0,0.264418709907234,1.5746630663777796,-0.24143901714837027,0.3419046174426729,-0.039069751856035013,0.17404624272892583,-0.9173744733449949,4.218641013749558,0.059852622492147026,0.2749416829389556,Mortgage Finance,Financial Services,SNFCA
2013Q3,2013,Q3,2013-11-14,2013-09-30,1266491.0,50552791.0,1964284.0,0.069178,50552791.0,1.0,621409587.0,86121994.0,0.0,0.0,535287593.0,0.0,41213800.0,65577669.8305,46366484.8305,4.789934584868506,0.0,0.026272306288058603,0.18956670928915093,0.012362298608159274,4.789934584868506,0.014705778874557875,1.2972116580170618,12.944756384076161,0.7614508998769816,0.0,0.0,0.0,0.08135180412013823,0.0,0.0020380937573143687,20.466543231725204,1.0,-0.5416641821205436,2.4314736251442883,-0.17329942137710957,0.244798576218858,-0.17575567740509407,-0.5475597884429552,-0.5605156705865507,1.1411197102747936,-0.07819165306252718,0.21060983830477628,Mortgage Finance,Financial Services,SNFCA
2013Q2,2013,Q2,2013-08-14,2013-06-30,2799245.0,61332289.0,4469520.0,0.150933,61332289.0,1.0,617035448.0,85516572.0,0.0,0.0,531518876.0,0.0,39947309.0,63748001.226,24904249.226000004,4.86862785955108,0.0,0.017642671965257983,0.12729876496920386,0.029036990095072622,4.86862785955108,0.03273336307259837,1.039387283034553,5.693320987087589,0.7454461718367289,0.0,0.0,0.0,0.09939832338449378,0.0,0.004536603219593309,1.954173942200068,1.0,0.4117630552515644,0.1792065691657576,-0.1014637247913576,0.2721624684293611,0.11813657398165406,0.3767234587112557,0.3847713936850741,4.776666787436842,0.22246454709155639,0.25238587344304514,Mortgage Finance,Financial Services,SNFCA
2013Q1,2013,Q1,2013-05-15,2013-03-31,2033266.0,54852234.0,3227623.0,0.106911,54852234.0,1.0,601171224.0,81823359.0,0.0,0.0,519347865.0,0.0,37147338.0,93460669.0494,46456708.0494,4.705466075626422,0.0,0.01911465908754142,0.14043890571639817,0.021789379837496285,4.705466075626422,0.02484945649811321,1.7038625819579198,11.491446403151384,1.1422247899820392,0.0,0.0,0.0,0.09124228141698279,0.0,0.00338217452670356,20.1463410271715,1.0,-0.7628917319752596,0.3174494227337088,-0.08146932470243137,0.24413225197437713,-0.17714447368433686,-0.7277090808189782,-0.5890487021436643,2.8590724499128966,0.2384417309531081,0.20202955750912283,Mortgage Finance,Financial Services,SNFCA
2012Q4,2012,Q4,2013-03-29,2012-12-31,7467256.0,66660832.0,7854028.0,0.45089528463362033,66660832.0,1.0,597216623.0,79812109.0,0.0,0.0,517404514.0,0.0,35114072.0,83349625.38659999,56353853.38659999,4.819294166266025,0.0,0.019943086882228327,0.14922977414367036,0.08141143021340075,4.819294166266025,0.09356043955685972,1.2503538117646054,2.7905038138038925,1.0443230536183425,0.0,0.0,0.0,0.11161918378149363,0.0,0.01250342959727027,-6.2979474784786404,1.0,0.9811126009289242,4.7755437728141885,0.08566150125380208,0.2751005189210082,0.04569450700205778,0.8714711559716354,0.2807648686177035,3.4858933096865656,0.10564276022726993,0.1606923730265515,Mortgage Finance,Financial Services,SNFCA
2012Q3,2012,Q3,2012-11-14,2012-09-30,3990046.0,63747903.0,6132295.0,0.227597,63747903.0,1.0,560760900.0,70748780.0,0.0,0.0,490012120.0,0.0,31791885.0,39631696.4056,5147184.405599996,4.420761528826299,0.0,0.040458728488380696,0.3206793530573955,0.0427033119504226,4.420761528826299,0.05639738240009227,0.621694119186948,2.483160369930572,0.5601749797749163,0.0,0.0,0.0,0.11368107690817958,0.0,0.007115414073984117,4.22137736332957,1.0,0.05555658618482682,6.731136457259483,0.17406026174629793,0.23514905346108234,0.12771840820715888,0.11049553691701049,0.21760046954388046,58.212468576924174,0.2258994948079154,0.06442905170195289,Mortgage Finance,Financial Services,SNFCA
2012Q2,2012,Q2,2012-08-14,2012-06-30,3593032.0,56528210.0,5036377.0,0.215618,56528210.0,1.0,553610538.0,68679179.0,0.0,0.0,484931359.0,0.0,27801838.0,22277660.239800002,4637512.239800002,4.311705031652926,0.0,0.05028214979534945,0.405315386778284,0.03722735569381325,4.311705031652926,0.05231617576558392,0.3940981014576616,1.5500599660537397,0.32437283852504994,0.0,0.0,0.0,0.10210826225276803,0.0,0.0064901799250071356,-16.915536623401476,1.0,1.1176389707326657,2.2864804674885177,-0.018526044801157274,0.17258941502533878,0.19451310406309394,1.1616344289407363,1.162842181026131,0.08584783996761136,-0.0899108997108901,0.03588988180793928,Mortgage Finance,Financial Services,SNFCA
2012Q1,2012,Q1,2012-05-15,2012-03-31,1662183.0,47323223.0,2328592.0,0.10182,47323223.0,1.0,524809722.0,63975432.0,0.0,0.0,460834290.0,0.0,24208806.0,12813589.9278,-1644868.0722000003,4.0351645739983,0.0,0.03851744385177377,0.3159701836792599,0.01974329158625358,4.0351645739983,0.025981583055195313,0.27076748191474614,1.9272231047664428,0.20028922864952284,0.0,0.0,0.0,0.09017215386112835,0.0,0.00316721076291342,0.521792154330649,1.0,0.8258370690298106,1.1135489437040282,-0.08653593620382058,0.11589010749162933,-0.006359454298366952,0.973990608544467,0.0,-0.5228072219169322,-0.2616927863350533,0.00977985918906875,Mortgage Finance,Financial Services,SNFCA
2011Q4,2011,Q4,2012-03-30,2011-12-31,842042.0,47626099.0,0.0,0.055766202651424845,47626099.0,1.0,521138922.0,61230587.0,0.0,0.0,459908335.0,0.0,22546623.0,13437048.609599998,21372563.6096,4.055138963505027,0.0,0.048008540417558754,0.40860491832292906,0.0,4.055138963505027,0.013751983138753839,0.28213624234896917,3.989423511416295,0.21944993944938004,0.0,0.0,0.0,0.09138848968951123,0.0,0.00161577261734444,-1.1038669220905422,1.0,0.08625584657417203,-0.5681232005777461,-0.048875712966481466,0.09434636333539338,0.15248541386411468,0.09310392277515117,-1.0,1.36637468194876,-0.1627324986779136,0.05415090476888971,Mortgage Finance,Financial Services,SNFCA
2011Q3,2011,Q3,2011-11-14,2011-09-30,770322.0,41324687.0,834490.0,0.051338,41324687.0,1.0,506083369.0,60498135.0,0.0,0.0,445585234.0,0.0,22364104.0,11635144.290000001,5635908.290000001,3.8607054728240073,0.0,0.033598102687306446,0.28105727556725507,0.00993943658642503,3.8607054728240073,0.012732987554079147,0.2815543234483543,3.776065168202388,0.19232236316045115,0.0,0.0,0.0,0.08165588820208791,0.0,0.001522124707480755,-0.9344418122629692,1.0,3.5001753155680224,-0.5291880272503728,0.009177830709552071,0.13821342853676868,0.13322583534253352,2.760107777240844,4.910906798509683,1.9989936383969504,-0.2246070368848053,0.0033123815413455496,Mortgage Finance,Financial Services,SNFCA
2011Q2,2011,Q2,2011-08-15,2011-06-30,204867.0,36466418.0,141178.0,0.011408,36466418.0,1.0,491771209.0,59976220.0,0.0,0.0,431794989.0,0.0,21593782.0,13024944.559999999,-15350163.440000001,3.8449410259908237,0.0,0.019124198057719154,0.1568076480978628,0.0029527845900063346,3.8449410259908237,0.00341580379690484,0.35717641804029115,15.89439070226049,0.21716848044108147,0.0,0.0,0.0,0.07415321867693966,0.0,0.0004165900651577185,-1.1496411568519698,1.0,1.3333235938641346,-0.7351690371795062,-0.0009981889002693813,0.15969473377922766,0.06713759555287371,1.3951353300943348,1.1067442321156646,-0.9028203608145049,-0.3984193716938557,0.004675199603533698,Mortgage Finance,Financial Services,SNFCA
2011Q1,2011,Q1,2011-05-16,2011-03-31,-518473.0,34172180.0,-1322582.0,-0.034225,34172180.0,1.0,490717635.0,59595749.0,0.0,0.0,431121886.0,0.0,21388915.0,17717117.34,-35007415.66,3.834661844600054,0.0,0.02078682784652726,0.1711609161921935,-0.007428383076147457,3.834661844600054,-0.00869983192928744,0.5184661130779482,-8.542931521988608,0.2972882736988505,0.0,0.0,0.0,0.0696371549801751,0.0,-0.0010565607653370763,0.4212953544320765,1.0,-0.25938089606018805,-1.479489979075857,-0.01138670541126884,0.1662426453139986,-0.14373010370703876,-0.2889642999204455,-3.205695860389094,-1.375882706492008,-0.35973689395810615,0.013890313861706267,Mortgage Finance,Financial Services,SNFCA
2010Q4,2010,Q4,2011-03-31,2010-12-31,-402240.0,39908188.0,-314474.0,-0.02717605142897477,39908188.0,1.0,465634905.0,59928468.0,0.0,0.0,405706437.0,0.0,21907579.0,15390357.426600002,-17100170.5734,4.048874194351065,0.0,0.015174925513799271,0.11790681850902646,-0.0060040800697454865,4.048874194351065,-0.00671200204884263,0.3856441045782385,-9.565407111798926,0.25681212852963303,0.0,0.0,0.0,0.08570703693272308,0.0,-0.0008638527646461556,0.4761960691190432,1.0,-1.8337490851043032,-1.2835648727141942,0.07745558249072626,0.2293634231852635,-0.14497180314201885,-1.79900045488043,-1.3867184137454407,-1.3480996231764104,-0.27276934895580995,0.0712609374212537,Mortgage Finance,Financial Services,SNFCA
2010Q3,2010,Q3,2010-11-15,2010-09-30,503429.0,46674704.0,813186.0,0.032595,46674704.0,1.0,491406545.0,60546208.0,0.0,0.0,430860337.0,0.0,23150395.0,15833466.7437,16315304.7437,3.95662948813953,0.0,0.05497180547320549,0.4461634492452442,0.0057495505952606316,3.95662948813953,0.008314789920452162,0.3392301479555178,7.862810219365591,0.26151046063363703,0.0,0.0,0.0,0.09498185255143478,0.0,0.0010244653945339697,-1.0260007841841519,1.0,0.19997791112910943,-0.6411903630093889,0.24112473796393633,0.26178766466644005,0.07484085461109535,0.20030089242499743,8.591606609971574,1.7562430176198713,-0.10098619640201614,0.10547179152394603,Mortgage Finance,Financial Services,SNFCA
2010Q2,2010,Q2,2010-08-16,2010-06-30,419419.0,43424758.0,84781.0,0.027163,43424758.0,1.0,482907020.0,59101245.0,0.0,0.0,423805775.0,0.0,22646965.0,15333707.473199999,25407711.4732,3.887482255102657,0.0,0.05105557794541898,0.4171671341272083,0.005007608856652312,3.887482255102657,0.007096618692211983,0.35310979679380133,9.139850288851958,0.2594481296155436,0.0,0.0,0.0,0.08992364202947391,0.0,0.0008685295152677632,-0.7574790116266403,1.0,1.4166679449617277,-0.2854700620984641,0.2811712568968852,0.31048910117254386,0.12727438772110602,1.4409214146271208,1.0506786362000677,-0.598055664065986,-0.21005147022459097,0.05721994198770661,Mortgage Finance,Financial Services,SNFCA
2010Q1,2010,Q1,2010-05-14,2010-03-31,-951233.0,38521906.0,-1672914.0,-0.065191,38521906.0,1.0,469406615.0,59204018.0,0.0,0.0,410202597.0,0.0,22227546.0,24691272.6096,15912593.6096,3.91460097318839,0.0,0.0280558274620821,0.2224442097831941,-0.013143368323666159,3.91460097318839,-0.016067034504313543,0.6409670541639346,-6.489280914770618,0.41705400146321153,0.0,0.0,0.0,0.08206511107645979,0.0,-0.0020264584469053552,-2.1005012622860018,1.0,0.6405864560076522,-4.209469253504492,0.30758631377578977,0.33939730543436014,-0.265379885170369,0.6359011516638036,0.4677503102033025,-2.267969112112036,-0.22050521941945656,0.08254927913130244,Mortgage Finance,Financial Services,SNFCA
2009Q4,2009,Q4,2010-03-31,2009-12-31,-2612568.0,52437859.0,-3143100.0,-0.18138158978613217,52437859.0,1.0,470576898.0,59805442.0,0.0,0.0,410771456.0,0.0,23178944.0,25604036.673600003,-4919777.326399997,4.152085667367249,0.0,0.01899793431848412,0.14948454021960075,-0.0380035147354011,4.152085667367249,-0.04368445266235136,0.4882738762007809,-2.450083277602727,0.42812218783702005,0.0,0.0,0.0,0.11143313499423,0.0,-0.005551840753559475,6.825899210053392,1.0,-36.0563567425845,-8.122089865359843,0.7567737282386874,0.3556032272945017,0.07775599409610592,-42.43710447429777,-48.27461420449418,-2.4046949002534146,0.0978057347199126,0.12050903587603425,Mortgage Finance,Financial Services,SNFCA
2009Q3,2009,Q3,2009-11-13,2009-09-30,63049.0,48654667.0,66486.0,0.005174,48654667.0,1.0,465053226.0,62189305.0,0.0,0.0,402863921.0,0.0,27409312.0,27063852.163599998,-2751830.8364000022,4.15317631716063,0.0,0.011484749919786602,0.08588325597142467,0.0009336398129284881,4.15317631716063,0.0010138238399673384,0.5562437034786406,107.31277325413566,0.4351849914322084,0.0,0.0,0.0,0.1046217169989054,0.0,0.0001355737289305461,-3.0072791312978304,1.0,-0.9749993960039621,-0.8681854104399326,0.7157216498298349,0.5339034453668353,-0.16127005630690966,-0.9795983612419019,-0.9851738338214362,-0.959673235332958,0.24343364427988412,0.22443970112417944,Mortgage Finance,Financial Services,SNFCA
2009Q2,2009,Q2,2009-08-14,2009-06-30,3090389.0,58009932.0,4484369.0,0.206955,58009932.0,1.0,462145248.0,61920227.0,0.0,0.0,400225021.0,0.0,27346263.0,16204834.198199999,-21407666.8018,4.162319863697968,0.0,0.016701056720591877,0.12464931693483618,0.04437756672702261,4.162319863697968,0.049909200106776096,0.27934585750247043,1.3109056981337948,0.26170501923709033,0.0,0.0,0.0,0.1255231601991935,0.0,0.006687051340188183,0.7898711694122098,1.0,-0.04761576055443574,2.140724800789938,0.7550103706427782,0.43426295396881875,-0.024913645252746763,-0.044113999028768856,-0.09221517102663757,3.1889214888765283,0.666356215936222,0.25542118685456444,Mortgage Finance,Financial Services,SNFCA
2009Q1,2009,Q1,2009-05-15,2009-03-31,3233010.0,59492097.0,4939903.0,0.217302,59492097.0,1.0,453961627.0,58804234.0,0.0,0.0,395157393.0,0.0,24255874.0,14194539.4682,2274067.4682,3.9960834406410615,0.0,0.018136035097081015,0.14000801370867275,0.048227033255427446,3.9960834406410615,0.05497920438858195,0.23859537962159916,1.09762570083297,0.24138635099302544,0.0,0.0,0.0,0.13105093792431932,0.0,0.007121769347258067,12.147295090177016,1.0,2.4276380301980036,6.637797376207418,0.8047880565274494,0.39894230050523877,0.12682493178488916,2.5155724233238983,2.382368356911012,2.157727135623329,0.8177208949716637,0.21533608739749657,Mortgage Finance,Financial Services,SNFCA
2008Q4,2008,Q4,2009-03-31,2008-12-31,-2133194.0,52796220.0,-3573507.0,-0.1522108513527492,52796220.0,1.0,441804525.0,53912279.0,0.0,0.0,387892246.0,0.0,21023179.0,11499085.965,-1775044.0350000001,3.846829657082227,0.0,0.015029225877666147,0.12316266578157455,-0.03522897469440405,3.846829657082227,-0.039567869130518483,0.21780131162799155,-1.347637154075063,0.21329252219146588,0.0,0.0,0.0,0.11950131112849059,0.0,-0.004828366119609119,0.769237703443589,1.0,-2.0890076378031295,-10.477473375212604,0.7377983534424716,0.30559736303436935,-0.0054200013619939815,-1.7774444626726142,-3.9075511731544363,-2.588223748447024,0.5054084648919491,0.16801645312646393,Mortgage Finance,Financial Services,SNFCA
2008Q3,2008,Q3,2008-11-14,2008-09-30,-768042.0,53083935.0,-728165.0,-0.049275,53083935.0,1.0,444729183.0,60059430.0,0.0,0.0,382052874.0,0.0,23811753.0,17591916.5604,2674418.5604000017,3.847959562597017,0.0,0.014279247332415331,0.10573523591549237,-0.011565185803522936,3.847959562597017,-0.012788033452864937,0.33139812563631543,-5.726222185896084,0.292908483487106,0.0,0.0,0.0,0.11936238283692753,0.0,-0.0017269880847913684,-0.6233262664457472,1.0,-1.370371762300627,-1.2590969650395387,0.171023174333362,0.3772588025290572,-0.12115884199241435,-1.3656240761713254,-1.235862165916052,-1.536687768815652,0.3839099338136861,0.22713231672931522,Mortgage Finance,Financial Services,SNFCA
2008Q2,2008,Q2,2008-08-14,2008-06-30,2100633.0,60402195.0,3087248.0,0.133042,60402195.0,1.0,417623243.0,59484918.0,0.0,0.0,355596036.0,0.0,24579795.0,26606998.6866,8523575.6866,3.8270488089166723,0.0,0.011753304161760939,0.08251592445668329,0.03262188277113183,3.8270488089166723,0.03531370758550932,0.4404972151525288,3.1665453563997135,0.4472898270886076,0.0,0.0,0.0,0.1446332214799644,0.0,0.005029971475988946,0.5404987216017241,1.0,0.49999436270364733,-0.16205608512726916,0.21365698671517722,0.4385822060831261,0.13492094360361884,0.5272266070306866,0.5873270829102258,2.50032086729743,0.7430419711719467,0.29011669369233556,Mortgage Finance,Financial Services,SNFCA
2008Q1,2008,Q1,2008-05-15,2008-03-31,1375456.0,53221500.0,1944935.0,0.088695,53221500.0,1.0,417296821.0,58613440.0,0.0,0.0,356165423.0,0.0,22478787.0,28137226.5036,22833354.5036,3.7821269146902003,0.0,0.01306013064499238,0.09298125139899655,0.02147023406862743,3.7821269146902003,0.02346656330015778,0.5286815761224317,5.1141633217638365,0.48004734927006504,0.0,0.0,0.0,0.12753871422375393,0.0,0.0032961094616150936,1.4710799985444598,1.0,0.13609936307691495,-0.2789995389039231,0.3725621207106534,0.5077141225105823,-0.02742221100026843,0.19369141460645978,-0.5931928961785209,3.5289297373192015,0.762999866366433,0.294070745152046,Mortgage Finance,Financial Services,SNFCA
2007Q4,2007,Q4,2008-03-31,2007-12-31,1152271.0,54722101.0,4780976.0,0.0780697559408765,54722101.0,1.0,418162645.0,55784152.0,0.0,0.0,359904735.0,0.0,21104156.0,26978901.0174,35147317.0174,3.7795405889600913,0.0,0.03197673479418517,0.2397002646916637,0.04321593097133996,3.7795405889600913,0.020655884488483395,0.49301654220842145,5.853419251504203,0.4836302076869431,0.0,0.0,0.0,0.13086319797886298,0.0,0.002755556991466801,0.880676268672697,1.0,2.848417367669204,-0.29667822000697747,0.45783982211640134,0.4276591460947549,0.059193316282240255,2.7394240116900446,1.4664891638503013,2.065469892310715,0.789106596983856,0.23397199155902831,Mortgage Finance,Financial Services,SNFCA
2007Q3,2007,Q3,2007-11-14,2007-09-30,-662444.0,51663941.0,1938373.0,-0.042236,51663941.0,1.0,413594118.0,54501895.0,0.0,0.0,356725794.0,0.0,21512296.0,31734495.540000003,60950891.54000001,3.579132021709144,0.0,0.08729658723047894,0.6624605438031099,0.012458541539750102,3.579132021709144,-0.012154513159588305,0.6142484472874418,-11.976293671616016,0.582264076139004,0.0,0.0,0.0,0.12491459320028338,0.0,-0.0016016765499551906,-3.7535027283850813,1.0,-1.642861491628615,-1.6173638742654735,0.6834635953459828,0.40880353109571815,-0.048824517054752006,-1.6425082538980513,-0.6487089002354901,-2.361870773887991,0.7914772965988514,0.3218901679752804,Mortgage Finance,Financial Services,SNFCA
2007Q2,2007,Q2,2007-08-14,2007-06-30,1031028.0,54315888.0,5517854.0,0.0657,54315888.0,1.0,385583874.0,55235661.0,0.0,0.0,327995684.0,0.0,22174740.0,37851452.878,39326900.878,3.6770799534803524,0.0,0.02265719234928378,0.1581631837446464,0.06539737981387388,3.6770799534803524,0.01866598464350775,0.6968762598155441,9.178085580120035,0.6852720179812821,0.0,0.0,0.0,0.14086659651124311,0.0,0.0026739396264274266,-1.3240773748523806,1.0,0.40001704739174904,2.2769662453677926,1.5643405295871453,0.483242954411494,0.10744443315349184,0.3847833766038405,0.0,0.037690403033675025,0.6273644356591752,0.26705772952603346,Mortgage Finance,Financial Services,SNFCA
2007Q1,2007,Q1,2007-04-02,2007-03-31,744541.0,49046152.0,0.0,0.046928,49046152.0,1.0,382142073.0,54276757.0,0.0,0.0,325555777.0,0.0,21143712.0,40076088.57,28730141.57,3.6160949424211735,0.0,0.019183239737122586,0.13506191978271656,0.0,3.6160949424211735,0.013717492369708087,0.8171097412494257,13.456642605981404,0.7383655690777546,0.0,0.0,0.0,0.12834533401403306,0.0,0.0019483355866968357,4.568418813736688,1.0,-0.6365699337011498,-0.5431005937511707,1.1187615557903046,0.46944830150944605,0.03460636393797731,-0.5966401350490398,-1.0,0.7244463437882759,0.4587197177007641,0.265916553730546,Mortgage Finance,Financial Services,SNFCA
