Quarters,Year,Quarter,FillingDate,Date,NetIncome,Revenue,OperatingIncome,EPSDiluted,GrossProfit,GrossProfitRatio,TotalAssets,CommonStockEquity,CurrentAssets,CurrentLiability,TotalLiability,Inventory,RetainedEarnings,MarketCap,EnterpriseValue,bookValuePerShare,currentRatio,debtToAssets,debtToEquity,roic,shareholdersEquityPerShare,roe,priceToSalesRatio,peRatio,pbRatio,payoutRatio,inventoryTurnover,dividendYield,assetTurnover,quickRatio,returnOnAssets,priceToFreeCashFlowsRatio,grossProfitMargin,epsdilutedGrowth,fiveYNetIncomeGrowthPerShare,fiveYRevenueGrowthPerShare,fiveYShareholdersEquityGrowthPerShare,grossProfitGrowth,netIncomeGrowth,operatingIncomeGrowth,threeYNetIncomeGrowthPerShare,threeYRevenueGrowthPerShare,threeYShareholdersEquityGrowthPerShare,Industry,Sector,Symbol
2023Q1,2023,Q1,2023-05-15,2023-03-31,7534000.0,22187000.0,20948000.0,0.48,22187000.0,1.0,2170450000.0,183781000.0,401578000.0,5751000.0,1986669000.0,0.0,109908000.0,136183558.5,15187558.5,12.024129256396249,69.82750825943315,0.03272408947453293,0.38647085389675756,0.05602687184295953,12.024129256396249,0.04099444447467366,6.137988844819038,4.518965970931776,0.7410099983132098,0.24316432174143882,0.0,0.013452431557661198,0.010222304130479854,69.82750825943315,0.0034711695731299962,3.093323304940375,1.0,-0.058823529411764754,1.0373442782179105,0.6391572970646914,0.36300382935393194,-0.05268775884889629,-0.06153462879920279,0.17652344846953102,1.3139340516541904,0.6761493595923748,0.3483969247533586,Banks—Regional,Financial Services,OPBK
2022Q4,2022,Q4,2023-03-16,2022-12-31,8028000.0,23421000.0,17805000.0,0.51,23421000.0,1.0,2094293000.0,176916000.0,299961000.0,2771000.0,1917377000.0,0.0,105690000.0,169724717.28,97015717.28,11.632852254175809,108.25009022013714,0.004900460441781546,0.05801058129281693,0.06513766537325232,11.632852254175809,0.04537746727260395,7.246689606763161,5.285398520179372,0.9593519934884353,0.22732934728450424,0.0,0.010752706083399993,0.011183248953226697,108.25009022013714,0.0038332745227148256,65.0037216698583,1.0,-0.07272727272727278,2.648649517117383,0.6881965015550054,0.6699328408883144,-0.0693026028213789,-0.07190751445086706,0.1826635669212886,0.9818813293466983,0.7785763711259045,0.2989917118024744,Banks—Regional,Financial Services,OPBK
2022Q3,2022,Q3,2022-11-14,2022-09-30,8650000.0,25165000.0,15055000.0,0.55,25165000.0,1.0,2029575000.0,170095000.0,299575000.0,1099000.0,1859480000.0,0.0,99487000.0,168977585.11999997,81181585.11999997,11.19353432975608,272.5887170154686,0.014273924343766552,0.17031658778917663,0.051330389514510334,11.19353432975608,0.05085393456597784,6.7147858183985685,4.88374523468208,0.9934306424057143,0.21063583815028902,0.0,0.010782495197254126,0.012399147604794106,272.5887170154686,0.004261976029464297,3.680146030141998,1.0,0.018518518518518535,1.7404083097093512,0.8971659151350934,0.0,0.029748751943694248,0.020047169811320754,0.15736469864698646,1.2440184742178546,0.8718106238454675,0.28281940129981564,Banks—Regional,Financial Services,OPBK
2022Q2,2022,Q2,2022-08-12,2022-06-30,8480000.0,24438000.0,13008000.0,0.54,24438000.0,1.0,1934242000.0,169492000.0,1779639000.0,9335000.0,1764750000.0,0.0,92659000.0,158839317.75,35477317.75,11.193519999867917,190.64156400642742,0.009652359942551139,0.1101526915724636,0.04678190743349519,11.193519999867917,0.05003185991079225,6.499685643260496,4.682762905365566,0.937149350706818,0.1786556603773585,0.0,0.009537940740745847,0.012634406656457672,33.48934118907338,0.004384146347768273,7.306316363845446,1.0,0.018867924528301903,1.9578773522698993,0.9435160090045259,0.0,0.13633404631265694,0.040235525024533855,0.07000082257135806,1.2899842053014794,0.8312480214469126,0.2959338635426715,Banks—Regional,Financial Services,OPBK
2022Q1,2022,Q1,2022-05-13,2022-03-31,8152000.0,21506000.0,12157000.0,0.53,21506000.0,1.0,1863945000.0,165991000.0,296051000.0,548000.0,1697954000.0,0.0,85694000.0,209658640.79999998,89521640.79999998,10.965326023424263,540.2390510948906,0.005278589228759433,0.059274298004108654,0.04640236004869646,10.965326023424263,0.04911109638474375,9.748844080721659,6.429668817468106,1.2630723400666302,0.18572129538763493,0.0,0.007221262115517826,0.01153789409022262,540.2390510948906,0.004373519604923965,17.39184079635006,1.0,-0.11666666666666659,2.2441217579032755,0.7571948502413218,0.0,-0.11806438384252614,-0.10897365832331403,-0.1075466157686096,0.7970021587014736,0.5625478465195348,0.31020139324396406,Banks—Regional,Financial Services,OPBK
2021Q4,2021,Q4,2022-03-18,2021-12-31,9149000.0,24385000.0,13622000.0,0.6,24385000.0,1.0,1726706000.0,165237000.0,1563799000.0,160751000.0,1561469000.0,0.0,79071000.0,193138282.04,248737282.04,10.916655661063267,9.728082562472395,0.09906608305061776,1.0352281873914437,0.02788228837939033,10.916655661063267,0.05536895489509008,7.920372443715398,5.277579026123074,1.1688561402107276,0.0,0.0,0.0,0.014122265168476858,1.682614727124559,0.005298527948591133,0.0,1.0,0.111111111111111,3.177934444518753,0.7660521811939306,0.5671205481471567,0.21131588097958373,0.10896969696969697,0.0,1.5373182395534535,0.9619601812363742,0.32908926366014374,Banks—Regional,Financial Services,OPBK
2021Q3,2021,Q3,2021-11-08,2021-09-30,8250000.0,20131000.0,0.0,0.54,20131000.0,1.0,1679911000.0,158624000.0,0.0,0.0,1521287000.0,0.0,71436000.0,155874092.10000002,-21567907.899999976,10.481711091230151,0.0,0.006371170853694035,0.06747402662900948,0.0,10.481711091230151,0.05200978414363526,7.742988033381353,4.723457336363637,0.9826639859037725,0.18351515151515152,0.0,0.009712967559924603,0.011983372928684913,0.0,0.004910974450432195,-6.689875197424894,1.0,0.28571428571428586,1.6244645847161707,0.5239170473937472,0.0,0.19784600737831726,0.29330616084025707,0.0,1.460642082729135,0.6370563249424213,0.3179577940128404,Banks—Regional,Financial Services,OPBK
2021Q2,2021,Q2,2021-08-06,2021-06-30,6379000.0,16806000.0,0.0,0.42,16806000.0,1.0,1601460000.0,151962000.0,0.0,0.0,1449498000.0,0.0,64700000.0,151468229.04000002,30348229.04000002,10.092794572756826,0.0,0.0047250633796660545,0.04979534357273529,0.0,10.092794572756826,0.04197759966307366,9.01274717600857,5.936205872393792,0.9967506945157343,0.1649161310550243,0.0,0.006945350894161349,0.010494174066164624,0.0,0.003983240293232425,-4.425013994741455,1.0,0.2727272727272726,1.2376691263135273,0.3441439415788302,0.0,0.06901596590547675,0.2564506598384873,0.0,0.7407584888792158,0.3615562779206249,0.29515810266370096,Banks—Regional,Financial Services,OPBK
2021Q1,2021,Q1,2021-05-07,2021-03-31,5077000.0,15721000.0,0.0,0.33,15721000.0,1.0,1455334000.0,146993000.0,0.0,0.0,1308341000.0,0.0,59373000.0,158040655.51999998,43532655.51999998,9.784611149023663,0.0,0.00894365142297232,0.08854843427918337,0.0,9.784611149023663,0.03453905968311416,10.05283732078112,7.782187094740988,1.0751576981216793,0.20720898168209573,0.0,0.006656515037466861,0.010802331286151495,0.0,0.003488546271852372,33.60422188390389,1.0,0.32000000000000006,1.03587002514558,0.29434591699438223,0.0,0.009503628074231042,0.33010217448257795,0.0,0.39681812916673526,0.18166972091776734,0.10914164181693929,Banks—Regional,Financial Services,OPBK
2020Q4,2020,Q4,2021-03-15,2020-12-31,3817000.0,15573000.0,0.0,0.25,15573000.0,1.0,1366826000.0,143366000.0,0.0,0.0,1223460000.0,0.0,55348000.0,116111433.9,23135433.900000006,9.50740304310375,0.0,0.009824952115338749,0.09366934977609755,0.0,9.50740304310375,0.026624164725248665,7.455945155076094,7.604888256484149,0.8098951906309726,0.2774430180770238,0.0,0.00912054880755374,0.011393549727617122,0.0,0.002792601252829548,5.469730257207462,1.0,0.08695652173913039,0.7496193778862049,0.1321044085847645,0.3648178646420298,0.07846260387811635,0.061752433936022255,0.0,0.7496193778862049,0.1321044085847645,0.3648178646420298,Banks—Regional,Financial Services,OPBK
2020Q3,2020,Q3,2020-11-09,2020-09-30,3595000.0,14440000.0,0.0,0.23,14440000.0,1.0,1339821000.0,141549000.0,0.0,0.0,1198272000.0,0.0,52590000.0,86651324.75999999,17525324.75999999,9.343888073754592,0.0,0.014074268129847196,0.13321888533299422,0.0,9.343888073754592,0.02539756550735081,6.000784263157894,6.025822305980529,0.6121648670071848,0.29513212795549376,0.0,0.01224447523380253,0.010777559091848837,0.0,0.00268319424758979,-3.5546344816835536,1.0,0.43750000000000006,0.14246577061370055,0.09199514114327609,0.0,0.13611329661683713,0.48799668874172186,0.0,0.14246577061370055,0.09199514114327609,0.0,Banks—Regional,Financial Services,OPBK
2020Q2,2020,Q2,2020-08-10,2020-06-30,2416000.0,12710000.0,0.0,0.16,12710000.0,1.0,1288011000.0,139136000.0,0.0,0.0,1148875000.0,0.0,50056000.0,103999718.7,11064718.700000003,9.231163430060317,0.0,0.014970369041879301,0.13858383164673413,0.0,9.231163430060317,0.01736430542778289,8.182511306058222,10.76156029594371,0.7474680794330727,0.4366721854304636,0.0,0.010144258207498402,0.009867928146576388,0.0,0.0018757603778228602,-22.872161579063118,1.0,-0.23809523809523805,-0.15339526965193606,0.01547085522732299,0.0,-0.05234118699671936,-0.2676568657168839,0.0,-0.15339526965193606,0.01547085522732299,0.0,Banks—Regional,Financial Services,OPBK
2020Q1,2020,Q1,2020-05-11,2020-03-31,3299000.0,13412000.0,0.0,0.21,13412000.0,1.0,1209593000.0,138099000.0,0.0,0.0,1071494000.0,0.0,48695000.0,115529655.54,14231655.540000007,8.917351438335293,0.0,0.008020053026100515,0.07024670707246251,0.0,8.917351438335293,0.023888659584790622,8.613902142857143,8.754899631706577,0.8365712680033889,0.3294937859957563,0.0,0.009408839617146149,0.011088027129786631,0.0,0.0027273636669524377,54.4694274115983,1.0,-0.19230769230769237,0.2832865185556882,0.07117928798670917,0.0,-0.013243084167157151,-0.21095431714900742,0.0,0.2832865185556882,0.07117928798670917,0.0,Banks—Regional,Financial Services,OPBK
2019Q4,2019,Q4,2020-03-16,2019-12-31,4181000.0,13592000.0,0.0,0.26,13592000.0,1.0,1179520000.0,140576000.0,0.0,0.0,1038944000.0,0.0,46483000.0,162783396.47,86873396.47,8.955293670068242,0.0,0.00858484807379273,0.07203221033462326,0.0,8.955293670068242,0.029741918961984977,11.9764123359329,9.733520477756516,1.1579743090570225,0.18775412580722314,0.0,0.004822359141183486,0.011523331524688008,0.0,0.003544662235485621,78.11103477447217,1.0,0.08333333333333341,0.841003022274857,-0.05081584970887991,0.2855608128331504,-0.02573292237115619,0.04525,0.0,0.841003022274857,-0.05081584970887991,0.2855608128331504,Banks—Regional,Financial Services,OPBK
2019Q3,2019,Q3,2019-11-08,2019-09-30,4000000.0,13951000.0,0.0,0.24,13951000.0,1.0,1151934000.0,137593000.0,0.0,0.0,1014341000.0,0.0,43086000.0,154217436.12,75445436.12,8.725728904952826,0.0,0.00897186817994781,0.07511283277492314,0.0,8.725728904952826,0.02907124635700944,11.054220924664898,9.6385897575,1.1208232694977216,0.19775,0.0,0.005129121712181141,0.0121109369113161,0.0,0.00347242116301802,20.29443823134623,1.0,0.04347826086956513,0.22120577044915443,0.013545863543361902,0.0,0.009186921296296295,0.04275286757038582,0.0,0.22120577044915443,0.013545863543361902,0.0,Banks—Regional,Financial Services,OPBK
2019Q2,2019,Q2,2019-08-08,2019-06-30,3836000.0,13824000.0,0.0,0.23,13824000.0,1.0,1127556000.0,135482000.0,0.0,0.0,992074000.0,0.0,39878000.0,154345103.52,81971103.52000001,8.637416086395326,0.0,0.009522365186296735,0.07925038012429696,0.0,8.637416086395326,0.028313724332383636,11.165010381944445,10.058987455683003,1.1392295915324546,0.20385818561001043,0.0,0.005066568243278729,0.012260144950672073,0.0,0.0034020483239856824,32.121769723205,1.0,-0.20689655172413784,0.29165840769652424,0.06130681712295193,0.0,-0.038731659828940966,-0.19071729957805908,0.0,0.29165840769652424,0.06130681712295193,0.0,Banks—Regional,Financial Services,OPBK
2019Q1,2019,Q1,2019-05-14,2019-03-31,4740000.0,14381000.0,0.0,0.29,14381000.0,1.0,1077235000.0,132376000.0,0.0,0.0,944859000.0,0.0,36824000.0,144093416.6,87863416.6,8.369191240344286,0.0,0.008880142215951023,0.07226385447513145,0.0,8.369191240344286,0.03580709494168127,10.019707711563868,7.599863744725737,1.0885161706049435,0.16729957805907172,0.0,0.0055033742603338345,0.013349919005602305,0.0,0.004400154098223693,74.42841766528926,1.0,0.2608695652173912,0.8052965279949916,0.12457026781954193,0.0,0.10835394910727834,0.25922000087667213,0.0,0.8052965279949916,0.12457026781954193,0.0,Banks—Regional,Financial Services,OPBK
2018Q4,2018,Q4,2019-03-15,2018-12-31,3764235.0,12975097.0,0.0,0.23,12975097.0,1.0,1044186000.0,129787000.0,0.0,0.0,914399000.0,0.0,32877000.0,140158471.22,62432471.22,8.213636178957746,0.0,0.0,0.0,0.0,8.213636178957746,0.029003174431953892,10.80211355799498,9.30856277703172,1.0799114797321765,0.0,0.0,0.0,0.012426039996705569,0.0,0.0036049468198194575,19.801884508374286,1.0,0.09523809523809533,0.6465945735108238,-0.09985319881415108,0.1790935274215555,0.016137792110021174,0.08122217584963563,0.0,0.6465945735108238,-0.09985319881415108,0.1790935274215555,Banks—Regional,Financial Services,OPBK
2018Q3,2018,Q3,2018-11-13,2018-09-30,3481463.0,12769033.0,0.0,0.21,12769033.0,1.0,1035028184.0,124975153.0,0.0,0.0,910053031.0,0.0,29112718.0,183227875.16,87441138.16,7.952994503197294,0.0,0.0,0.0,0.0,7.952994503197294,0.027857241351006787,14.349393188975235,13.157390668807912,1.4661144296418664,0.0,0.0,0.0,0.012336894006743298,0.0,0.003363640772124134,15.116817413904382,1.0,-0.0869565217391305,0.0665771357552893,-0.06911141408201296,0.0,-0.00012113780266832047,-0.08173962538060141,0.0,0.0665771357552893,-0.06911141408201296,0.0,Banks—Regional,Financial Services,OPBK
2018Q2,2018,Q2,2018-08-13,2018-06-30,3791368.0,12770580.0,0.0,0.23,12770580.0,1.0,979440544.0,121393120.0,0.0,0.0,858047424.0,0.0,25631255.0,198149298.0,161897614.0,7.792712373878811,0.0,0.025524775498776985,0.20594247845347413,0.0,7.792712373878811,0.031232148905967653,15.516076638649146,13.065818063559117,1.6322943013574411,0.0,0.0,0.0,0.013038647499566855,0.0,0.0038709526813298836,16.42107464069915,1.0,0.0454545454545455,0.28545639191697786,-0.012788554262616917,0.0,0.08489223227804533,0.17893178811138907,0.0,0.28545639191697786,-0.012788554262616917,0.0,Banks—Regional,Financial Services,OPBK
2018Q1,2018,Q1,2018-05-15,2018-03-31,3215935.0,11771289.0,0.0,0.22,11771289.0,1.0,956842457.0,117259923.0,0.0,0.0,839582534.0,0.0,21839887.0,165486433.35,105586617.35,8.821786848607552,0.0,0.010451041262689286,0.08528062908586423,0.0,8.821786848607552,0.027425695989924878,14.058480201276172,12.864566086534708,1.411278714126394,0.0,0.0,0.0,0.012302222705404051,0.0,0.0033609869383126674,-89.18207317625223,1.0,0.5206468411661603,0.45750544228694096,0.0953533750438343,0.0,-0.017384135605172917,0.6926775478838472,0.0,0.45750544228694096,0.0953533750438343,0.0,Banks—Regional,Financial Services,OPBK
2017Q4,2017,Q4,2017-12-31,2017-12-31,1899910.0,11979543.0,0.0,0.1446752750502447,11979543.0,1.0,900998830.0,91479950.0,0.0,0.0,809518880.0,0.0,18623952.0,128695922.60000001,90445970.60000001,6.9660599332771715,0.0,0.027746983866782603,0.2732839272430735,0.0,6.9660599332771715,0.020768594648335508,10.742974302108186,16.93447618571406,1.4068210859319448,0.0,0.0,0.0,0.013295847454097138,0.0,0.0021086708847335572,154.50988990671485,1.0,-0.2385511839460806,0.0,0.0,0.0,0.0450431659420874,-0.30350533045288597,0.0,0.0,0.0,0.0,Banks—Regional,Financial Services,OPBK
2017Q3,2017,Q3,2017-09-30,2017-09-30,2727817.0,11463204.0,0.0,0.19,11463204.0,1.0,,,,,,,,122129804.10000001,,,0.0,0.0,0.0,0.0,,0.0,10.654072290783624,11.192998293140633,0.0,0.0,0.0,0.0,0.0,0.0,0.0,-22.293238072012404,1.0,0.05555555555555561,0.0,0.0,0.0,0.06112756149950032,0.10748704157293199,0.0,0.0,0.0,0.0,Banks—Regional,Financial Services,OPBK
2017Q2,2017,Q2,2017-06-30,2017-06-30,2463069.0,10802852.0,0.0,0.18,10802852.0,1.0,,,,,,,,102770981.5,,,0.0,0.0,0.0,0.0,,0.0,9.513319399358615,10.43119188906198,0.0,0.0,0.0,0.0,0.0,0.0,0.0,-1021.4787943544379,1.0,0.2,0.0,0.0,0.0,0.03371153359613295,0.14791626178468714,0.0,0.0,0.0,0.0,Banks—Regional,Financial Services,OPBK
2017Q1,2017,Q1,2017-03-31,2017-03-31,2145687.0,10450548.0,0.0,0.15,10450548.0,1.0,,,,,,,,95005703.1,,,0.0,0.0,0.0,0.0,,0.0,9.090978109473301,11.069380471149799,0.0,0.0,0.0,0.0,0.0,0.0,0.0,43.61869407959979,1.0,0.0,0.0,0.0,0.0,0.0,0.0,0.0,0.0,0.0,0.0,Banks—Regional,Financial Services,OPBK
2007Q3,2007,Q3,2007-09-30,2007-09-30,6000.0,1929000.0,0.0,0.002,1929000.0,1.0,156447000.0,16034000.0,136901000.0,0.0,140413000.0,0.0,-6048000.0,21780000.0,18186000.0,7.288181818181818,0.0,0.0,0.0,,7.288181818181818,0.00037420481476861667,11.290824261275272,907.5,1.3583634776100786,,0.0,,0.012330054267579436,0.0,3.835164624441504e-05,0.0,1.0,1.0066889632107023,1.006217616580311,4.972136222910216,-0.19930087390761544,0.2665791201575837,1.0091047040971168,0.0,1.006217616580311,4.972136222910216,-0.19930087390761544,Banks—Regional,Financial Services,OPBK
2007Q2,2007,Q2,2007-06-30,2007-06-30,-659000.0,1523000.0,0.0,-0.299,1523000.0,1.0,154384000.0,15888000.0,132564000.0,0.0,138496000.0,0.0,-6054000.0,21340000.0,17574000.0,7.221818181818182,0.0,0.0,0.0,0.0,7.221818181818182,-0.041477844914400805,14.011818778726198,-8.095599393019725,1.343152064451158,,0.0,,0.009865011918333506,0.0,-0.004268577054617059,0.0,1.0,-0.1499999999999999,-0.35040983606557374,18.779220779220775,-0.2431041875089324,-0.0522713130056005,-0.1520979020979021,0.0,-0.35040983606557374,18.779220779220775,-0.2431041875089324,Banks—Regional,Financial Services,OPBK
2007Q1,2007,Q1,2007-03-31,2007-03-31,-572000.0,1607000.0,0.0,-0.26,1607000.0,1.0,151071000.0,16676000.0,126430000.0,0.0,134395000.0,0.0,-5394000.0,24200000.0,21332000.0,7.58,0.0,0.0,0.0,0.0,7.58,-0.03430079155672823,15.059116365899191,-10.576923076923077,1.4511873350923483,,0.0,,0.010637382422834296,0.0,-0.0037862991573498553,0.0,1.0,0.5712143928035982,-3.9310344827586206,0.3793991416309013,-0.10574860574860576,0.10219478737997256,0.5712143928035982,0.0,-3.9310344827586206,0.3793991416309013,-0.10574860574860576,Banks—Regional,Financial Services,OPBK
