Quarters,Year,Quarter,FillingDate,Date,NetIncome,Revenue,OperatingIncome,EPSDiluted,GrossProfit,GrossProfitRatio,TotalAssets,CommonStockEquity,CurrentAssets,CurrentLiability,TotalLiability,Inventory,RetainedEarnings,MarketCap,EnterpriseValue,bookValuePerShare,currentRatio,debtToAssets,debtToEquity,roic,shareholdersEquityPerShare,roe,priceToSalesRatio,peRatio,pbRatio,payoutRatio,inventoryTurnover,dividendYield,assetTurnover,quickRatio,returnOnAssets,priceToFreeCashFlowsRatio,grossProfitMargin,epsdilutedGrowth,fiveYNetIncomeGrowthPerShare,fiveYRevenueGrowthPerShare,fiveYShareholdersEquityGrowthPerShare,grossProfitGrowth,netIncomeGrowth,operatingIncomeGrowth,threeYNetIncomeGrowthPerShare,threeYRevenueGrowthPerShare,threeYShareholdersEquityGrowthPerShare,Industry,Sector,Symbol
2023Q1,2023,Q1,2023-05-05,2023-03-31,-10054000.0,8824000.0,-7483000.0,-1.83,-1713000.0,-0.1941296464,745225000.0,44342000.0,693978000.0,511698000.0,662860000.0,0.0,-28382000.0,10210370.799999999,440888370.8,29.77971793149765,1.3562257425278192,0.582802509309269,9.794754408912544,-0.01626028199280209,29.77971793149765,-0.22673763023769788,1.157113644605621,-0.2538882733240501,0.2302641017545442,-0.02138452357270738,0.0,0.021057021748906515,0.011840719245865343,1.3562257425278192,-0.013491227481633063,-0.3672134795900018,-0.19412964641885766,0.7749077490774908,-4.370944458366329,-0.25591783710946026,-0.08687680941862434,-1.4922413793103448,0.13409697700456463,-1.7004691447131,-1.4964334338339311,-0.6175268307486943,0.13686615809726693,Capital Markets,Financial Services,COHN
2022Q4,2022,Q4,2023-03-09,2022-12-31,-11611000.0,12450000.0,-2771000.0,-8.13,3480000.0,0.2795180723,887055000.0,46739000.0,829868000.0,599221000.0,793029000.0,-6326000.0,-25151000.0,11917860.0,475084860.0,32.707487753673895,1.3849114099806248,0.5549464238406863,10.532274973790624,-0.005657082377106866,32.707487753673895,-0.24842208861978218,0.9572578313253012,-0.25660709671862886,0.254987483686001,-0.03074670571010249,-1.417957635156497,0.029955042264299125,0.01403520638517341,1.3849114099806248,-0.013089380027168552,-0.4282994321857256,0.27951807228915665,-33.52,-7.438988528160652,-0.10525471908748579,-0.016445680762063524,-0.5775673707210488,-33.34261838440111,-1.9729634831460674,-12.80997444952561,-0.3908368819372833,0.10435258329731187,Capital Markets,Financial Services,COHN
2022Q3,2022,Q3,2022-11-04,2022-09-30,359000.0,23465000.0,2848000.0,0.25,8238000.0,0.3510760707,1236113000.0,49706000.0,1163193000.0,910591000.0,1130480000.0,-10604000.0,-21793000.0,12159794.33,754163794.33,34.78661303969604,1.2774044549089547,0.6385265748357958,15.879189635054118,0.0005675636259767963,34.78661303969604,0.007222468112501509,0.5182098585126784,8.467823349582172,0.24463433649861183,0.9972144846796658,-1.4359675594115429,0.029441287433354148,0.01898289234074878,1.2774044549089547,0.0002904265224943027,-8.199456729602158,0.35107607074366076,1.1101321585903083,1.5570689489660696,0.9914938086849774,0.07627828434904074,3.6921568627450982,1.0293013385569703,1.3489340847831415,1.236368842692251,0.6674069962069772,0.21834084366312367,Capital Markets,Financial Services,COHN
2022Q2,2022,Q2,2022-08-04,2022-06-30,-12252000.0,9154000.0,-8162000.0,-2.27,-3060000.0,-0.3342800961,2271095000.0,50730000.0,2196458000.0,1823946000.0,2165062000.0,0.0,-20516000.0,15367687.2963,1933572687.2963,35.519315071658276,1.2042341165802057,0.8666625570484722,38.7989946777055,-0.004000715287433244,35.519315071658276,-0.24151389710230634,1.67879476691064,-0.31357507542238006,0.30293095399763453,-0.146016976820111,0.0,0.11641309232201312,0.004030654816289059,1.2030739945151885,-0.0053947545126910145,-1.7455346769990914,-0.3342800961328381,0.9099563665212218,-25.50063863330687,-0.31438912133487296,0.08167173863917561,-1.0344606236697185,0.6515952909059888,0.5893953113995372,-22.933947199478425,-0.34357091673645895,0.2001436769843612,Capital Markets,Financial Services,COHN
2022Q1,2022,Q1,2022-05-06,2022-03-31,-35166000.0,102676000.0,-19878000.0,-25.21,88797000.0,0.8648272235,2706732000.0,52807000.0,2615917000.0,2239005000.0,2585254000.0,0.0,-18297000.0,22528507.099999998,2346928507.1,37.855728575996054,1.168339061324115,0.8818420146508779,45.200636279281156,-0.008554598538746383,37.855728575996054,-0.6659344405097809,0.2194135640266469,-0.16015829992037764,0.4266197114018975,-0.0015355741341068077,0.0,0.0023969630903771695,0.03793356712079363,1.1673649679210185,-0.01299205093079034,1.6032242456589807,0.8648272234991624,-2.033694344163658,-45.9882972267493,5.090970175592124,0.1447391719640155,2.283669846904815,0.23078755424499686,-6.470124013528749,-22.762302891388586,6.482709617006153,0.24856021415357266,Capital Markets,Financial Services,COHN
2021Q4,2021,Q4,2022-03-09,2021-12-31,-45716889.0,27042000.0,-2661000.0,-8.31,27042000.0,1.0,3654259000.0,149506000.0,277635000.0,54207000.0,3504753000.0,0.0,-9730000.0,19667680.0,12494680.0,112.57981927710843,5.121755492833029,0.014833923922743297,0.36257407729455676,-0.012899236111944712,112.57981927710843,-0.30578631626824343,0.7273012351157458,-0.1075515002781576,0.1315511083167231,0.0,0.0,0.0,0.007400132284000669,65.04700499935433,-0.012510577110161047,0.9237989666510099,1.0,-1.401734104046243,-206.90564150778235,0.8235040366665021,2.420473442685185,2.9325376974201385,-12.332426071741033,0.8608118003975311,-91.075506395198,0.45738301776339085,2.5183160382346736,Capital Markets,Financial Services,COHN
2021Q3,2021,Q3,2021-11-04,2021-09-30,-3429000.0,6584000.0,-19118000.0,-3.46,-13993000.0,-2.125303766707169,7420290000.0,57748000.0,7330580000.0,7164251000.0,7303128000.0,0.0,-13029000.0,25386480.0,6965433480.0,43.948249619482496,1.0232165232625154,0.9409169992008398,120.90249012952829,-0.0026740862363291017,43.948249619482496,-0.05937867978111796,3.8557837181044956,-1.8508661417322836,0.4396079517905382,-0.0968212306794984,0.0,0.013077827252931482,0.0008872968576699833,1.021249674250665,-0.0004621113190993883,1.244801412180053,-2.125303766707169,-3.859504132231405,-3.959790375429316,-0.5801220896757419,0.3350923255730712,-2.3930649854510184,-2.9878260869565216,-1.1071310481648848,-3.5911249605454207,-0.5310273896729347,0.37639981129162026,Capital Markets,Financial Services,COHN
2021Q2,2021,Q2,2021-08-03,2021-06-30,1725000.0,10066000.0,-9073000.0,1.21,-4124000.0,-0.40969600635803693,6535566000.0,59485000.0,6433585000.0,6275652000.0,6409130000.0,0.0,-9268000.0,20207200.0,6067856200.0,55.48973880597015,1.025165990720964,0.9296902517700839,102.14427166512566,-0.0014563911861009975,55.48973880597015,0.028998907287551483,2.0074706934234055,2.928579710144928,0.33970244599478866,0.0,0.0,0.0,0.0015401879500566591,1.023820313809625,0.0002639404146480963,4.701535597952536,-0.40969600635803693,-0.826647564469914,1.3082460438770005,-0.22174415946719586,0.7383066626950496,-1.054242460113904,-0.8156066274719401,-1.1287955142309603,22.592412255130597,-0.09650353742975025,0.7241508106323267,Capital Markets,Financial Services,COHN
2021Q1,2021,Q1,2021-05-06,2021-03-31,9355000.0,102676000.0,70445000.0,6.98,76029000.0,0.7404748918929448,7834995000.0,53511000.0,7703907000.0,7543388000.0,7680323000.0,0.0,-10993000.0,24543630.51,7347929630.51,51.737090382069965,1.021279430409784,0.9371871966733866,137.22144979536918,0.009393997063879717,51.737090382069965,0.1748238679897591,0.2390396052631579,0.655896058524853,0.4586651438022089,0.0007482629609834314,0.0,0.000285206379600114,0.013104794578681927,1.020679832457246,0.0011940020382910264,-0.8660420081157375,0.7404748918929448,-0.08638743455497373,59.32342927395137,8.592583417095907,0.8363187322515779,0.7728163036888495,-0.3658057080875873,0.8648577101257445,8.194642253562288,11.4645891273434,0.5863930326588177,Capital Markets,Financial Services,COHN
2020Q4,2020,Q4,2021-03-05,2020-12-31,14751000.0,66365000.0,37775000.0,7.64,42886000.0,0.6462141188879681,6149379000.0,43909000.0,6062320000.0,202929000.0,6047942000.0,0.0,-20341000.0,17478450.0,5735794450.0,41.03644859813084,29.874093894909056,0.9367306845130215,131.1875014233984,0.007970977512799023,41.03644859813084,0.33594479491675966,0.2633684924282378,0.29622483221476514,0.39806076203056323,0.0,0.0,0.0,0.010792146654158086,29.865041467705453,0.002398778803518209,-0.23643809858773876,0.6462141188879681,5.42016806722689,8.070335854540824,7.959150741767654,0.39901675238345957,2.9377467633826093,7.912990936555891,5.221179183135705,9.924911823387339,5.369680001600993,0.23401639920643258,Capital Markets,Financial Services,COHN
2020Q3,2020,Q3,2020-11-06,2020-09-30,1655000.0,21856000.0,6072000.0,1.19,10891000.0,0.4983071010248902,6527551000.0,31739000.0,6489496000.0,341653000.0,6479768000.0,0.0,-35092000.0,22422696.55,5999054696.55,27.67273992297773,18.994406605532514,0.935404104847285,192.3783988153376,0.0012017374838071966,27.67273992297773,0.052144049907054416,1.0259286488836017,3.3871142824773415,0.7064714247455811,0.021148036253776436,0.0,0.0015609184168351063,0.003348269511796997,18.988488320020604,0.0002535407230062239,-0.23862309693828684,0.4983071010248902,0.7246376811594204,5.122883829956606,1.2449322659570499,-0.09504572508100267,-0.1488081281750684,0.8368479467258602,-0.23391370174110523,4.1993966999671635,1.3109187454754123,-0.1438209574024135,Capital Markets,Financial Services,COHN
2020Q2,2020,Q2,2020-08-07,2020-06-30,901000.0,24119000.0,7926000.0,0.69,12795000.0,0.5304946307890045,6076682000.0,31001000.0,6054249000.0,432136000.0,6036303000.0,0.0,-36782000.0,10928556.48,5347377556.48,26.721682825580274,14.010054705000277,0.9168600561951407,179.7189445501758,0.0012787702579297813,26.721682825580274,0.029063578594238894,0.4531098503254696,3.0323408657047723,0.35252270829973226,0.0,0.0,0.0,0.003969106825073288,14.00439676398171,0.0001482717048547217,0.07552457104946718,0.5304946307890045,1.2555555555555555,4.428192372321197,1.8649510558669171,-0.14007035109616472,2.518976897689769,1.2904577691811734,1.839174166225516,1.2181126013853418,1.2238959853702172,-0.18624306062778537,Capital Markets,Financial Services,COHN
2020Q1,2020,Q1,2020-05-08,2020-03-31,-3102000.0,17770000.0,-9445000.0,-2.7,3636000.0,0.20461451885199775,6596540000.0,30042000.0,6572137000.0,415290000.0,6559627000.0,0.0,-37683000.0,3807638.28,6029089638.28,26.19456804074362,15.82541597437935,0.9263547253560199,203.40643099660474,-0.0014892216305469677,26.19456804074362,-0.10325544238066707,0.21427339786156444,-0.3068696228239845,0.12674383463151587,-0.019987105093488073,0.0,0.01628305932463732,0.0026938364657835773,15.809605336030243,-0.00047024652317730206,0.059118392100237546,0.20461451885199775,-5.821428571428571,-6.3430072921511815,0.8346255877743046,-0.16801930717623056,-0.6338737287282248,-5.007751937984496,-3.3413485374318292,-5.826815107721539,0.2821748249273147,-0.20788875932691175,Capital Markets,Financial Services,COHN
2019Q4,2019,Q4,2020-03-06,2019-12-31,774000.0,16090000.0,4034000.0,0.56,9931000.0,0.6172156619018023,8001624000.0,33319000.0,7966156000.0,351066000.0,7952868000.0,0.0,-34519000.0,4443750.0,7574666750.0,29.616888888888887,22.691334392963146,0.9471236089073918,227.45361505447343,0.0003983191333441117,29.616888888888887,0.023229988895224946,0.2761808576755749,1.4353197674418607,0.1333698490350851,0.0,0.0,0.0,0.0020108417991147797,22.554046817407553,9.673036373616156e-05,-0.7033475783475783,0.6172156619018023,1.528301886792453,-0.6441248011068834,0.2031696169616961,-0.08180583301659705,1.3367058823529412,1.636513157894737,10.10609480812641,3.1150781725888317,0.28076519565621255,-0.10016037909912401,Capital Markets,Financial Services,COHN
2019Q3,2019,Q3,2019-11-01,2019-09-30,-1216000.0,11267000.0,-443000.0,-1.06,4250000.0,0.37720777491790186,7447422000.0,32664000.0,7419880000.0,232861000.0,7407722000.0,0.0,-35293000.0,4690400.0,7134106400.0,28.552447552447553,31.86398752904093,0.9591971557406039,218.6978324761205,-5.664246580626692e-05,28.552447552447553,-0.03722752877785942,0.4162953758764534,-0.9643092105263157,0.14359539554249326,0.0,0.0,0.0,0.001512872508097433,31.83585916061513,-0.00016327797726515297,-7.752727272727273,0.37720777491790186,-1.9444444444444446,-0.27611734878667143,0.40628801519746366,-0.06026840413131065,-0.10280768418830484,-1.9658536585365853,-1.8552123552123552,-2.205580970422469,-0.17470191004878732,-0.132612699398579,Capital Markets,Financial Services,COHN
2019Q2,2019,Q2,2019-08-05,2019-06-30,-410000.0,11169000.0,518000.0,-0.36,4737000.0,0.42412033306473274,6469081000.0,33855000.0,6440603000.0,247942000.0,6427502000.0,0.0,-34077000.0,5227664.13,6140709664.13,29.595885686711092,25.976248477466505,0.9504532405762117,181.6145030276178,5.153747428248056e-05,29.595885686711092,-0.01211047112686457,0.4680512248186946,-3.187600079268293,0.1544133548958795,-1.1170731707317074,0.0,0.08761083126432608,0.0017265203511905322,25.94593896959773,-6.337839949754842e-05,8.054952434514638,0.42412033306473274,0.6603773584905661,0.7449696505479853,0.03613137058979341,-0.05950132702907744,-0.009203095586697343,0.6589018302828619,9.222222222222221,-1.5141385467230115,-0.1907493407027696,-0.07286056152717396,Capital Markets,Financial Services,COHN
2019Q1,2019,Q1,2019-05-06,2019-03-31,-1202000.0,11145000.0,-63000.0,-1.06,4781000.0,0.42898160610139074,4951327000.0,34352000.0,4920128000.0,273036000.0,4908591000.0,0.0,-33438000.0,7377189.6,4602465189.6,30.319505736981466,18.020070613398964,0.9299266641043906,134.03501979506288,-1.2811494554256901e-05,30.319505736981466,-0.0349906846762925,0.6619281830417227,-1.5343572379367718,0.21475284117373078,-0.050748752079866885,0.0,0.0082687314963411,0.0022509117252809195,17.99268960869629,-0.00024276320267273803,-0.7941000645855758,0.42898160610139074,-1.8648648648648651,0.24816658070519815,0.1090642573649153,-0.09350597981572042,-0.48010004349717267,-1.875598086124402,-1.027534965034965,-8.075511715683449,-0.04948741321271283,0.07613852897926882,Capital Markets,Financial Services,COHN
2018Q4,2018,Q4,2019-03-08,2018-12-31,-418000.0,15621000.0,2288000.0,-0.37,9196000.0,0.5886947058446963,5654452000.0,35774000.0,5630789000.0,333172000.0,5612014000.0,0.0,-31926000.0,9424740.0,5249441740.0,31.998211091234346,16.900546864682507,0.9292010967641073,146.8698775647118,-0.029699885145841844,31.998211091234346,-0.011684463576899425,0.603337814480507,-5.636806220095694,0.263452227874993,-0.5358851674641149,0.0,0.02376723389716852,0.0027626019285334814,16.89464000576279,-7.39240513492731e-05,-1.3813190678587133,0.5886947058446963,0.35087719298245607,0.8650875191955439,0.7331555179581395,-0.10042120212098342,0.8173913043478261,0.3579109062980031,5.426966292134831,0.8082493534411281,1.018266685806313,0.09088468647304213,Capital Markets,Financial Services,COHN
2018Q3,2018,Q3,2018-11-02,2018-09-30,-651000.0,12237000.0,356000.0,-0.57,5060000.0,0.41350004085968783,4820292000.0,36570000.0,4780847000.0,204440000.0,4777068000.0,0.0,-31284000.0,11453230.0,4556287230.0,31.92985734155343,23.385086088828018,0.9439262185776297,124.41892261416461,5.236769108910029e-05,31.92985734155343,-0.017801476620180477,0.9359508049358503,-4.398321812596007,0.3131864916598305,-0.3533026113671275,0.0,0.02008167128399587,0.002538642887194386,23.376345137937783,-0.0001350540589657224,-0.869051521359739,0.41350004085968783,-9.14285714285714,-5.490674884525353,-0.29842413517041533,-0.3187226270422412,-0.09658989466166756,-9.1375,-0.7410909090909091,-0.6240417290281954,0.25869531508634747,0.044170580116638096,Capital Markets,Financial Services,COHN
2018Q2,2018,Q2,2018-08-02,2018-06-30,80000.0,12190000.0,1375000.0,0.07,5601000.0,0.4594749794913864,2754761000.0,37749000.0,2714067000.0,187551000.0,2709821000.0,0.0,-30403000.0,12433058.6919,2496407058.6919,32.18380808904963,14.471087864100964,0.9077357346063778,66.24268192534902,0.00012460221820927665,32.18380808904963,0.0021192614373890697,1.0199391871944217,38.8533084121875,0.3293612729317333,5.9,0.0,0.03796330506406302,0.0044250662761669704,14.46171974556254,2.904063183702688e-05,1.683555679336493,0.4594749794913864,1.0555555555555556,1.016911510139266,-0.11777026628607114,-0.22876148805930815,0.3515926640926641,1.0542740841248304,4.819444444444445,1.3010746964488238,0.4322060103727613,0.0357061331448487,Capital Markets,Financial Services,COHN
2018Q1,2018,Q1,2018-05-03,2018-03-31,-1474000.0,9338000.0,-360000.0,-1.26,4144000.0,0.44377811094452774,2413045000.0,38238000.0,2375426000.0,188572000.0,2367336000.0,0.0,-30247000.0,12815162.68,2159109162.68,32.613034296650845,12.596917888127612,0.8943264630373656,56.4373136670328,-0.00016180665959200711,32.613034296650845,-0.03854804121554475,1.3723669608053115,-2.173535054274084,0.33514207542235475,-0.027137042062415198,0.0,0.003121302553765162,0.00386979936138779,12.585139893515475,-0.0006108464616283576,2.7762484142114383,0.44377811094452774,-2.4,0.6828943091372446,-0.35547598868316826,-0.3053851452886163,-0.3759975907242885,-1.9742233972240582,-1.1715102429728441,-2.4130550131565465,-0.056965617587580016,0.03584127926862554,Capital Markets,Financial Services,COHN
2017Q4,2017,Q4,2018-03-08,2017-12-31,1513000.0,11675000.0,2099000.0,0.9,6641000.0,0.5688222698072806,2036258000.0,39872000.0,2014795000.0,227653000.0,1988102000.0,0.0,-28497000.0,9615980.0,1723138980.0,33.25437864887406,8.850289695281855,0.8527681659200357,43.550762439807386,0.007579515258039545,33.25437864887406,0.03794642857142857,0.8236385438972162,1.5888929279576998,0.24117124799357945,0.15928618638466624,0.0,0.025062448133211596,0.005733556356807438,8.842303857186156,0.0007430296160899061,1.1523043738765728,0.5688222698072806,3.0,-0.5362434472721413,-0.6011101770172127,-0.364910234368116,0.26688286913391834,3.76599634369287,1.122345803842265,-0.3472768296190558,-0.18085451685285284,0.030965021903726905,Capital Markets,Financial Services,COHN
2017Q3,2017,Q3,2017-11-03,2017-09-30,-547000.0,10001000.0,989000.0,-0.45,5242000.0,0.5241475852414759,690255000.0,39200000.0,675854000.0,143275000.0,643015000.0,0.0,-29769000.0,13341086.0,483258086.0,32.3212068342862,4.717180247775257,0.7128524965411334,12.552295918367347,0.002287080179235389,32.3212068342862,-0.013954081632653062,1.333975202479752,-6.0973884826325415,0.3403338265306123,-0.4424131627056673,0.0,0.018139452815160623,0.014488848324170052,4.7040097714186,-0.0007924607572563762,9.087933242506812,0.5241475852414759,-2.5,-1.2399486703416458,-0.6761072792755426,-0.3579511470821706,-0.10008583690987125,-2.284037558685446,-0.42699884125144844,0.45853312874097885,0.1774349812167522,0.06377077562242559,Capital Markets,Financial Services,COHN
2017Q2,2017,Q2,2017-08-04,2017-06-30,426000.0,11374000.0,1726000.0,0.3,5825000.0,0.5121329347634956,699409000.0,39953000.0,684687000.0,179141000.0,651180000.0,0.0,-28980000.0,14113615.6,468210615.6,32.837425443271954,3.8220563690054203,0.6645796665470418,11.63399494405927,0.0034082680889023164,32.837425443271954,0.010662528470953371,1.2408665025496746,8.282638262910798,0.35325546517157663,1.1455399061032865,0.0,0.03457654040117119,0.016262301457373295,3.811556260152617,0.0006090856709021474,-7.200824285714286,0.5121329347634956,-0.4,1.1812360749370245,-0.5798574420353201,-0.32668504818293886,-0.20281921445189544,-0.36607142857142855,-0.3330757341576507,1.2491315842580224,-0.007969699866652013,0.04350839100064397,Capital Markets,Financial Services,COHN
2017Q1,2017,Q1,2017-05-04,2017-03-31,672000.0,14492000.0,2588000.0,0.5,7307000.0,0.5042092188793817,572883000.0,39658000.0,555969000.0,161193000.0,525113000.0,0.0,-29162000.0,13911172.4,360218172.4,33.069304784117264,3.4490889802907074,0.6240104873071814,9.014196379040799,0.00648316048193897,33.069304784117264,0.016944878712996117,0.9599208114821971,5.175287351190476,0.3507784658833022,0.020833333333333332,0.0,0.0010063853424748012,0.025296613793741478,3.441222633737197,0.001173014385136232,-0.698632603455203,0.5042092188793817,1.4999999999999998,1.151650978940616,-0.2806741352941266,-0.35957656163936236,0.13851667186039265,2.4111675126903553,0.05160503860219423,1.3971097937560755,0.3624768378800154,-0.011292357517232511,Capital Markets,Financial Services,COHN
2016Q4,2016,Q4,2017-03-14,2016-12-31,197000.0,13158000.0,2461000.0,0.2,6418000.0,0.4877640978872169,561271000.0,38782000.0,543549000.0,180612000.0,514509000.0,0.0,-29576000.0,14021770.0,323773770.0,32.91351947721294,3.009484419639891,0.5789859087677789,8.379351245423134,0.004200695151148671,32.91351947721294,0.0050796761384147284,1.0656459948320414,17.794124365482233,0.3615535557732969,1.2030456852791878,0.0,0.016902288370155834,0.023443220832717174,2.989419307687197,0.00035098909439468636,-16.79253892215569,0.4877640978872169,-0.7777777777777777,1.0743967092611126,-0.9046256722263584,-0.3966499876428024,-0.03139148807727136,-0.8107588856868396,-0.07167106752168993,1.0603292600345446,0.3851745695241688,-0.0746887630418261,Capital Markets,Financial Services,COHN
2016Q3,2016,Q3,2016-11-02,2016-09-30,1041000.0,14090000.0,2651000.0,0.9,6626000.0,0.4702625975869411,521375000.0,38866000.0,503990000.0,134778000.0,474742000.0,0.0,-29536000.0,12869630.0,334874630.0,32.91776065046159,3.739408508807075,0.636950371613522,8.544486183296454,0.006586742272035121,32.91776065046159,0.026784335923429218,0.9133875088715401,3.090689241114313,0.33112823547573716,0.22478386167146974,0.0,0.018182340906459624,0.027024694317909374,3.7107094629687336,0.0019966434907695996,30.49675355450237,0.4702625975869411,0.2857142857142858,1.2309350816694082,-0.3547897308817585,-0.41536072770781174,0.10858290112096369,0.25421686746987954,0.1995475113122172,11.068111485363962,-0.21639158293060187,-0.2976440433257602,Capital Markets,Financial Services,COHN
2016Q2,2016,Q2,2016-08-04,2016-06-30,830000.0,14365000.0,2210000.0,0.7,5977000.0,0.41608075182735815,584585000.0,38006000.0,565230000.0,135968000.0,539253000.0,0.0,-30343000.0,9762920.0,397772920.0,31.921720141105325,4.157081077900682,0.6768784693414986,10.411329790033152,0.005024577763369826,31.921720141105325,0.021838657054149346,0.6796324399582319,2.9406385542168674,0.25687838762300685,0.28795180722891567,0.0,0.02448038086965785,0.02457298767501732,4.129140680160037,0.00141981063489484,-7.313048689138577,0.41608075182735815,5.999999999999999,1.2254432987204276,-0.4024096464253951,-0.47000804627619364,0.1505293551491819,3.170854271356784,0.7484177215189873,1.1728512955197108,0.024202327912025562,-0.23504204747635635,Capital Markets,Financial Services,COHN
2016Q1,2016,Q1,2016-05-04,2016-03-31,199000.0,13735000.0,1264000.0,0.1,5195000.0,0.37823079723334546,398495000.0,37393000.0,375264000.0,143306000.0,354080000.0,0.0,-30934000.0,11281200.0,210216200.0,28.17435201928873,2.6186202950330064,0.5133063150102259,5.47027518519509,0.005033700554009359,28.17435201928873,0.005321851683470168,0.8213469239170004,14.172361809045226,0.3016928302088626,1.2261306532663316,0.0,0.021628904726447542,0.03446718277519166,2.5918523997599543,0.0004993789131607674,-1.5655287260616153,0.37823079723334546,1.0526315789473684,-0.5673759192284509,-0.6368250818793044,-0.5531048170007578,1.428705002337541,1.075293227393114,1.4197940883427433,1.0378204957805908,-0.16250642455151096,-0.399923255945695,Capital Markets,Financial Services,COHN
2015Q4,2015,Q4,2016-03-09,2015-12-31,-2643000.0,9384000.0,-3011000.0,-1.9,2139000.0,0.22794117647058823,308825000.0,39760000.0,284039000.0,98375000.0,262649000.0,0.0,-30889000.0,15723800.0,158466800.0,29.33234968646256,2.8873087674714104,0.5079187241965515,3.9451207243460766,-0.014614024204036619,29.33234968646256,-0.06647384305835011,1.6755967604433077,-1.4873060915626182,0.39546780684104627,-0.100264850548619,0.0,0.016853432376397564,0.030386141018376105,2.8459567979669633,-0.008558244960738282,4.149854842966482,0.22794117647058823,-5.333333333333333,-1.8055405304341103,-0.6924556409327061,-0.5068607523694947,-0.6364099949005609,-3.958724202626642,-6.396057347670251,-1.7165853999447633,-0.7164016320821144,-0.4398128654122752,Capital Markets,Financial Services,COHN
2015Q3,2015,Q3,2015-11-02,2015-09-30,-533000.0,12927000.0,558000.0,-0.3,5883000.0,0.4550939893246693,386292000.0,46569000.0,357549000.0,167469000.0,332082000.0,0.0,-27981000.0,22691210.0,166708210.0,30.579158185041695,2.135016032818014,0.4074534290122498,3.37984496124031,0.004155021073416697,30.579158185041695,-0.011445382121153556,1.7553345710528352,-10.643156660412759,0.4872599798148984,-0.5984990619136961,0.0,0.014058307159468356,0.03346432232611599,2.108933593680024,-0.001379785240181003,-23.036761421319795,0.4550939893246693,-0.4999999999999999,-365.9865283340994,-0.5735766812889038,-0.48889436387167856,0.20061224489795917,-0.5449275362318841,0.09197651663405088,-1.1862024291042539,-0.6665869295053817,-0.39255630098960476,Capital Markets,Financial Services,COHN
2015Q2,2015,Q2,2015-08-04,2015-06-30,-345000.0,11051000.0,511000.0,-0.2,4900000.0,0.4433987874400507,410709000.0,47323000.0,379151000.0,148502000.0,355560000.0,0.0,-27129000.0,21320600.0,209619600.0,31.074266202639702,2.5531710010639586,0.4898285647502246,4.251146377025971,0.0019920774647887323,31.074266202639702,-0.007290323943959597,1.9292914668355805,-15.449710144927536,0.45053356718720283,-0.881159420289855,0.0,0.014258510548483625,0.02690712889174574,2.519440815611911,-0.0008400108105739099,8.988448566610455,0.4433987874400507,0.5,-1.114683758376169,-0.7773089896305723,-0.47665104271387904,-0.058778332693046484,0.3817204301075269,0.8185053380782918,0.8827364459214287,-0.6738676055119918,-0.36283774478221953,Capital Markets,Financial Services,COHN
2015Q1,2015,Q1,2015-05-05,2015-03-31,-558000.0,12794000.0,281000.0,-0.4,5206000.0,0.40690948882288575,317597000.0,47696000.0,280757000.0,116981000.0,261945000.0,0.0,-26480000.0,23480950.0,157714950.0,31.484586441349265,2.4000222258315453,0.4386565364282408,2.9209158000670916,0.001634458266595288,31.484586441349265,-0.011699094263669909,1.8353095200875411,-10.520138888888889,0.4923043861120429,-0.546594982078853,0.0,0.012989252990189921,0.040283755828927854,2.357955565433703,-0.0017569435479554277,-2.4776775350849425,0.40690948882288575,-1.2105263157894737,-1.1303794973361805,-0.7807234719584488,-0.4522408195808863,-0.4870935960591133,-1.1930127983396748,-0.9334596258583945,0.9003145159567336,-0.4972807962610822,-0.39026637433830036,Capital Markets,Financial Services,COHN
2014Q4,2014,Q4,2015-03-09,2014-12-31,2891000.0,17776000.0,4223000.0,1.9,10150000.0,0.570994599459946,296087000.0,48235000.0,256514000.0,101856000.0,239593000.0,0.0,-25617000.0,26169500.0,143711500.0,32.255583790290224,2.518398523405592,0.4383677770385056,2.6908883590753603,0.02806586767638895,32.255583790290224,0.05993573131543485,1.4721815931593158,2.263014527845036,0.542541722815383,0.11034244206157039,0.0,0.012189762891916162,0.060036408217854886,2.463929469054351,0.009764022061083398,5.370305766468294,0.570994599459946,3.375,1.0130880480381728,1.036446486662158,-0.4092850209840009,1.56831983805668,3.303585657370518,8.243567753001715,1.8602686428980133,-0.8984747305371187,-0.4087108523312442,Capital Markets,Financial Services,COHN
2014Q3,2014,Q3,2014-11-03,2014-09-30,-1255000.0,10552000.0,-583000.0,-0.8,3952000.0,0.37452615617892343,276915000.0,45779000.0,236169000.0,121995000.0,223619000.0,0.0,-28189000.0,29983329.999999996,116976330.0,30.383619831419658,1.9358908151973442,0.3403246483577993,2.0586076585333886,-0.004319015110614248,30.383619831419658,-0.027414316608051728,2.8414831311599693,-5.972774900398406,0.654958168592586,-0.24063745019920318,0.0,0.010072263487744692,0.03810555585649026,1.8831755399811467,-0.00453207663001282,-15.173749999999998,0.37452615617892343,0.4285714285714285,0.9974827175740145,1.0184394591342598,-0.9131633582749333,-0.4072296385180741,0.40885539331135184,0.6487951807228916,0.7818296725388855,-0.6213501096747788,-0.4603685962582451,Capital Markets,Financial Services,COHN
2014Q2,2014,Q2,2014-08-01,2014-06-30,-2123000.0,14235000.0,-1660000.0,-1.4,6667000.0,0.46835265191429576,214714000.0,47536000.0,177472000.0,87859000.0,159137000.0,0.0,-26632000.0,30363060.000000004,81394060.0,31.46829074539918,2.019963805643133,0.2978799705654964,1.3454855267586672,-0.015367274563492959,31.46829074539918,-0.04466088858970044,2.132986301369863,-3.5754898728214797,0.6387382194547291,-0.15355628827131418,0.0,0.010736730751116653,0.0662974934098382,1.9496921203291637,-0.009887571374013804,-73.8760583941606,0.46835265191429576,0.0,-1.002263040520639,-0.9907092308856783,-0.9532055142534922,0.27793751198006517,-0.011916110581506196,0.018912529550827423,0.5455086415337744,-0.5332634438578615,-0.4775362725197617,Capital Markets,Financial Services,COHN
2014Q1,2014,Q1,2014-05-02,2014-03-31,-2098000.0,13187000.0,-1692000.0,-1.4,5217000.0,0.39561689542731476,287186000.0,49729000.0,259515000.0,127686000.0,228658000.0,0.0,-24207000.0,31520161.4868,98172161.4868,33.44700026903417,2.0324467835158124,0.3305801814851699,1.9091073619015062,-0.011737671115478786,33.44700026903417,-0.042188662551026566,2.3902450509441118,-3.7559772982364157,0.6338386351384504,-0.15776930409914203,0.0,0.01050121523452905,0.04591797650303288,1.9859734035054744,-0.0073053700389294745,21.828366680609417,0.39561689542731476,0.5,0.976304866690916,-0.8312039851442289,-0.32932901649955487,1.5436372501218918,0.47706879361914256,0.7570361860999426,-5.071429486144741,-0.6887445172028642,-0.4694712660730403,Capital Markets,Financial Services,COHN
2013Q4,2013,Q4,2014-03-07,2013-12-31,-4012000.0,11671000.0,-6964000.0,-2.8,2051000.0,0.17573472710136234,216795000.0,51495000.0,175274000.0,88436000.0,155612000.0,0.0,-21754000.0,28664458.5523,73925458.5523,35.57021482351316,1.981930435569225,0.269480384695219,1.1345179143606174,-0.04897644344617095,35.57021482351316,-0.07791047674531508,2.456041346268529,-1.7861701490715354,0.5566454714496553,-0.08200398803589232,0.0,0.01147762827613576,0.05383426739546576,1.910782939074585,-0.018505961853363777,-11.162172333450155,0.17573472710136234,-26.999999999999996,0.9921512463191503,11.127154146231954,-0.6673650896416048,-0.68720451425957,-37.57692307692308,-4.952136752136752,-2.1449119949398745,-0.6418633366240329,-0.4019889588245886,Capital Markets,Financial Services,COHN
2013Q3,2013,Q3,2013-11-04,2013-09-30,-104000.0,18086000.0,-1170000.0,-0.1,6557000.0,0.36254561539312175,273946000.0,55660000.0,229521000.0,64939000.0,206343000.0,0.0,-17433000.0,27552321.1876,134685321.18760002,46.86763219939373,3.534409214801583,0.47252378205923795,2.3256557671577434,-0.0009230137733170696,46.86763219939373,-0.001868487243981315,1.5234060150171405,-66.23154131634615,0.49501116039525694,-2.2403846153846154,0.0,0.008456637769773906,0.06602031057215656,3.4320670167387854,-0.000379636862739372,-40.34014815168375,0.36254561539312175,0.975,-1.00081564579179,-0.921101871779992,-0.8956016506351993,4.40560593569662,0.9778817524457678,0.8016276703967447,-92.3238396766588,-0.23495510548156534,-0.21664583360515838,Capital Markets,Financial Services,COHN
2013Q2,2013,Q2,2013-08-06,2013-06-30,-4702000.0,13734000.0,-5898000.0,-4.0,1213000.0,0.08832095529343235,357121000.0,48651000.0,313589000.0,154207000.0,294376000.0,0.0,-17090000.0,28913103.634149,148840103.63414901,41.7300323969358,2.033558787863067,0.363582651258257,2.6688660048097677,-0.0332074250044717,41.7300323969358,-0.09664755092392757,2.1052208849678897,-1.53727688399346,0.5942961837197386,-0.05827307528711187,0.0,0.009476672012352944,0.03845755360228046,1.9869590874603618,-0.013166405784033983,-26.284639667408182,0.08832095529343235,0.0,0.9704423197169204,-0.8926087897136978,-0.8778847149027565,1.2930056710775046,-0.04488888888888889,0.16600678733031674,-3.041708721242193,-0.6384848624808465,-0.29718794323139375,Capital Markets,Financial Services,COHN
2013Q1,2013,Q1,2013-05-10,2013-03-31,-4500000.0,14026000.0,-7072000.0,-4.0,529000.0,0.037715670896905744,336186000.0,53293000.0,286549000.0,127694000.0,266626000.0,0.0,-12140000.0,25766112.835071,144359112.835071,46.951247983606315,2.244028693595627,0.3818362454117661,2.408721595706753,-0.039000629444336944,46.951247983606315,-0.08443885688551968,1.8370250131948525,-1.4314507130595,0.48348024759482483,-0.051111111111111114,0.0,0.008926453185710665,0.041720952091996694,2.186805957993328,-0.013385447341650158,-5.448533058801226,0.037715670896905744,-2.5384615384615383,-1.0277299442992442,-0.9491409099058031,-0.8919826577600964,-0.960592967818832,-2.519756838905775,-5.677248677248677,-2.4032936330640493,-0.6791658626080984,-0.18315658479226885,Capital Markets,Financial Services,COHN
2012Q4,2012,Q4,2013-03-07,2012-12-31,2961000.0,26564000.0,1512000.0,2.6,13424000.0,0.5053455804848668,341001000.0,56980000.0,287026000.0,153458000.0,265213000.0,0.0,-7370000.0,13058400.0,94678400.0,52.36169821723948,1.8703879888959847,0.2818760062287207,1.6869076869076869,0.012020124631489753,52.36169821723948,0.05196560196560197,0.4915825929829845,1.102532928064843,0.22917514917514917,0.10368118878757177,0.0,0.023509771488084297,0.0779000648091941,1.827379478424064,0.008683258993375386,2.6221686746987953,0.5053455804848668,1.063296812749004,1.0022153271278988,-0.7914605879576249,1.0129564728167226,0.0,0.47460159362549803,-0.5209125475285171,1.0184210274966992,1.0748451657719478,-0.04107023252979567,Capital Markets,Financial Services,COHN
2012Q3,2012,Q3,2012-11-08,2012-09-30,2008000.0,27198000.0,3156000.0,1.2601192343897083,0.0,0.0,440579000.0,53779000.0,12876000.0,368000000.0,375286000.0,0.0,-10024000.0,13460580.0,26230580.0,50.3407282598521,0.034989130434782606,0.058209764877581546,0.4768775916249837,0.039024624678745276,50.3407282598521,0.03733799438442515,0.4949106551952349,1.6758690239043823,0.2502943528142956,0.10806772908366534,0.0,0.016121147825725192,0.061732402134463966,0.06456521739130434,0.004557638925141688,1.5765495432185523,0.0,1.663220649678794,1.0022492412234372,-0.7155607541307701,1.0237248941931523,0.0,1.9663137632338787,2.0164251207729467,1.0056804859028101,1.0670322697306454,-0.8561257740738568,Capital Markets,Financial Services,COHN
2012Q2,2012,Q2,2012-08-09,2012-06-30,-2078000.0,23933000.0,-3105000.0,-1.9,0.0,0.0,497064000.0,52458000.0,12944000.0,424000000.0,425561000.0,0.0,-11487000.0,9142812.5,22929812.5,48.769785008715864,0.030528301886792453,0.053777783142613424,0.5095695604102329,-0.040005556327267676,48.769785008715864,-0.03961264249494834,0.38201698491622443,-1.0999533806544755,0.17428824011590224,-0.10346487006737247,0.0,0.023515739822948353,0.04814872933867671,0.06806367924528302,-0.004180548178906539,1.6236569881015805,0.0,0.4864864864864865,0.9775365320625751,-0.7234774383124712,-0.9289189507773168,0.0,0.46151852811609223,0.4736395999321919,-1.0031108313857646,-0.9780628639060053,-0.927477566928726,Capital Markets,Financial Services,COHN
2012Q1,2012,Q1,2012-05-04,2012-03-31,-3859000.0,17545000.0,-5899000.0,-3.7,0.0,0.0,484003000.0,53928000.0,14070000.0,399000000.0,410048000.0,0.0,-9194000.0,14203500.0,37061500.0,51.636624775583485,0.035263157894736843,0.07629704774557182,0.6847648716807595,-0.06482785946993044,51.636624775583485,-0.07155837412846759,0.8095468794528355,-0.9201541850220264,0.2633789497107254,-0.055454781031355274,0.0,0.01506670890977576,0.03624977531131005,0.10755388471177944,-0.00797309107588176,-3.0917501088376143,0.0,-0.6464369407754582,-1.1717832660655398,-0.61212699226908,-0.9285912232049682,0.0,-0.6442266723476778,0.0,0.9379524644870396,-0.6802830652259718,0.035404838829334324,Capital Markets,Financial Services,COHN
2011Q4,2011,Q4,2012-03-09,2011-12-31,-2347000.0,122281000.0,0.0,-2.247277079593058,0.0,0.0,415059000.0,56972000.0,18221000.0,327000000.0,329156000.0,0.0,-5121000.0,15039000.0,31444000.0,54.55128665469778,0.055721712538226296,0.08954630546500618,0.6523730955557115,0.0,54.55128665469778,-0.04119567506845468,0.12298721796517856,-1.6019386450788242,0.26397177560907115,-0.21815083084789091,0.0,0.0340448168096283,0.294611127574634,0.2994954128440367,-0.00565461777723167,-2.264909638554217,0.0,0.4086112948439321,-1.0455278148413945,0.7598572329806899,-0.9303401892376754,0.0,0.41977750309023487,1.0,0.993635343465298,175.12942514183123,-0.48986357163281474,Capital Markets,Financial Services,COHN
2011Q3,2011,Q3,2011-11-09,2011-09-30,-4045000.0,19596000.0,-8256000.0,-3.8,0.0,0.0,316041000.0,59654000.0,25633000.0,220000000.0,225128000.0,0.0,-2262000.0,20130329.0,35281329.0,56.30439522374423,0.11651363636363636,0.12904654775804406,0.6836758641499313,-0.07651486489177403,56.30439522374423,-0.06780769101820498,1.0272672484180445,-1.2441488875154512,0.3374514533811647,-0.12682323856613104,0.0,0.0254839352103982,0.06200461332548625,0.31573181818181817,-0.012798972285241472,-1.2951379399086405,0.0,-0.22580645161290314,-1.0550945250741597,-0.8509952390985888,-0.94094074431726,0.0,-0.19994067042420646,-0.5907514450867052,-1.0355598322478625,-0.9041781566051164,-0.8745811203276809,Capital Markets,Financial Services,COHN
2011Q2,2011,Q2,2011-08-11,2011-06-30,-3371000.0,22010000.0,-5190000.0,-3.1,0.0,0.0,448451000.0,65660000.0,50160000.0,348000000.0,351101000.0,0.0,2296000.0,36955883.780288,28935883.780288003,60.23057504329703,0.14413793103448275,0.09396790284780276,0.6417910447761194,-0.04691094619666048,60.23057504329703,-0.05134023758757234,1.6790496946973195,-2.7407211346994957,0.5628370968670119,-0.08335805398991397,0.0,0.0076036606693162985,0.049080055569058825,0.16635632183908047,-0.007516986248218869,-5.233061990978194,0.0,-11.333333333333334,0.9755341635424271,-0.8248540645269331,-0.9418515832255192,0.0,-9.989333333333333,-50.42857142857143,0.9773376127900635,-0.8159436026458734,-0.8237462704792144,Capital Markets,Financial Services,COHN
2011Q1,2011,Q1,2011-05-06,2011-03-31,375000.0,30832000.0,105000.0,0.3,0.0,0.0,59732000.0,68214000.0,49548000.0,331000000.0,348597000.0,0.0,6212000.0,49771770.0,43481770.0,63.04465362594097,0.1496918429003021,0.7242014330677023,0.6341513472307737,0.0019451072915171524,63.04465362594097,0.005497405224733925,1.6142893746756617,33.18118,0.7296415691793474,2.1573333333333333,0.0,0.016254193893446022,0.5161722359874105,0.16903625377643505,0.0062780419205785845,2.214440736785905,0.0,-0.8760601374570447,-0.9628788697723987,-0.043299764051708343,-0.9397512342071752,0.0,-0.856815578465063,-0.9911295091661738,-0.997575816308017,-0.8827172277550009,-0.8549577227534565,Capital Markets,Financial Services,COHN
2010Q4,2010,Q4,2011-03-04,2010-12-31,2619000.0,24356000.0,11837000.0,2.420528745511763,0.0,0.0,47177000.0,64358000.0,43946000.0,197000000.0,217239000.0,0.0,6382000.0,46958583.0,47700583.0,59.48086636259872,0.22307614213197968,0.9472412404349577,0.6943658907983468,0.16643795595170752,59.48086636259872,0.0406942415861276,1.9280088273936606,4.482491695303551,0.7296463998259735,0.29744177166857577,0.0,0.01658908659999387,0.5162685206774488,0.2586040609137056,0.05551433961464273,-10.316033172231986,0.0,3802.1420265343186,-0.16868725871358306,-0.057950130913472564,-0.9417682668534425,0.0,2618.0,2.3920969069740092,1.0019706905065326,-0.8076978648506692,1.0147180525915105,Capital Markets,Financial Services,COHN
2010Q3,2010,Q3,2010-11-09,2010-09-30,1000.0,20759000.0,-8503000.0,0.000636454996585419,0.0,0.0,47013000.0,62393000.0,43069000.0,198000000.0,221643000.0,0.0,4285000.0,46302451.199999996,51664451.199999996,59.829428641566174,0.21752020202020203,1.0301618701210304,0.7762248970237046,-0.013848959624713738,59.829428641566174,1.60274389755261e-05,2.230475995953562,11575.612799999999,0.7421097110252752,0.0,0.0,0.0,0.44155871780145917,0.31787373737373736,2.1270712356156808e-05,15.590050909090907,0.0,-0.9996817725017073,1.000072159544614,-0.2456004698243914,-0.9413294203259339,0.0,-0.9995145631067961,-3.9575652173913043,1.00000114747846,-0.777601837955102,1.0281967884300545,Capital Markets,Financial Services,COHN
2010Q2,2010,Q2,2010-08-05,2010-06-30,2060000.0,33982000.0,2875000.0,2.0,0.0,0.0,40496000.0,61920000.0,30945000.0,190000000.0,212662000.0,0.0,4805000.0,52142450.0,68395450.0,59.375806085061214,0.16286842105263158,1.1654978269458711,0.7622416020671835,0.023469867061586457,59.375806085061214,0.0332687338501292,1.5344138073097522,6.3279672330097085,0.842093830749354,0.0,0.0,0.0,0.839144606874753,0.48878947368421055,0.050869221651521135,-5.453090357665761,0.0,-0.28571428571428564,1.0406280657676295,0.22826758720100435,-0.9433018616059677,0.0,-0.2933104631217839,-0.32464176650223164,1.0229687806239514,-0.5950309578123294,-0.9134608734852027,Capital Markets,Financial Services,COHN
2010Q1,2010,Q1,2010-05-07,2010-03-31,2915000.0,39740000.0,4257000.0,2.8,0.0,0.0,38731000.0,59307000.0,29180000.0,204000000.0,228095000.0,0.0,2745000.0,58193802.0,76053802.0,57.478884091470775,0.1430392156862745,1.2145309958431232,0.7931610096615914,0.0344999641463777,57.478884091470775,0.049151027703306524,1.4643634121791647,4.990892109777016,0.981229905407456,0.0,0.0,0.0,1.0260514833079446,0.7119607843137254,0.07526270945754047,-2.3646404713531086,0.0,1.0189558034249722,-0.7953286304282859,0.15966623922459558,-0.9488587383044185,0.0,1.0191260415983203,1.0156201267369456,-0.8686580453357481,-0.11075202010970414,-0.9205119075393913,Capital Markets,Financial Services,COHN
2009Q4,2009,Q4,2010-03-10,2009-12-31,-152410000.0,-336526000.0,-272533000.0,-147.7120192284395,0.0,0.0,79243000.0,56341000.0,69692000.0,180000000.0,221791000.0,0.0,-170000.0,50558445.0,42827445.0,54.6043099229021,0.3871777777777778,0.7819113360170614,1.09974973820131,-2.075450264955938,54.6043099229021,-2.7051348041390817,-0.15023637103819615,-0.082931639984253,0.8973650627429404,0.0,0.0,0.0,-4.246759966179978,0.5309555555555555,-1.9233244576808046,-1.7804777081279053,0.0,0.55374012317692,-27.486817307274553,-9.360962386776556,-0.9521345774762264,0.0,0.22684753053853335,-0.014903307253166301,-3.9925128157755663,-5.902255228350323,-0.9302724806453467,Capital Markets,Financial Services,COHN
2009Q3,2009,Q3,2009-11-09,2009-09-30,-197128000.0,-226268000.0,-268531000.0,-331.0,0.0,0.0,3889363000.0,208449000.0,90122000.0,166000000.0,3552348000.0,0.0,-264791000.0,74468625.0,3297111625.0,349.8939989827931,0.5429036144578313,0.8517500166479703,15.892448512585812,-0.07730487269447413,349.8939989827931,-0.945689353271064,-0.32911691003588667,-0.09444196790917576,0.3572510542147,0.0,0.0,0.0,-0.05817610750140833,0.6333072289156626,-0.050683878054066954,8.673261705101329,0.0,-1.5330112721417068,-25.129876199859016,-13.122646228102568,-0.6918753232290472,0.0,-1.527552754472589,-1.4879853166995285,-5.774986887709986,-4.0597771855698035,-0.6329863935903414,Capital Markets,Financial Services,COHN
2009Q2,2009,Q2,2009-08-17,2009-06-30,373665000.0,610282000.0,550285000.0,621.0,0.0,0.0,4057590000.0,404625000.0,88922000.0,243000000.0,3449405000.0,0.0,-67664000.0,47533668.0,3177449668.0,672.4786103189007,0.36593415637860083,0.7932881340894472,7.955113994439295,0.14955444556767933,672.4786103189007,0.9234847080630213,0.07788803864442995,0.0318023282887078,0.11747585542168675,0.0,0.0,0.0,0.15040504338782382,0.45194650205761316,0.09209037877163538,4.037172413793104,0.0,11.35,378.5144913565966,60.87500557631604,-0.4164305662772679,0.0,11.427957469371808,20.129036743490804,5.913527241869708,7.798734500783055,-0.3507688333269716,Capital Markets,Financial Services,COHN
2009Q1,2009,Q1,2009-05-11,2009-03-31,-35833000.0,31617000.0,-28767000.0,-60.0,0.0,0.0,3603929000.0,30008000.0,87666000.0,75000000.0,3538276000.0,0.0,-441329000.0,28882224.0,3190338224.0,49.87095176604129,1.16888,0.9015499472936342,108.27519328179152,-0.013099511150823542,49.87095176604129,-1.1941149026926152,0.9135029888983774,-0.20150576284430552,0.9624841375633164,0.0,0.0,0.0,0.008772925326775306,1.4725733333333333,-0.009942759693656562,1.9682584162464223,0.0,0.8300701789067906,0.1848024096432595,91.48792946138774,-0.991030685417463,0.0,0.8313399887977332,0.9019833657590863,-7.378358888984764,0.7641304748021323,-0.9523407121776754,Capital Markets,Financial Services,COHN
2008Q4,2008,Q4,2009-03-05,2008-12-31,-212457000.0,400000.0,-293491000.0,-353.086936795449,0.0,0.0,3934931000.0,64344000.0,86035000.0,32000000.0,3827539000.0,0.0,-403874000.0,26475372.0,3453420372.0,106.9347014274247,2.68859375,0.8927678782677511,54.59685440755937,-0.07467945204229098,106.9347014274247,-3.301892950391645,66.18843,-0.031153800533755067,0.41146605744125325,0.0,0.0,0.0,0.0001016536249301449,3.6709375,-0.05399256047945949,0.960505441880714,0.0,-4.299877913976159,-64.31339343498496,-0.9829585764292447,-0.9062624420397544,0.0,-4.316842039529147,-4.189599521817095,-122.26510370269928,-0.9721795738076567,-0.8953109902658698,Capital Markets,Financial Services,COHN
2008Q3,2008,Q3,2008-11-05,2008-09-30,64054000.0,115157000.0,92015000.0,107.0,0.0,0.0,4987353000.0,267833000.0,96219000.0,271000000.0,4614916000.0,0.0,-191417000.0,53694180.0,4406593180.0,448.93077797258474,0.35505166051660514,0.8920800272208524,16.611537786605833,0.020084562545761225,448.93077797258474,0.2391564893049027,0.46626935401234837,0.20956606925406687,0.20047634160092295,0.24380991038811003,0.0,0.2908508892397649,0.023089803348589923,0.48078228782287824,0.012843285807120531,3.0339123064753077,0.0,1.786764705882353,6.829457131673412,5.160887135895422,-0.6046612652475426,0.0,1.7888035072163933,2.0541540647053433,9.07934859690245,6.315122956764827,-0.5597646580418442,Capital Markets,Financial Services,COHN
2008Q2,2008,Q2,2008-08-06,2008-06-30,-81204000.0,65282000.0,-87288000.0,-136.0,0.0,0.0,6266060000.0,203370000.0,135971000.0,240000000.0,5987901000.0,0.0,-255471000.0,119025000.0,5805694000.0,341.72652804032765,0.5665458333333333,0.9292346386724673,28.63077150022127,-0.013973279786200877,341.72652804032765,-0.3992919309632689,1.823243773168714,-0.3664382296438599,0.5852633131730344,-0.1864070735431752,0.0,0.12717496324301616,0.01041834901038292,0.7126208333333334,-0.012959339680756328,8.284033964365257,0.0,-1.951048951048951,-84.38528320380871,5.691818976253474,-0.7034535323555341,0.0,-1.956612908925984,-1.6801574005532396,-1.8064000764111405,3.134764144230225,-0.6736842957216304,Capital Markets,Financial Services,COHN
2008Q1,2008,Q1,2008-05-09,2008-03-31,84887000.0,144259000.0,128335000.0,143.0,0.0,0.0,7874924000.0,258080000.0,135220000.0,361000000.0,7536476000.0,0.0,-159028000.0,170998848.0,7291798848.0,434.6639808941871,0.3745706371191136,0.9214082574003254,28.115390576565407,0.017165570932031,434.6639808941871,0.3289173899566026,1.1853599983363257,0.503607289691001,0.6625807811531308,0.22111748559850153,0.0,0.10976682135308888,0.018318779965368556,0.4903601108033241,0.010779405617120876,2.0477677743847673,0.0,1.1164244560023147,2.957084605520276,426.6574211306967,-0.9218254746645406,0.0,1.1163988443348687,1.1781923202421534,9.357540811876504,6.315516593691222,-0.6132620744484589,Capital Markets,Financial Services,COHN
2007Q4,2007,Q4,2008-03-12,2007-12-31,-729277000.0,69502000.0,-720205000.0,-1228.2642746224817,0.0,0.0,8935376000.0,-2399538000.0,80176000.0,115000000.0,11315371000.0,0.0,-1335983000.0,194748688.0,11211355688.0,-4041.354383861112,0.6971826086956522,1.241893234263449,-4.624549809171599,-0.0832079726061688,-4041.354383861112,0.30392392202165586,2.802058760898967,-0.06676087686846013,-0.08116091014186898,-0.02573781978589754,0.0,0.09638062362710244,0.007778296067227613,1.1302782608695652,-0.08161682283991183,6.222002811501597,0.0,-0.4692156395005762,-221.24484951806903,2.0007642666804544,-4.542598293521949,0.0,-0.46852824383210767,-0.4581380423185084,-221.24484951806903,2.0007642666804544,-4.542598293521949,Capital Markets,Financial Services,COHN
2007Q3,2007,Q3,2007-11-09,2007-09-30,-496604000.0,53190000.0,-493921000.0,-836.0,0.0,0.0,10133678000.0,-1260930000.0,91143000.0,174000000.0,11375735000.0,0.0,-587936000.0,299506536.0,11428993536.0,-2121.852592892998,0.5238103448275863,1.1072613517027086,-8.898693821227189,-0.04941443917057122,-2121.852592892998,0.3938394676944795,5.630880541455161,-0.1507773477458901,-0.2375282815065071,0.0,0.0,0.0,0.005248834628453756,0.8316494252873563,-0.04900530685897065,13.072038058659217,0.0,-8.720930232558139,-61.94029406965318,1.8568789420323377,-2.868552036449516,0.0,-9.51748310989686,-11.083102967438903,-61.94029406965318,1.8568789420323377,-2.868552036449516,Capital Markets,Financial Services,COHN
2007Q2,2007,Q2,2007-08-09,2007-06-30,-47217000.0,44177000.0,-40877000.0,-86.0,0.0,0.0,11455192000.0,376693000.0,113661000.0,303000000.0,10905017000.0,0.0,-72564000.0,446355699.0,11161524699.0,686.1151536456579,0.3751188118811881,0.9453206895179059,28.747096441930164,-0.003664463971953676,686.1151536456579,-0.1253461041219242,10.103802861217375,-2.3633209384331915,1.1849322896894818,-0.3477772836054811,0.0,0.03678904523183875,0.0038565045439657407,0.5265280528052805,-0.004121886390031699,11.899328170403349,0.0,-5.095238095238095,-53.55669313186029,3.908678734425105,-0.4045969261509932,0.0,-5.008914926133469,0.0,-53.55669313186029,3.908678734425105,-0.4045969261509932,Capital Markets,Financial Services,COHN
2007Q1,2007,Q1,2007-05-10,2007-03-31,11778000.0,23716000.0,0.0,21.0,0.0,0.0,10369797000.0,395950000.0,13111000.0,1391000000.0,9825802000.0,0.0,-8927000.0,476927373.0,10183913373.0,723.1131394926246,0.009425593098490295,0.9373468930973287,24.548799090794294,0.0,723.1131394926246,0.02974618007324157,20.10994151627593,10.123267384105961,1.2045141381487563,1.412548819833588,0.0,0.034883718028908356,0.0022870264480587227,0.040973400431344356,0.0011357985117741456,10.583803936798189,0.0,-0.5745588648808643,1.2944466163452821,75.23618225969736,-0.8699477552122477,0.0,-0.5642296877312417,-1.0,1.2944466163452821,75.23618225969736,-0.8699477552122477,Capital Markets,Financial Services,COHN
