Quarters,Year,Quarter,FillingDate,Date,NetIncome,Revenue,OperatingIncome,EPSDiluted,GrossProfit,GrossProfitRatio,TotalAssets,CommonStockEquity,CurrentAssets,CurrentLiability,TotalLiability,Inventory,RetainedEarnings,MarketCap,EnterpriseValue,bookValuePerShare,currentRatio,debtToAssets,debtToEquity,roic,shareholdersEquityPerShare,roe,priceToSalesRatio,peRatio,pbRatio,payoutRatio,inventoryTurnover,dividendYield,assetTurnover,quickRatio,returnOnAssets,priceToFreeCashFlowsRatio,grossProfitMargin,epsdilutedGrowth,fiveYNetIncomeGrowthPerShare,fiveYRevenueGrowthPerShare,fiveYShareholdersEquityGrowthPerShare,grossProfitGrowth,netIncomeGrowth,operatingIncomeGrowth,threeYNetIncomeGrowthPerShare,threeYRevenueGrowthPerShare,threeYShareholdersEquityGrowthPerShare,Industry,Sector,Symbol
2023Q1,2023,Q1,2023-04-27,2023-03-31,862000000.0,6480000000.0,314000000.0,0.79,4290000000.0,0.662037037,10488000000.0,34562000000.0,0.0,13893000000.0,100194000000.0,0.0,0.0,21820000000.0,78007000000.0,31.679193400549956,0.0,5.357265446224257,1.6256871708813148,0.0032720783933252247,31.679193400549956,0.024940686302875992,3.367283950617284,6.32830626450116,0.6313292054857936,0.3306264501160093,0.0,0.01306141154903758,0.6178489702517163,0.0,0.08218916857360793,727.3333333333334,0.6620370370370371,7.076923076923077,-0.15249528062368833,-0.05028672400043671,0.03205683854192905,0.056910569105691054,7.201438848920863,-0.1693121693121693,-0.15249528062368833,-0.05028672400043671,0.03205683854192905,,,SOJE
2022Q4,2022,Q4,2023-02-16,2022-12-31,-139000000.0,7047000000.0,378000000.0,-0.13,4059000000.0,0.5759897829,134891000000.0,30408000000.0,10416000000.0,15724000000.0,100359000000.0,1664000000.0,10036000000.0,18443050000.0,71376050000.0,28.605832549388523,0.6624268633935385,0.40662460801684325,1.8038016311496974,0.002574565350384076,28.605832549388523,-0.0045711654827676924,2.6171491414786434,-33.170953237410075,0.6065196658774007,-5.330935251798561,1.7956730769230769,0.040177736328861006,0.05224218072369543,0.650661409310608,-0.001030461631984343,14.352568093385214,0.5759897828863346,-1.0935251798561152,0.0,0.0,0.0,-0.19078947368421054,-1.0934767989240082,-0.8423028785982478,0.0,0.0,0.0,,,SOJE
2022Q3,2022,Q3,2022-10-27,2022-09-30,1487000000.0,8378000000.0,2397000000.0,1.39,5016000000.0,0.5987109095,134005000000.0,35476000000.0,10363000000.0,12801000000.0,98287000000.0,1657000000.0,9916000000.0,20197000000.0,73606000000.0,33.373471307619944,0.8095461292086555,0.3985597552330137,1.5054966738076445,0.020725122004207324,33.373471307619944,0.041915661292141165,2.4107185485796134,3.395595158036315,0.5693144661179389,0.49831876260928043,2.028968014484007,0.036688617121354655,0.06252005522182008,0.0,0.01109660087310175,14.045201668984701,0.5987109095249463,0.36274509803921556,0.2709401709401709,0.3430586726514909,0.06794304464312596,0.0831353919239905,0.3654729109274564,0.26224328593996843,0.2709401709401709,0.3430586726514909,0.06794304464312596,,,SOJE
2022Q2,2022,Q2,2022-07-28,2022-06-30,1089000000.0,7206000000.0,1899000000.0,1.02,4631000000.0,0.6426588954,130769000000.0,33013000000.0,9781000000.0,11487000000.0,97514000000.0,1641000000.0,9620000000.0,20250150000.0,73936150000.0,31.056444026340547,0.851484286584835,0.4237242771604891,1.6784297095083756,0.01647348042251576,31.056444026340547,0.032987005119195466,2.810179017485429,4.64879476584022,0.6133992669554418,0.6639118457300276,1.5691651432053626,0.035703439233783454,0.05510480312612316,0.8840428310263776,0.008327661754697215,10.191318570709612,0.6426588953649737,0.09677419354838705,1.9917582417582418,0.3863024240092345,0.008153667623526623,0.11832890606133784,0.09889001009081735,0.13917216556688664,1.9917582417582418,0.3863024240092345,0.008153667623526623,,,SOJE
2022Q1,2022,Q1,2022-04-28,2022-03-31,991000000.0,6648000000.0,1667000000.0,0.93,4141000000.0,0.6228941035,128639000000.0,32629000000.0,9297000000.0,10434000000.0,95719000000.0,1571000000.0,9506000000.0,23715530000.0,76782530000.0,30.695202257761053,0.89102932719954,0.4254464042786402,1.6773115939808145,0.01624626718714609,30.695202257761053,0.030371755187103496,3.5673179903730445,5.982727043390514,0.7268236844524809,0.7083753784056509,1.5957988542329726,0.02960085648518081,0.05167950621506697,0.9979873490511788,0.0077037290401822155,14.896689698492462,0.6228941034897714,14.296052631578949,0.0,0.0,0.0,-0.5954079140205178,14.246153846153845,2.17477096546864,0.0,0.0,0.0,,,SOJE
2021Q4,2021,Q4,2022-02-17,2021-12-31,65000000.0,11677000000.0,-1419000000.0,0.0608,10235000000.0,0.8765093774,127534000000.0,32276000000.0,8965000000.0,10921000000.0,94967000000.0,0.0,8862000000.0,27638000000.0,77400000000.0,30.363123236124178,0.8208955223880597,0.4042843477033575,1.5974718056760442,-0.0015071009479041603,30.363123236124178,0.002013880282562895,2.3668750535240215,106.3,0.8563018961457429,42.723076923076924,0.0,0.10047760329980462,0.09155989775275612,0.9814119586118487,0.0005096680100992677,4.480142648727509,0.8765093774085809,-0.9409708737864078,0.0,0.0,0.0,0.6950977144749917,-0.9444444444444444,-1.8235635519442832,0.0,0.0,0.0,,,SOJE
2021Q3,2021,Q3,2021-11-04,2021-09-30,1170000000.0,6238000000.0,1723000000.0,1.03,6038000000.0,0.9679384418082719,127861000000.0,33219000000.0,9674000000.0,11259000000.0,94351000000.0,0.0,8916000000.0,27212800000.0,74684800000.0,31.250235183443085,0.8592237321254108,0.3875302085858862,1.4916162437159457,0.016434452003705937,31.250235183443085,0.035220807369276616,4.362423853799295,5.814700854700855,0.8191938348535477,0.0,0.0,0.0,0.04878735501834023,0.29807265298872015,0.009150561938354932,0.0,0.9679384418082719,1.942857142857143,0.0,0.0,0.0,0.24136513157894737,2.2142857142857144,1.4336158192090396,0.0,0.0,0.0,,,SOJE
2021Q2,2021,Q2,2021-07-29,2021-06-30,364000000.0,5198000000.0,708000000.0,0.35,4864000000.0,0.93574451712197,125907000000.0,32746000000.0,9551000000.0,11660000000.0,92870000000.0,0.0,8710000000.0,27446660000.0,75094660000.0,30.805268109125116,0.8191252144082333,0.39100288308036885,1.503389726989556,0.0012100834658656456,30.805268109125116,0.011115861479264643,5.280234705656022,18.85072802197802,0.8381683259024003,0.0,0.0,0.0,0.04128444010261542,0.2460548885077187,0.002891022739005774,0.0,0.93574451712197,0.0,0.0,0.0,0.0,0.0,0.0,0.0,0.0,0.0,0.0,,,SOJE
2020Q4,2020,Q4,2021-02-18,2020-12-31,3496000000.0,20375000000.0,4885000000.0,2.93,19076000000.0,0.9362453987730062,122935000000.0,27972000000.0,8617000000.0,12079000000.0,90410000000.0,0.0,11311000000.0,0.0,44617000000.0,0.0,0.7133868697739879,0.37159474519054786,1.6331331331331331,0.06632362125614359,0.0,0.12498212498212498,0.0,0.0,0.0,,0.0,,0.16573799162158864,0.20092722907525457,0.0284377923292797,0.0,0.9362453987730062,0.0,0.0,0.0,0.0,0.0,0.0,0.0,0.0,0.0,0.0,,,SOJE
