Quarters,Year,Quarter,FillingDate,Date,NetIncome,Revenue,OperatingIncome,EPSDiluted,GrossProfit,GrossProfitRatio,TotalAssets,CommonStockEquity,CurrentAssets,CurrentLiability,TotalLiability,Inventory,RetainedEarnings,MarketCap,EnterpriseValue,bookValuePerShare,currentRatio,debtToAssets,debtToEquity,roic,shareholdersEquityPerShare,roe,priceToSalesRatio,peRatio,pbRatio,payoutRatio,inventoryTurnover,dividendYield,assetTurnover,quickRatio,returnOnAssets,priceToFreeCashFlowsRatio,grossProfitMargin,epsdilutedGrowth,fiveYNetIncomeGrowthPerShare,fiveYRevenueGrowthPerShare,fiveYShareholdersEquityGrowthPerShare,grossProfitGrowth,netIncomeGrowth,operatingIncomeGrowth,threeYNetIncomeGrowthPerShare,threeYRevenueGrowthPerShare,threeYShareholdersEquityGrowthPerShare,Industry,Sector,Symbol
2023Q1,2023,Q1,2023-05-09,2023-03-31,7778000.0,82388000.0,46813000.0,0.18,79769000.0,0.96821139,2533230000.0,1267489000.0,349259000.0,68620000.0,1244634000.0,0.0,2365674000.0,2237991312.36,3400130312.36,29.21239338997199,5.089755173418828,0.464234988532427,0.9278297484238522,0.004359245831294965,29.21239338997199,0.006136542407863105,27.164044671068602,71.93337980071998,1.7656889427521658,5.020570840833119,0.0,0.017448682568307696,0.03252290553956806,4.6770183619935874,0.0030703883974214736,72.0816578317444,0.9682113900082536,1.75,-0.8062764806244079,0.08408226396453453,-0.08078560038299007,0.1656510747738664,1.7572777723688053,2.3430693422837963,-0.8689417010615903,0.019714336279157373,-0.12857286092809475,REIT—Healthcare Facilities,Real Estate,NHI
2022Q4,2022,Q4,2023-02-21,2022-12-31,-10271000.0,70669000.0,14003000.0,-0.24,68433000.0,0.9683595353,2507424000.0,1270225000.0,379816000.0,70007000.0,1217518000.0,0.0,-329636000.0,2265760107.24,3393980107.24,29.275451221886083,5.425400317111146,0.4576453762905675,0.9033919187545514,-0.03818189574975887,29.275451221886083,-0.008085969021236395,32.06158438976071,-55.149452517768474,1.7837470583872936,-3.8019667023658847,0.0,0.017234834294778074,0.02818390507548783,4.775079634893653,-0.004096235818114527,48.325906094486506,0.9683595352983628,-1.4528301886792452,-1.2600995285640886,-0.04836513793552113,-0.08035987287355688,-0.07447930754665945,-1.4384444634167164,-0.5362016428192898,-1.2483695756268365,-0.12597956077575356,-0.13778836766789,REIT—Healthcare Facilities,Real Estate,NHI
2022Q3,2022,Q3,2022-11-08,2022-09-30,23426000.0,76298000.0,30192000.0,0.53,73940000.0,0.9690948649,2508785000.0,1306370000.0,350547000.0,67141000.0,1182140000.0,0.0,-292449000.0,2506538786.75,3592726786.75,29.462578632486824,5.2210571781772686,0.44443784541122494,0.8535093426823948,0.008533650111754046,29.462578632486824,0.017932132550502536,32.85195924860416,26.749538832387092,1.9187051040287209,1.7156151284897123,0.0,0.01603406267337706,0.030412331068624853,4.735392681074157,0.009337587716763294,58.282111906201315,0.9690948648719495,1.12,-0.4444175258379006,-0.008608270319911456,-0.08774694500448334,0.2805237089120571,1.089182199233033,0.5032113517550411,-0.4624389428843509,-0.08349711952104966,-0.1234894240002536,REIT—Healthcare Facilities,Real Estate,NHI
2022Q2,2022,Q2,2022-08-08,2022-06-30,11213000.0,59899000.0,20085000.0,0.25,57742000.0,0.9639893821,2587291000.0,1392220000.0,384078000.0,69808000.0,1174303000.0,0.0,-205906000.0,2770376305.18,3831436305.18,30.458842014430747,5.501919550767821,0.42689245237586343,0.7933336685293991,0.004202169465827636,30.458842014430747,0.0080540431828303,46.250793922769994,61.76706289975921,1.989898367485024,3.68010345135111,0.0,0.014895088411940084,0.023151241974714094,4.69013580105432,0.0043338766300350445,48.801724654382745,0.9639893821265797,9.741258741258742,-0.7371255291254067,-0.23097320808188643,-0.029659152261496263,-0.15444654336716016,9.559541984732824,0.34150414106331817,-0.7347199442721896,-0.27455333838426643,-0.07204609144656887,REIT—Healthcare Facilities,Real Estate,NHI
2022Q1,2022,Q1,2022-05-09,2022-03-31,-1310000.0,71327000.0,14972000.0,-0.0286,68289000.0,0.9574074334,2802503000.0,1479293000.0,579238000.0,64662000.0,1313706000.0,0.0,-117424000.0,2705648980.86,3918571980.86,32.26326864553346,8.957935108719186,0.4456887289683544,0.8443519978800684,-0.0008717857601982889,32.26326864553346,-0.0008855581686657072,37.93302649571691,-516.3452253549618,1.8290149286584876,-31.500763358778627,0.0,0.015251793670176485,0.02545117703709862,6.916736259317683,-0.0004674392855244044,69.94956000155119,0.9574074333702525,0.74,-1.0258087311306727,-0.06378268341328137,0.0013643546124937286,0.04181668395679502,0.7452848531985222,-0.17395862068965517,-1.034294029106197,-0.12463486524280536,-0.024211386090284837,REIT—Healthcare Facilities,Real Estate,NHI
2021Q4,2021,Q4,2022-02-22,2021-12-31,-5143000.0,69667000.0,18125000.0,-0.11,65548000.0,0.940875881,2838876000.0,1507083000.0,505243000.0,70172000.0,1321893000.0,0.0,-84558000.0,2635033924.5299997,3849342924.5299997,32.86942881596814,7.200065553212108,0.44092133647260395,0.8305587681633991,-0.005177705277191871,32.86942881596814,-0.003412552593321005,37.82327248955746,-128.08836887662844,1.7484331815367833,-8.024110441376628,0.0,0.015661278443449566,0.024540346249712915,6.2243059909935585,-0.0018116324911690402,49.38404596367929,0.9408758809766461,-1.164179104477612,-1.1085190065740926,-0.0689063172538114,0.08282674107645091,-0.07222827702367977,-1.1669046537288246,-0.25041356492969397,-1.1281080950172657,-0.13035488031181433,0.0016944080842822896,REIT—Healthcare Facilities,Real Estate,NHI
2021Q3,2021,Q3,2021-11-08,2021-09-30,30814000.0,73833000.0,24180000.0,0.67,70651000.0,0.9569027399672233,2912177000.0,1539057000.0,450339000.0,68846000.0,1362971000.0,0.0,-49768000.0,2453007046.5,3698739046.5,33.566780665177355,6.5412514888301425,0.44438404671144643,0.8408557967638626,0.008508033018768341,33.566780665177355,0.020021350736197555,33.22372173012068,19.90172524258454,1.5938376853488856,1.339196469137405,0.0,0.016822617798379,0.025353197968392718,6.287888911483601,0.01058108761933083,50.07260908571312,0.9569027399672233,-0.21176470588235288,-0.2007493437788346,0.00012184222490592796,0.09249844053521022,-0.020844016353683045,-0.21358752520225607,-0.47995526496902957,-0.3081353460334599,-0.09319030811850447,0.038641895675479064,REIT—Healthcare Facilities,Real Estate,NHI
2021Q2,2021,Q2,2021-08-09,2021-06-30,39183000.0,74330000.0,46496000.0,0.85,72155000.0,0.9707385981434145,3077445000.0,1546715000.0,437025000.0,76203000.0,1520385000.0,0.0,-39316000.0,3074282662.95,4485920662.95,33.73380138392521,5.735010432660132,0.46927954845659303,0.9337091836569762,0.015496936175460408,33.73380138392521,0.025333044549254388,41.35991743508677,19.614900996286654,1.9876206430725765,1.2900492560549217,0.0,0.016442209628016274,0.024153153021418742,5.438683516396992,0.012732315281020456,59.65310972815119,0.9707385981434145,0.08974358974358967,-0.26183190153387237,0.020300460577745722,0.11103428905034839,-0.08344342259031554,0.10899467904449224,-0.06288294098677846,-0.10199305155060188,-0.07328894241569373,0.033414879179644204,REIT—Healthcare Facilities,Real Estate,NHI
2021Q1,2021,Q1,2021-05-10,2021-03-31,35332000.0,80885000.0,49616000.0,0.78,78724000.0,0.9732830561908883,3183273000.0,1552185000.0,513047000.0,85195000.0,1620558000.0,0.0,-37233000.0,3274651688.36,4696639688.360001,34.26072220101906,6.022031809378484,0.4823221256863612,0.9891623743303795,0.016014532374750902,34.26072220101906,0.022762750574190575,40.48527771972554,23.170579703668064,2.109704505815995,1.4099966036454206,0.0,0.015213221050984412,0.025409382104519467,6.022031809378484,0.01109926795471202,57.538861546949676,0.9732830561908883,-0.06024096385542161,-0.08485175972929175,0.1616796569880053,0.16371903773364002,-0.0009010724030712609,-0.04868066774367259,-0.08422082356632643,-0.1572229066000192,0.019286702600463942,0.07806809144456385,REIT—Healthcare Facilities,Real Estate,NHI
2020Q4,2020,Q4,2021-02-22,2020-12-31,37140000.0,81239000.0,54179000.0,0.83,78795000.0,0.9699159270793585,3120489000.0,1512234000.0,437067000.0,25189000.0,1597544000.0,0.0,-22015000.0,3102958867.98,4568377867.98,33.710155445307116,17.35150264004129,0.4835021049585498,0.9977047203012233,0.017871214707575286,33.710155445307116,0.024559691158907947,38.19543406467337,20.886906758077544,2.051903916973167,1.3277867528271405,0.0,0.015892572895142176,0.026034060687283308,17.23244273293898,0.011901980747248268,55.787541899282644,0.9699159270793585,-0.12631578947368421,-0.4257791533413,0.16509091600149337,0.12222824735375185,-0.016464038744788675,-0.1280666744923113,-0.03734830582256889,-0.09032229538220599,0.05809529200578375,0.058949062960920236,REIT—Healthcare Facilities,Real Estate,NHI
2020Q3,2020,Q3,2020-11-09,2020-09-30,42595000.0,84301000.0,56281000.0,0.95,80114000.0,0.9503327362664737,3139273000.0,1493049000.0,421898000.0,95665000.0,1635271000.0,0.0,-9337000.0,2691757645.5,4189165645.5,33.430224812562905,4.410160455757069,0.48704524901147495,1.024057482373318,0.018558325955309787,33.430224812562905,0.02852886944768725,31.930316906086524,15.798554087921117,1.8028595481461092,1.1556990257072426,0.0,0.01828805059114301,0.026853669623508374,4.410160455757069,0.013568428104213938,45.07447746910479,0.9503327362664737,-0.04040404040404044,0.0663065832440509,0.21663701441601693,0.21349150586761828,-0.02985020404703375,-0.039961233321312656,-0.04332823389427163,0.00292787295563856,0.0874906813116502,0.035103719021396196,REIT—Healthcare Facilities,Real Estate,NHI
2020Q2,2020,Q2,2020-08-10,2020-06-30,44368000.0,84174000.0,58830000.0,0.99,82579000.0,0.9810511559388885,3166971000.0,1492359000.0,436073000.0,33026000.0,1663502000.0,0.0,-2618000.0,2711148121.44,4229174121.44,33.42349234385253,13.20393023678314,0.4907657821937744,1.0414658939303478,0.019242859077376377,33.42349234385253,0.02973011185646349,32.208854532753584,15.276483735124414,1.816686280874776,1.1094933285250632,0.0,0.018156883281557516,0.026578708804090724,13.20393023678314,0.0140096009720329,45.39233715806922,0.9810511559388885,-0.2773722627737227,0.19713164597435295,0.25760810495291375,0.21116512953426658,0.015981791338582678,-0.27292987889812037,0.0767428665556308,0.0648034239932035,0.10629986989735891,0.06478702899964421,REIT—Healthcare Facilities,Real Estate,NHI
2020Q1,2020,Q1,2020-05-11,2020-03-31,61023000.0,83076000.0,54637000.0,1.37,81280000.0,0.9783812412730511,3167835000.0,1495558000.0,432198000.0,34701000.0,1660842000.0,0.0,2241000.0,2209265125.36,3722758125.36,33.522473744717225,12.454914843952624,0.4889471831708406,1.0356696296633097,0.01788386632188799,33.522473744717225,0.040802830782891736,26.593301619721704,9.050952613604707,1.477217951667538,0.7672025301935336,0.0,0.02119120944905658,0.026224850726126833,12.150456759171206,0.019263313903659755,38.703358770891,0.9783812412730511,0.4421052631578949,0.7307000005145623,0.2544661510062255,0.21465696409863055,0.009777247710981079,0.45158067508741884,-0.04435660189250171,0.23557055189194503,0.1206678839736258,0.040446665686498205,REIT—Healthcare Facilities,Real Estate,NHI
2019Q4,2019,Q4,2020-02-19,2019-12-31,42039000.0,82195000.0,57173000.0,0.95,80493000.0,0.9792931443518462,3042235000.0,1497631000.0,463488000.0,26313000.0,1543983000.0,0.0,-5331000.0,3593901099.6000004,5039789099.6,33.95390426675391,17.614411127579523,0.47348906313943534,0.9618290486775447,0.019388998804232595,33.95390426675391,0.028070332411655474,43.72408418516942,21.37242262898737,2.3997240305522523,1.097885296986132,0.0,0.012842312217533456,0.02701796541029868,16.517082810777943,0.013818459126267366,64.00992233818972,0.9792931443518462,-0.020618556701030948,0.30031948979552897,0.5303625995063004,0.22628363714914937,0.006753967956174252,-0.016815566677580805,-0.0042322697505921695,-0.07791368985276849,0.14193552275270852,0.11855291766219331,REIT—Healthcare Facilities,Real Estate,NHI
2019Q3,2019,Q3,2019-11-07,2019-09-30,42758000.0,81682000.0,57416000.0,0.97,79953000.0,0.9788325457261086,3019360000.0,1462366000.0,435755000.0,28625000.0,1556367000.0,0.0,-554000.0,3584404303.48,5038520303.48,33.6134890316433,15.222882096069869,0.48002225637221135,0.9911061936615048,0.019647107615615302,33.6134890316433,0.029238918300890475,43.88242579123919,20.957506802703588,2.451099316778426,1.0647130361569765,0.0,0.012700855189745482,0.02705275290127709,14.21610480349345,0.014161279211488527,61.91215655030659,0.9788325457261086,0.054347826086956444,0.286659728304813,0.3953681957878613,0.44092087062905483,0.05458022818703423,0.0695114935341054,0.06872161417615963,0.16883937336220917,0.16608789377709376,0.09401865833723874,REIT—Healthcare Facilities,Real Estate,NHI
2019Q2,2019,Q2,2019-08-08,2019-06-30,39979000.0,78096000.0,53724000.0,0.92,75815000.0,0.9707923581233354,2997381000.0,1419045000.0,408371000.0,27104000.0,1577695000.0,0.0,2842000.0,3339701664.0,4816491664.0,32.823658302072815,15.066816706021251,0.49102433090754893,1.0371672498053268,0.01851613147818175,32.823658302072815,0.02817317280283571,42.7640553165335,20.88409955226494,2.3534853820703363,1.1345956627229294,0.0,0.01358205150147208,0.026054745793077358,14.52637987012987,0.013337977387592702,62.92182421764606,0.9707923581233354,0.10843373493975914,0.2084058708023063,0.3520667709871498,0.4089274427310176,0.018033623375228274,0.12051907284396984,0.03920923844710525,-0.20122338155581906,0.13691649912785203,0.08105841528588655,REIT—Healthcare Facilities,Real Estate,NHI
2019Q1,2019,Q1,2019-05-07,2019-03-31,35679000.0,76107000.0,51697000.0,0.83,74472000.0,0.9785170877843037,2806268000.0,1415984000.0,354767000.0,22532000.0,1390284000.0,0.0,8388000.0,3349407695.04,4642073695.04,33.06378880182201,15.745029291674063,0.4586892627503859,0.9090533508853207,0.01904948252044069,33.06378880182201,0.025197318613769646,44.009193570105246,23.469041278062722,2.365427642572232,1.1967824210319795,0.0,0.01274852269051411,0.027120360564279678,15.118276229362683,0.01271403871618819,45.36218555791812,0.9785170877843037,-0.045977011494252915,0.17009118674938462,0.36166119837664557,0.4143047641473467,0.010653168130063648,-0.03783506822717221,-0.02817881043687495,-0.022364098585622622,0.1563365104824791,0.12306332197340963,REIT—Healthcare Facilities,Real Estate,NHI
2018Q4,2018,Q4,2019-02-19,2018-12-31,37082000.0,73996000.0,53196000.0,0.87,73687000.0,0.9958240985999243,2750570000.0,1389713000.0,368024000.0,19890000.0,1360857000.0,0.0,18068000.0,3199228004.2200003,4486882004.22,32.813828799174566,18.502966314731022,0.4659670541015135,0.9222587685371009,0.019834259623135644,32.813828799174566,0.026683207252144868,43.235147902859616,21.568604742327818,2.302078201916511,1.1388544307211046,0.0,0.013200372072354465,0.02690206030022868,18.238863750628457,0.013481569274732147,61.676620929228285,0.9958240985999243,-0.10309278350515462,-0.059602980218877916,0.7422355907024824,0.27699459933525855,-0.013164590866479175,-0.09509748895775885,-0.0029426648923209565,-0.3927182412498585,0.12407042610347711,0.09238907669855304,REIT—Healthcare Facilities,Real Estate,NHI
2018Q3,2018,Q3,2018-11-06,2018-09-30,40979000.0,74915000.0,53353000.0,0.97,74670000.0,0.9967296269104986,2671009000.0,1363400000.0,283982000.0,18750000.0,1307609000.0,0.0,23686000.0,3124796793.39,4363568793.389999,32.31795367097844,15.145706666666667,0.45680677227220123,0.89492078626962,0.020482492005175042,32.31795367097844,0.030056476455919027,41.71122997250217,19.063403166194878,2.291914913737714,1.02911247224188,0.0,0.013495917587091748,0.028047453228349287,15.145706666666667,0.015342142239131355,57.681811850737446,0.9967296269104986,0.06593406593406587,-0.3665097176593259,0.5570086883798968,0.8780429610300586,0.02723895996698308,0.03252872404757105,0.02783771287662788,0.08602582421646161,0.14459649262080781,0.1731169170007434,REIT—Healthcare Facilities,Real Estate,NHI
2018Q2,2018,Q2,2018-08-07,2018-06-30,39688000.0,72956000.0,51908000.0,0.91,72690000.0,0.9963539667744942,2673236000.0,1361372000.0,271201000.0,16814000.0,1311864000.0,0.0,24938000.0,3072811063.92,4316811063.92,32.64303820620825,16.12947543713572,0.4585154471958331,0.900356405155975,0.019900192338878332,32.64303820620825,0.029152942766561968,42.118688852459016,19.356046310723645,2.2571428411337977,1.046462406772828,0.0,0.013515962789790734,0.02729126796137715,16.12947543713572,0.014846425829967874,57.63285751111278,0.9963539667744942,-0.010869565217391313,0.33173200495830396,0.7386256122254994,0.9859300492377551,0.004005524861878453,0.03268109908409659,0.022132955261499686,0.14648008512953503,0.1669805524818096,0.18288385877443997,REIT—Healthcare Facilities,Real Estate,NHI
2018Q1,2018,Q1,2018-05-08,2018-03-31,38432000.0,72746000.0,50784000.0,0.92,72400000.0,0.9952437247408792,2559428000.0,1319881000.0,260084000.0,16514000.0,1239547000.0,0.0,29270000.0,2794698642.6600003,3972969642.6600003,31.779738657426726,15.749303621169917,0.45331456872394926,0.879038337547097,0.020302376846079488,31.779738657426726,0.029117776526823253,38.41721390399473,18.17950303562136,2.1173868270397107,1.0266444629475437,0.0,0.01411815907365443,0.028422756959758197,15.749303621169917,0.01501585510512505,57.61314922610704,0.9952437247408792,0.02222222222222224,0.6385293777835191,0.7394020444908442,0.9363585432538327,0.02079661614381389,0.016746474774464934,0.003497539866026439,0.1708573061816949,0.17998159464384617,0.1515105111704654,REIT—Healthcare Facilities,Real Estate,NHI
2017Q4,2017,Q4,2018-02-16,2017-12-31,37799000.0,71083000.0,50607000.0,0.9,70925000.0,0.9977772463176849,2545821000.0,1322117000.0,247095000.0,17476000.0,1223704000.0,0.0,32605000.0,3130691959.3999996,4294400959.3999996,31.83359485776434,14.13910505836576,0.44995190156731363,0.8664112177666575,0.020333168735126396,31.83359485776434,0.028589754159427647,44.04276633512935,20.706182434720496,2.3679386615556717,1.043784227095955,0.0,0.012602325783454401,0.02792144459488707,14.13910505836576,0.014847469637496117,60.949906734157494,0.9977772463176849,-0.045752964527456835,-0.38338139257186493,1.0581382107291253,0.9390571222537435,-0.0022367902762928365,-0.033075821139875165,-0.014142948980188183,0.24167775944370032,0.4055476997670437,0.1497062658545265,REIT—Healthcare Facilities,Real Estate,NHI
2017Q3,2017,Q3,2017-11-08,2017-09-30,39092000.0,71352000.0,51333000.0,0.943152,71084000.0,0.9962439735396345,2519932000.0,1327667000.0,249698000.0,19144000.0,1192265000.0,0.0,34262000.0,3177291345.71,4307032345.71,32.296497634235514,13.04314667781028,0.44100078891017697,0.8370261518889902,0.02085576358186252,32.296497634235514,0.029444130192284663,44.529814801407106,20.319319462485932,2.393138750688238,0.9959838330093114,0.0,0.01225414850689418,0.028315049771184302,13.04314667781028,0.015513117020618016,62.28517497275151,0.9962439735396345,0.014141935483870905,0.8441237144439918,0.893415690296147,1.0453469323298112,0.021776940878839714,0.022146685841286443,0.025163261638008506,0.24492437371929718,0.2899633237620057,0.38446495231669675,REIT—Healthcare Facilities,Real Estate,NHI
2017Q2,2017,Q2,2017-08-09,2017-06-30,38245000.0,69836000.0,50073000.0,0.93,69569000.0,0.9961767569734807,2511042000.0,1286426000.0,231603000.0,18301000.0,1224616000.0,0.0,34624000.0,3245793724.8,4409703724.8,31.389837999110053,12.655210097808864,0.45598799223589254,0.8900667430540117,0.020406258685486955,31.389837999110053,0.029729654095921567,46.47737162494988,21.21711154922212,2.523109549091825,1.0141979343705059,0.0,0.011950235686154099,0.027811561893429104,12.655210097808864,0.015230728916521509,70.14444113846088,0.9961767569734807,-0.15454545454545457,0.5321670334645736,1.1750950323428064,0.95928007329488,0.052146821735908414,-0.13531539678950938,0.09322533458507085,0.21946408748523213,0.27544623360616816,0.3473819332634893,REIT—Healthcare Facilities,Real Estate,NHI
2017Q1,2017,Q1,2017-05-09,2017-03-31,44230000.0,66388000.0,45803000.0,1.1,66121000.0,0.9959781888293066,2515979000.0,1287284000.0,235510000.0,21599000.0,1228695000.0,0.0,35173000.0,2901844784.52,4064325784.52,32.21931008121279,10.903745543775175,0.4553658834195357,0.890006401073889,0.01865360728176098,32.21931008121279,0.034359162391515784,43.7103811610532,16.402016643228578,2.2542382135721413,0.8108297535609315,0.0,0.012358689958647176,0.026386547741455713,10.903745543775175,0.017579637985849644,59.61673928135593,0.9959781888293066,0.06796116504854374,0.6756914957815023,0.9175413294103317,1.0083006988649703,0.01969341804947258,0.07385646304748957,-0.012355528721752631,0.5547893855036584,0.27315604752564854,0.3781821562714805,REIT—Healthcare Facilities,Real Estate,NHI
2016Q4,2016,Q4,2017-02-17,2016-12-31,41188000.0,65027000.0,46376000.0,1.03,64844000.0,0.997185784366494,2403633000.0,1209590000.0,219860000.0,20003000.0,1194043000.0,0.0,29873000.0,2955515776.2000003,4087989776.2000003,30.35520602612035,10.991351297305405,0.4642892654577467,0.922610967352574,0.019760568853498407,30.35520602612035,0.03405120743392389,45.45059400249128,17.93917995654074,2.443402951578634,0.8707147712926095,0.0,0.012134261061570171,0.027053630899559127,10.991351297305405,0.017135727459225265,61.69792656409829,0.997185784366494,0.24096385542168683,0.5849759158052275,1.105896688955905,0.9011902533861247,0.029596697364242617,0.24691208525066602,0.021160409556313993,0.11015088109767726,0.627254815361574,0.18131396352137605,REIT—Healthcare Facilities,Real Estate,NHI
2016Q3,2016,Q3,2016-11-07,2016-09-30,33032000.0,63251000.0,45415000.0,0.83,62980000.0,0.9957154827591659,2387770000.0,1206990000.0,259151000.0,36090000.0,1180780000.0,0.0,24548000.0,3083001963.1200004,4186097963.1200004,30.724785885033516,7.180687170961485,0.45482521348371074,0.8997738175129869,0.019091101164139097,30.724785885033516,0.02736725242131252,48.742343411487575,23.333449103293777,2.5542895658787566,1.0668139985468637,0.0,0.011430093273225849,0.02648956976593223,7.180687170961485,0.013833828216285489,66.84594790052255,0.9957154827591659,-0.2844827586206896,0.2397109159894636,1.182816942676418,0.9039447079363506,0.03362820239287062,-0.25928915797735175,0.03234679032551373,-0.45162442899325617,0.41173855959949857,0.7854616801545754,REIT—Healthcare Facilities,Real Estate,NHI
2016Q2,2016,Q2,2016-08-05,2016-06-30,44595000.0,61204000.0,43992000.0,1.16,60931000.0,0.9955395072217502,2335454000.0,1169571000.0,229877000.0,26235000.0,1156811000.0,0.0,27379000.0,2892483394.8900003,3982717394.8900003,30.362520505788375,8.762226033924147,0.45936892784015443,0.9172893308743121,0.019443775781754758,30.362520505788375,0.0381293653826916,47.25971170005229,16.2152898020518,2.473114838594664,0.7750644691108869,0.0,0.011949593232259317,0.026206467778855845,8.762226033924147,0.01909478842229391,69.03631187383647,0.9955395072217502,0.3647058823529411,0.2771354006386368,1.170852901335865,0.8803112231844197,0.03738826934536477,0.3627196333078686,0.04875199656709658,0.6200979105030802,0.5791461849740904,0.8471884100412823,REIT—Healthcare Facilities,Real Estate,NHI
2016Q1,2016,Q1,2016-05-06,2016-03-31,32725000.0,59018000.0,41947000.0,0.85,58735000.0,0.995204852756786,2159234000.0,1130572000.0,248575000.0,24805000.0,1019545000.0,0.0,18024000.0,2554477558.44,3484082558.44,29.44071643593828,10.021165087683935,0.43401409944452524,0.8289060758624838,0.02017820783955021,29.44071643593828,0.028945524920128925,43.283024813446744,19.51472542734912,2.25945588466723,0.9973109243697479,0.0,0.012776389399925349,0.027332841183493776,10.021165087683935,0.015155837672063334,61.856250053030486,0.995204852756786,-0.4097222222222222,0.23618674292620057,1.064708195702827,0.8220752814648696,0.012515299350100846,-0.3983932642106037,0.0056820906257492206,0.5089522830207132,0.5261947334280335,0.7938405159578068,REIT—Healthcare Facilities,Real Estate,NHI
2015Q4,2015,Q4,2016-02-18,2015-12-31,54396000.0,58642000.0,41710000.0,1.44,58009000.0,0.9892056887554995,2146349000.0,1133292000.0,212696000.0,19397000.0,1003889000.0,0.0,19862000.0,2296495325.16,3230741325.16,30.038591101940877,10.965407021704387,0.43155004148905884,0.8173153962085676,0.020193578553948443,30.038591101940877,0.047998221111593485,39.161272213771696,10.554522966578423,2.0263933083088914,0.5870100742701669,0.0,0.013904230350556157,0.02732174497250913,10.896014847656854,0.025343501918839852,52.63690034518324,0.9892056887554995,0.6179775280898876,1.3552410240853692,1.246408831255258,0.8801596773222274,-0.002733461697153074,0.6189285714285714,-0.02717201166180758,-0.023155981372366578,0.8691299718853046,0.8297193351532468,REIT—Healthcare Facilities,Real Estate,NHI
2015Q3,2015,Q3,2015-11-05,2015-09-30,33600000.0,58282000.0,42875000.0,0.89,58168000.0,0.9980439929995539,2133125000.0,1034904000.0,191650000.0,19887000.0,1088459000.0,0.0,-1898000.0,2159682045.29,3175904045.29,27.548791772267965,9.636948760496807,0.47308244945795486,0.9751088023623448,0.020759464742318757,27.548791772267965,0.03246677952737645,37.0557298186404,16.069062836979167,2.086842881359044,0.950327380952381,0.0,0.014785046747801404,0.02732235569879871,9.569266354905215,0.015751538236155875,52.93338346299019,0.9980439929995539,0.07338582069391379,0.4279409612471913,1.1842838245841694,0.7306848976281533,0.03485206995321034,0.07754473734847027,0.05561847547764428,0.7345134161767193,0.6924291260649137,0.7446732886934229,REIT—Healthcare Facilities,Real Estate,NHI
2015Q2,2015,Q2,2015-08-05,2015-06-30,31182000.0,56313000.0,40616000.0,0.829152,56209000.0,0.9981531795500151,2012820000.0,1036683000.0,161810000.0,14432000.0,966313000.0,0.0,-3566000.0,2340375568.2999997,3251389568.2999997,27.596148145963365,11.211890243902438,0.443672062082054,0.861432086761334,0.020818148734744923,27.596148145963365,0.030078625770847984,41.56012942482197,18.763834650599705,2.2575614419258345,1.024020268103393,0.0,0.013643536717995229,0.027977166363609265,10.625207871396896,0.015491698214445406,56.48714926385402,0.9981531795500151,0.04955949367088603,0.19672582735905106,1.1545972142978662,0.7409914564008281,0.010644227484402252,0.0505002863591955,0.05075800693330574,0.36280475823085806,0.9134000026068003,0.7224868495215678,REIT—Healthcare Facilities,Real Estate,NHI
2015Q1,2015,Q1,2015-05-07,2015-03-31,29683000.0,55751000.0,38654000.0,0.79,55617000.0,0.9975964556689566,2019716000.0,1036539000.0,149891000.0,14822000.0,973275000.0,0.0,-2817000.0,2666998337.67,3583503337.67,27.598305312145058,10.112737822156253,0.44532003509404294,0.8677145770684943,0.019749299266209355,27.598305312145058,0.02863664560619523,47.837677129916955,22.462338187430518,2.572984072639814,0.9724084492807331,0.0,0.010822653914819003,0.02760338582256119,10.112737822156253,0.014696620713011137,69.1577206117104,0.9975964556689566,0.07780424025573032,0.36978606397609837,1.0058367510473611,0.7457946531173574,0.21159376089229698,0.07824476007119764,0.13755150088287227,0.19629922322055773,0.7130210985275006,0.7202632739857671,REIT—Healthcare Facilities,Real Estate,NHI
2014Q4,2014,Q4,2015-02-17,2014-12-31,27529000.0,45734000.0,33980000.0,0.7329716942035382,45904000.0,1.0037171469803647,1982960000.0,1039925000.0,105889000.0,15718000.0,933027000.0,0.0,-569000.0,2627562367.3199997,3508649367.3199997,27.68845904662772,6.7367985748823,0.4350697946504216,0.8296040579849508,0.017658378453660268,27.68845904662772,0.02647210135346299,57.45315011413827,23.861767293762938,2.526684489092963,0.9246612663009917,0.0,0.00968768631968306,0.023063501028765077,6.7367985748823,0.013882781296647436,79.79720503279883,1.0037171469803647,-0.03556356025850232,0.24324777187337734,1.6746905530031315,0.7604159830769025,0.033873873873873875,0.09025742574257425,0.04316325904095291,0.12394269665748452,0.5713911442568281,0.7341680509574673,REIT—Healthcare Facilities,Real Estate,NHI
2014Q3,2014,Q3,2014-11-03,2014-09-30,25250000.0,44478000.0,32574000.0,0.76,44400000.0,0.9982463240253608,1488168000.0,771123000.0,97892000.0,12583000.0,707148000.0,0.0,765000.0,1888819382.88,2548998382.88,23.32778275115749,7.779702773583407,0.43070607619569834,0.8312072133758168,0.022701850562528356,23.32778275115749,0.032744451922715315,42.46637400242817,18.70118200871287,2.449439820728989,1.008,0.0,0.013475084081989754,0.02988775460835067,7.779702773583407,0.01696717037323743,59.78222449374901,0.9982463240253608,0.0,0.20609690880812565,0.8918655891600104,0.47656640962187724,0.014764364400969053,-0.0017395429746184866,0.006799777461828522,0.12618969749252748,0.8241467871132928,0.44556934206627863,REIT—Healthcare Facilities,Real Estate,NHI
2014Q2,2014,Q2,2014-08-04,2014-06-30,25294000.0,44160000.0,32354000.0,0.76,43754000.0,0.9908061594202898,1483127000.0,770027000.0,96711000.0,11084000.0,702745000.0,0.0,969000.0,2067780040.0,2721417040.0,23.296911754695145,8.725279682425118,0.4301850077572588,0.8285670502462901,0.02261219258034373,23.296911754695145,0.032848198829391696,46.824729166666664,20.43745591839962,2.6853344622980755,1.0061674705463746,0.0,0.012307885513780276,0.029774928242827486,8.725279682425118,0.01705450713256518,63.149891277791355,0.9908061594202898,0.07042253521126768,0.3690810323239366,1.2918132262439255,0.492489104809276,0.021573663320102732,0.0748310882590405,0.0578388098741213,-0.15579200559479978,0.8254116835563952,0.4427473051698442,REIT—Healthcare Facilities,Real Estate,NHI
2014Q1,2014,Q1,2014-05-05,2014-03-31,23533000.0,43136000.0,30585000.0,0.71,42830000.0,0.9929061572700296,1473202000.0,772680000.0,92244000.0,7058000.0,690017000.0,0.0,1126000.0,1998288550.9,2643851550.9,23.378121632613915,13.069424766222726,0.4269835365414926,0.8140925091887974,0.021470872341500948,23.378121632613915,0.03045633379924419,46.32530950714021,21.228578495092,2.586178690919915,1.0322950750010624,0.0,0.01215690296031511,0.029280438120502145,13.069424766222726,0.015974048365397276,69.20240167959551,0.9929061572700296,-0.2365591397849463,0.3046317233336944,1.2574354859974202,0.5080733720017411,0.44617774176121017,-0.15272727272727274,0.3918722126149085,0.03286013468282788,0.7533711565181747,0.446863483996849,REIT—Healthcare Facilities,Real Estate,NHI
2013Q4,2013,Q4,2014-02-18,2013-12-31,27775000.0,29916000.0,21974000.0,0.93,29616000.0,0.9899719213798637,1455820000.0,766546000.0,92914000.0,8011000.0,678660000.0,0.0,3043000.0,1673528973.6000001,2302071973.6000004,25.696137490523338,11.59830233429035,0.4238710829635532,0.8050136586714952,0.015624277855320069,25.696137490523338,0.036233963780386305,55.940933734456486,15.063267089108912,2.183207496484229,0.7376777677767776,0.0,0.012242990903184205,0.020549243725185806,11.59830233429035,0.019078594881235318,56.196406098052385,0.9899719213798637,-0.39215686274509803,0.9206935786182474,0.7530715949469668,0.6492889537434339,-0.06612430233658122,-0.35020119782893505,-0.09081881749348339,0.5209479414555666,0.4493572199001881,0.6083591074112767,REIT—Healthcare Facilities,Real Estate,NHI
2013Q3,2013,Q3,2013-11-04,2013-09-30,42744000.0,31793000.0,24169000.0,1.53,31713000.0,0.99748372283207,917114000.0,479702000.0,85024000.0,7809000.0,426701000.0,0.0,-439000.0,1585875652.64,1969787652.64,17.208314368513097,10.887949801511077,0.42673211836260266,0.8158440031519568,0.02774652608763535,17.208314368513097,0.08910531955255555,49.88128369892744,9.275428438143365,3.3059600598705035,0.47936552498596297,0.0,0.012920306813393843,0.03466635554576639,10.887949801511077,0.04660707392974047,59.871475862277265,0.99748372283207,1.154929577464789,1.6692495056472223,1.0274605163587671,0.07075321148928941,0.13443033446610625,1.1457831325301204,0.16292161863061155,1.4479945511412897,0.6057223207333801,0.08106990816212264,REIT—Healthcare Facilities,Real Estate,NHI
2013Q2,2013,Q2,2013-08-06,2013-06-30,19920000.0,28048000.0,20783000.0,0.71,27955000.0,0.9966842555618939,887234000.0,458205000.0,120271000.0,3894000.0,418247000.0,0.0,-22695000.0,1682327221.6000001,2032636221.6000001,16.43715407737417,30.88623523369286,0.43593685544061656,0.8441156251023014,0.024595761098152272,16.43715407737417,0.043473990899269975,59.98029169994296,21.113544447791163,3.6715601566984213,0.9725401606425703,0.0,0.011515595629234987,0.031612855233230465,30.47252182845403,0.022451799637976003,69.86698872876781,0.9966842555618939,0.2678571428571427,0.34063518339359744,0.7181956730540879,0.03217751697941734,0.0010026139578185986,0.2653242711046179,0.03161917998610146,0.03025407763649537,0.4461842905319965,0.03699054900306511,REIT—Healthcare Facilities,Real Estate,NHI
2013Q1,2013,Q1,2013-05-06,2013-03-31,15743000.0,28071000.0,20146000.0,0.56,27927000.0,0.9948701506893235,700141000.0,457507000.0,103612000.0,3590000.0,231765000.0,0.0,-22127000.0,1831743524.9599998,2028943524.9599998,16.412114774996397,28.861281337047355,0.2902986684110772,0.4442554977300894,0.03048927215300027,16.412114774996397,0.03441040246378744,65.25394624202913,29.088222145715555,4.0037497239605075,1.5748586673442164,0.0,0.013535191833442628,0.0400933526246856,28.412534818941506,0.02248547078374213,76.81554663088149,0.9948701506893235,-0.6216216216216216,0.16880624598159746,0.8181192254657736,0.02773990633392958,0.24746504667887614,-0.6169865946524584,0.18757368545154446,-0.02118079623215829,0.360726495402573,0.03818629066068987,REIT—Healthcare Facilities,Real Estate,NHI
2012Q4,2012,Q4,2013-02-15,2012-12-31,41103000.0,23158000.0,16964000.0,1.48,22387000.0,0.9667069695137749,705981000.0,457182000.0,107403000.0,4301000.0,237934000.0,0.0,-18495000.0,1574247553.06,1768325553.06,16.417048519315678,24.971634503603813,0.2878972663570266,0.4445713085817027,0.025686217506117208,16.417048519315678,0.08990511437458168,67.97856261594265,9.575016136656693,3.44337168361834,0.4536408534656838,0.0,0.011844388745439796,0.032802582505761485,24.597070448732854,0.058221113599374485,15.24384922253101,0.9667069695137749,1.846153846153846,0.3905161992961564,1.4270610336126568,0.020437661745710867,-0.12249137660708687,1.8641209671799874,-0.030905455584118825,1.503513661794617,0.8266048095139199,0.04378631399035024,REIT—Healthcare Facilities,Real Estate,NHI
2012Q3,2012,Q3,2012-11-05,2012-09-30,14351000.0,25512000.0,17505000.0,0.52,25512000.0,1.0,675273000.0,439447000.0,27246000.0,22760000.0,224862000.0,0.0,-34806000.0,1430756288.51,1632402288.51,15.790229580977375,1.1971001757469244,0.2876614347086289,0.44203282762198853,0.0276236119154738,15.790229580977375,0.0326569529431308,56.081698358027595,24.924330856908924,3.2558107997323904,1.2594244303532856,0.0,0.012632479860579467,0.03778027553300665,1.1971001757469244,0.021252145428589622,-41.3764506929061,1.0,-0.14754098360655732,-0.6090199613815298,-0.350175575917582,-0.037663967354442836,0.17167263709010747,-0.1522329867674858,0.06555880204528854,-0.18579245682796167,0.28890725687506374,-0.0005341335608910266,REIT—Healthcare Facilities,Real Estate,NHI
2012Q2,2012,Q2,2012-08-06,2012-06-30,16928000.0,21774000.0,16428000.0,0.61,21774000.0,1.0,598400000.0,445272000.0,33990000.0,31485000.0,153128000.0,0.0,-30510000.0,1415211107.28,1538553107.28,16.02110817486263,1.0795616960457362,0.20053475935828877,0.26949819436209776,,16.02110817486263,0.038017211951346594,64.99545821989528,20.900447590973535,3.1783069837762086,1.066930529300567,0.0,0.012762053595461658,0.036387032085561495,1.0795616960457362,0.028288770053475937,1171.532373576159,1.0,-0.07575757575757582,0.12633418276675948,-0.44684754740141197,0.029811145762287723,-0.09535086625950392,-0.07749318801089919,-0.06796777487802111,0.08966262509971415,0.34388819986092556,0.026373351529493057,REIT—Healthcare Facilities,Real Estate,NHI
2012Q1,2012,Q1,2012-05-10,2012-03-31,18350000.0,24069000.0,17626000.0,0.66,24069000.0,1.0,572904000.0,445614000.0,29840000.0,30357000.0,127290000.0,0.0,-29363000.0,1354918353.1200001,1452769353.1200001,16.043070691267573,0.9829693316203841,0.18288927987935152,0.23513175079777565,,16.043070691267573,0.04117913710071946,56.2930887498442,18.459378107901905,3.040565047597248,1.31574931880109,0.0,0.01781952391773503,0.04201227430773742,0.9829693316203841,0.0320297990588301,82.78860766955884,1.0,0.012047512421331561,0.18221448746370522,-0.3681504530106482,0.028098722765501575,0.11824010406987549,0.013028596665562548,0.044441810855653,0.21050179017860546,0.4988295672252495,0.034904689728788886,REIT—Healthcare Facilities,Real Estate,NHI
2011Q4,2011,Q4,2012-02-15,2011-12-31,18114000.0,21524000.0,16876000.0,0.6521432955464165,21524000.0,1.0,579563000.0,443485000.0,37140000.0,27627000.0,136078000.0,0.0,-29652000.0,1221593053.9199998,1314371053.9199998,15.966422072728415,1.344337061570203,0.16788511343891863,0.21939862678557337,,15.966422072728415,0.04084467343878598,56.7549272402899,16.85979151374627,2.7545307144999263,0.941702550513415,0.0,0.01396373362247122,0.03713832663575832,1.344337061570203,0.03125458319457936,-37.38845694977504,1.0,-0.040965741843505245,-0.22954149094758788,-0.44904177876108226,0.024672972369398645,0.052312506111274075,-0.03689919183326244,0.05402535756667291,0.3452946807323756,0.35462209970300157,0.024793845575738403,REIT—Healthcare Facilities,Real Estate,NHI
2011Q3,2011,Q3,2011-11-07,2011-09-30,18808000.0,20454000.0,16011000.0,0.68,20454000.0,1.0,522297000.0,447484000.0,33157000.0,20974000.0,74813000.0,0.0,-23623000.0,1168246362.8,1210397362.8,16.13743600691825,1.580862019643368,0.09214106150332091,0.10754574465232276,0.03230570873410289,16.13743600691825,0.04203055304770673,57.11578971350347,15.528583086984263,2.6106997407728545,0.906050616758826,0.0,0.014586820505185996,0.03916162643093872,1.580862019643368,0.03601016280009267,111.59101755659566,1.0,-0.2444444444444444,0.4042480242181861,-0.4509248746169086,0.03783064539630567,0.008579881656804733,-0.2511844567424454,0.019484240687679084,0.18071979760740026,0.3112616697484936,0.004119930609080337,REIT—Healthcare Facilities,Real Estate,NHI
2011Q2,2011,Q2,2011-08-04,2011-06-30,25117000.0,20280000.0,15705000.0,0.9,20280000.0,1.0,521959000.0,447420000.0,39379000.0,20309000.0,74539000.0,0.0,-25372000.0,1231072482.48,1268293482.48,16.147603721881545,1.9389925648727164,0.09339814046697155,0.10895802601582406,,16.147603721881545,0.05613741003978365,60.70377132544379,12.253379011028386,2.7514918476599166,0.6785045984791177,0.0,0.013843214142573335,0.038853626434260165,1.9389925648727164,0.048120637827875366,197.82620640848467,1.0,0.30434782608695665,0.2718512183033045,-0.23331802897588638,0.04512347497300537,-0.01629802095459837,0.3155083014717436,0.1709662988368625,0.7006499532287518,0.24986918297075586,0.013995089196235669,REIT—Healthcare Facilities,Real Estate,NHI
2011Q1,2011,Q1,2011-05-05,2011-03-31,19093000.0,20616000.0,13412000.0,0.69,20616000.0,1.0,522139000.0,447518000.0,49555000.0,19823000.0,74621000.0,0.0,-33447000.0,1327227157.8400002,1376883157.8400002,16.157793662767446,2.4998738838722696,0.09456294205182911,0.11033075764550253,,16.157793662767446,0.04266420568558136,64.37850008925108,17.37845228408317,2.9657514509807426,0.8773896192321793,0.0,0.012621803209077711,0.03948373900436474,2.4998738838722696,0.03656689119180908,77.93923059721652,1.0,0.12714489118254202,0.5209179289406352,-0.16659805690819854,0.05578295810675248,0.07576706324358172,0.1260984960188735,-0.07356496511708227,0.42670422844689143,0.3439206530129431,0.011814112513676464,REIT—Healthcare Facilities,Real Estate,NHI
2010Q4,2010,Q4,2011-02-17,2010-12-31,16955000.0,19164000.0,14477000.0,0.6121661956663688,19164000.0,1.0,509341000.0,442500000.0,30539000.0,20140000.0,66841000.0,0.0,-35499000.0,1246906649.5400002,1304483649.5400002,15.976617020487655,1.516335650446872,0.07414482635405358,0.08534463276836159,,15.976617020487655,0.03831638418079096,65.06505163535797,18.385530072839874,2.8178681345536725,0.9879681509879091,0.0,0.013434044967343513,0.03762508810404032,1.271648460774578,0.03328811150093945,139.75640546290072,1.0,-0.012635168280050377,0.39038063675692675,-0.4997439747764091,0.04676214356688323,-0.025030525030525032,-0.021864543671397254,-0.05846774193548387,-0.42327879898628734,1.3553371793431275,-0.0069383241566540145,REIT—Healthcare Facilities,Real Estate,NHI
2010Q3,2010,Q3,2010-11-04,2010-09-30,17334000.0,19656000.0,15376000.0,0.62,19656000.0,1.0,497173000.0,440506000.0,27684000.0,47821000.0,56667000.0,0.0,-35702000.0,1219303354.18,1245086354.18,15.91785530111384,0.5789088475774241,0.05678908548935682,0.06409447317403168,,15.91785530111384,0.03935020181336917,62.03212017602768,17.5854297072228,2.767960831816139,0.9179070035767856,0.0,0.013049254679283966,0.0395355339087199,0.5789088475774241,0.034865127430492,62.76656821682282,1.0,-0.10144927536231878,0.38567930288692154,-0.5251795102998976,0.039121357775330684,0.02119700748129676,-0.09666996716869039,0.008857686503510268,-0.5250783184700365,-0.4965023456350448,-0.02988581387353209,REIT—Healthcare Facilities,Real Estate,NHI
2010Q2,2010,Q2,2010-08-04,2010-06-30,19189000.0,19248000.0,15241000.0,0.69,19248000.0,1.0,509909000.0,438523000.0,35216000.0,62601000.0,71386000.0,0.0,-36284000.0,1066786654.24,1098865654.24,15.850823417027676,0.5625469241705404,0.08594278586963557,0.09993318480444584,,15.850823417027676,0.04375825213272736,55.42324679135495,13.898413860023973,2.4326811917276863,0.8283912658293814,0.0,0.01490082383091362,0.03774791188231626,0.5625469241705404,0.037632204962061856,130.7977751642962,1.0,0.1896551724137931,0.49953006859476784,-0.5095151959458531,0.03544031458193187,-0.05873147831189789,0.20360032616195195,0.1356929955290611,0.2826443188077614,-0.5087704109053138,0.018865514557636683,REIT—Healthcare Facilities,Real Estate,NHI
2010Q1,2010,Q1,2010-05-10,2010-03-31,15943000.0,20449000.0,13420000.0,0.58,20449000.0,1.0,497880000.0,436825000.0,29730000.0,22584000.0,61055000.0,0.0,916554000.0,1071030893.76,1104602893.76,15.808448755908648,1.3164187035069075,0.07619305856832972,0.08684255708807875,,15.808448755908648,0.03649745321352944,52.37570999853293,16.794688793828012,2.4518534739541007,1.1264504798344102,0.0,0.016767957025919655,0.04107214589861011,1.3164187035069075,0.032021772314613964,-18.563347437603994,1.0,-0.016218888957092895,-0.05244942231711989,-0.4639194224284565,0.037024289511211346,0.625516693163752,-0.021361487938125347,0.4217607797436169,0.03248405734809579,-0.46038898503448233,0.013063289916191946,REIT—Healthcare Facilities,Real Estate,NHI
2009Q4,2009,Q4,2010-02-22,2009-12-31,16291000.0,12580000.0,9439000.0,0.5895620412808511,12580000.0,1.0,459360000.0,434612000.0,69229000.0,20713000.0,24748000.0,0.0,-39609000.0,1022121588.24,976403588.24,15.728361542272006,3.3422971080963646,0.0,0.0,,15.728361542272006,0.0374840087250237,81.24972879491256,15.685372110981525,2.3518025002530996,0.9317414523356454,0.0,0.014850483714111596,0.027385928247997213,3.3422971080963646,0.03546455938697318,-113.97430734165924,1.0,-0.06418723606214112,-0.14197070564701994,-0.7005661779939141,0.019409902961391456,-0.3588828865559066,-0.06764722715046072,-0.39632898439498593,-0.3034765604106237,-0.6763098935918976,0.009395022792751928,REIT—Healthcare Facilities,Real Estate,NHI
2009Q3,2009,Q3,2009-11-05,2009-09-30,17473000.0,19622000.0,15636000.0,0.63,19622000.0,1.0,456616000.0,435872000.0,88670000.0,20744000.0,20744000.0,0.0,-37941000.0,873196945.65,811025945.65,15.798668179869624,4.2744890088700345,0.0030660336037282966,0.0032119521327362162,,15.798668179869624,0.04008745686807136,44.50091456783203,12.49351779388199,2.003333422770905,0.8682538774108625,0.0,0.017374087341438013,0.04297265098025475,4.261135750096414,0.03826628939853181,261.2797563285458,1.0,0.14545454545454536,0.4469309639775021,-0.4896454987868545,0.04360111497622211,0.22050133731417554,0.133506325008109,0.2764081632653061,0.31121276080672433,-0.4705788658611298,0.016043811822827662,REIT—Healthcare Facilities,Real Estate,NHI
2009Q2,2009,Q2,2009-08-07,2009-06-30,15415000.0,16077000.0,12250000.0,0.55,16077000.0,1.0,453223000.0,430477000.0,91390000.0,22746000.0,22746000.0,0.0,866846000.0,736608380.0,674116380.0,15.609435056929437,4.017849292183241,0.006094130262585967,0.006416138376730929,,15.609435056929437,0.03580911407578105,45.81752690178516,11.946292247810575,1.711144567537871,0.9840415180019462,0.0,0.020593032080357274,0.03547260399406032,4.00254989888332,0.034011954380073386,-33.09112219227313,1.0,0.0,0.2742664993055941,-0.5804352237566233,0.028411878536421513,0.008468197214904027,0.02432055286065519,-0.00511654349061967,-0.2157462262382767,-0.3893436814774242,0.010291513839716392,REIT—Healthcare Facilities,Real Estate,NHI
2009Q1,2009,Q1,2009-05-05,2009-03-31,15049000.0,15942000.0,12313000.0,0.55,15942000.0,1.0,449694000.0,427460000.0,129487000.0,19472000.0,22234000.0,0.0,-40480000.0,740927997.28,660443997.28,15.50197892665061,6.6499075595727195,0.006141954306706338,0.00646142329106817,,15.50197892665061,0.03520563327562813,46.476477059340105,12.30859188783308,1.7333270885696908,1.2645358495581103,0.0,0.02568400717729725,0.03545077319243752,6.639995891536565,0.03346497840753935,47.71253765728637,1.0,0.13458511259070854,0.0879582426676362,-0.6089585661753859,0.0016169764848081717,0.0,0.1258322735093888,0.04391691394658754,0.20409113838890883,-0.35268895263346817,0.012930695197681433,REIT—Healthcare Facilities,Real Estate,NHI
2008Q4,2008,Q4,2009-02-24,2008-12-31,13367000.0,15774000.0,11795000.0,0.48475869628161394,0.0,0.0,457106000.0,429615000.0,128570000.0,27376000.0,27491000.0,0.0,-40360000.0,756369741.92,660114741.92,15.580130717664815,4.696449444769141,0.008722265732674697,0.009280402220592857,,15.580130717664815,0.031113904309672615,47.95040838848738,14.146213471983241,1.7605757292459527,1.1428143936560184,0.0,0.02019647158441687,0.03450840724033375,4.696449444769141,0.029242670190284092,40.7834434336245,0.0,-0.14954614687436144,0.3225052735951966,-0.6545535965764511,0.018626789069716463,0.0,-0.16199611309635759,-0.08002495905155604,0.10100673572119016,-0.5864118247958288,0.020785001365531488,REIT—Healthcare Facilities,Real Estate,NHI
2008Q3,2008,Q3,2008-11-10,2008-09-30,15951000.0,15620000.0,12821000.0,0.57,0.0,0.0,471300000.0,446256000.0,100094000.0,19300000.0,25044000.0,0.0,-34696000.0,949089526.92,857357526.92,16.07122368055137,5.18621761658031,0.012104816465096542,0.012784141837868846,,16.07122368055137,0.03574405722276003,60.761173298335464,14.875078786909912,2.126782669409487,0.9571813679393142,0.0,0.016086996607736204,0.03314237216210482,7.187409326424871,0.033844684914067474,74.89658514204545,0.0,0.0754716981132074,0.3894892936065765,-0.6460777081796197,0.05196180366934161,0.0,0.07828026769417967,-0.020699663916895813,0.27081989747299456,-0.6239483568230961,0.049133281848404486,REIT—Healthcare Facilities,Real Estate,NHI
2008Q2,2008,Q2,2008-08-08,2008-06-30,14793000.0,16252000.0,13092000.0,0.53,0.0,0.0,472067000.0,441960000.0,96433000.0,22200000.0,30107000.0,0.0,-35372000.0,791239484.01,704286484.01,15.924735626364107,4.343828828828829,0.01664382386398541,0.017777626934564215,,15.924735626364107,0.03347135487374423,48.68566847218804,13.371856351145814,1.7902965969997284,1.1836679510579329,0.0,0.022129835977420333,0.0344273164614345,6.223648648648648,0.03133665348350976,50.23104901028441,0.0,0.10416666666666677,0.31679600611189285,-0.6192717980309718,0.04860167354879946,0.0,0.10403761474736921,0.13586673607496097,0.1523619451770918,-0.5871649373281582,0.040268560993695295,REIT—Healthcare Facilities,Real Estate,NHI
2008Q1,2008,Q1,2008-05-07,2008-03-31,13399000.0,15359000.0,11526000.0,0.48,0.0,0.0,477031000.0,442835000.0,92710000.0,25400000.0,34196000.0,0.0,-34896000.0,866583937.5,831023937.5,15.969132534261865,3.65,0.018512423720890257,0.019941964840177493,,15.969132534261865,0.03025731931757878,56.42189839833323,16.168817402418092,1.9569002845303554,2.7961788193148744,0.0,0.043234126988419976,0.032197068953590015,9.953346456692913,0.028088321304066192,53.77165161950856,0.0,-0.5477924484457279,0.06399894012255188,-0.6575298324841709,0.06199522251767764,0.0,-0.5447936130456938,2.9130290456431536,-0.20647181244450838,-0.5987837126657974,0.04756504424658286,REIT—Healthcare Facilities,Real Estate,NHI
2007Q4,2007,Q4,2008-02-29,2007-12-31,29435000.0,-53998000.0,-6025000.0,1.061459496530306,0.0,0.0,500732000.0,446138000.0,77255000.0,45100000.0,54594000.0,0.0,-30786000.0,773686139.4,763658139.4,16.08824246179846,1.712971175166297,0.01899618957845714,0.021320757254481796,,16.08824246179846,0.06597734333322873,-14.328051768584022,6.571140983523016,1.7341856990437934,0.4714115848479701,0.0,0.017934921272805732,-0.10783812498502193,6.091485587583149,0.058783940311384134,39.06124801332862,0.0,-0.18972557516770544,6.79093939483757,-2.3091560446588204,0.07229707551416016,0.0,-0.19440035032021458,-1.175743079660473,0.5448134021883294,-2.280723869327612,0.042735039039050675,REIT—Healthcare Facilities,Real Estate,NHI
2007Q3,2007,Q3,2007-11-09,2007-09-30,36538000.0,39081000.0,34283000.0,1.31,0.0,0.0,500205000.0,454566000.0,120813000.0,34600000.0,45639000.0,0.0,-22755000.0,878202186.3,796971186.3,16.408228566032665,3.4917052023121387,0.021923011565258246,0.02412410959024652,,16.408228566032665,0.08037996682549949,22.47133354571275,6.008827701981499,1.9319574853816606,0.37974163884175377,0.0,0.015799322999248605,0.0781299667136474,6.354335260115607,0.0730460511190412,63.522762119349004,0.0,1.4259259259259258,1.6446539174247259,-0.21503354966618424,0.06399509774468023,0.0,1.4389560109471997,2.341423001949318,2.0132026931157414,0.012272847579282905,0.08386640135369294,REIT—Healthcare Facilities,Real Estate,NHI
2007Q2,2007,Q2,2007-08-08,2007-06-30,14981000.0,39237000.0,10260000.0,0.54,0.0,0.0,581720000.0,430993000.0,176854000.0,38600000.0,150727000.0,0.0,-45415000.0,878756257.0799999,841763257.0799999,15.557326448436786,4.581709844559586,0.19263391322285636,0.26000190258310457,,15.557326448436786,0.0347592652316859,22.396112268522057,14.664512667378679,2.0389107411953327,0.9263734063146652,0.0,0.01579277517307803,0.06744997593343877,7.743238341968912,0.025752939558550507,53.6776163386476,0.0,-0.03571428571428574,-0.03087100908063263,-0.15421778168082062,0.010653850754668577,0.0,-0.03229765519023319,-0.1271799234368354,0.2327785127671035,0.01933589776548858,0.02497875544436854,REIT—Healthcare Facilities,Real Estate,NHI
2007Q1,2007,Q1,2007-05-10,2007-03-31,15481000.0,37993000.0,11755000.0,0.56,0.0,0.0,582971000.0,432298000.0,177548000.0,37900000.0,150673000.0,0.0,-46520000.0,868219510.26,833480510.26,15.6046013247765,4.684643799472296,0.19346245353542457,0.26089179223591136,,15.6046013247765,0.03581094522759763,22.85209144473982,14.020727185905303,2.0083819732221753,1.6672049609198372,0.0,0.029727505193094368,0.06517133785385551,7.836596306068602,0.02655535180995281,61.86102673744211,0.0,-0.33840190029425554,0.9078074651903396,-0.11503356248149293,0.0191726338527719,0.0,-0.3398012708431063,-0.0968113714944295,0.11399023980339719,-0.07239869709621755,0.00824763548756058,REIT—Healthcare Facilities,Real Estate,NHI
