Quarters,Year,Quarter,FillingDate,Date,NetIncome,Revenue,OperatingIncome,EPSDiluted,GrossProfit,GrossProfitRatio,TotalAssets,CommonStockEquity,CurrentAssets,CurrentLiability,TotalLiability,Inventory,RetainedEarnings,MarketCap,EnterpriseValue,bookValuePerShare,currentRatio,debtToAssets,debtToEquity,roic,shareholdersEquityPerShare,roe,priceToSalesRatio,peRatio,pbRatio,payoutRatio,inventoryTurnover,dividendYield,assetTurnover,quickRatio,returnOnAssets,priceToFreeCashFlowsRatio,grossProfitMargin,epsdilutedGrowth,fiveYNetIncomeGrowthPerShare,fiveYRevenueGrowthPerShare,fiveYShareholdersEquityGrowthPerShare,grossProfitGrowth,netIncomeGrowth,operatingIncomeGrowth,threeYNetIncomeGrowthPerShare,threeYRevenueGrowthPerShare,threeYShareholdersEquityGrowthPerShare,Industry,Sector,Symbol
2023Q3,2023,Q3,2023-05-24,2023-04-29,3212000000.0,14571000000.0,3946000000.0,0.78,9232000000.0,0.6335872624,97529000000.0,42295000000.0,39950000000.0,28719000000.0,55234000000.0,3474000000.0,262000000.0,193205250000.0,193555250000.0,10.343604793348007,1.3910651485079564,0.08606670836366619,0.19846317531623123,0.06319065306859448,10.343604793348007,0.07594278283485045,13.259573810994441,15.037768524283935,4.568039957441778,0.49595267745952676,1.536845135290731,0.008245117562799147,0.1494017164125542,1.1070719732581218,0.03293379405100021,39.03925035360679,0.6335872623704619,0.16417910447761191,0.3985271412302576,0.36985886146691943,0.062047760762313345,0.09552628456152842,0.1583122971510999,0.19866342648845686,0.1978221415607986,0.2579027185063898,0.22531220667251237,Communication Equipment,Technology,CSCO
2023Q2,2023,Q2,2023-02-21,2023-01-28,2773000000.0,13592000000.0,3292000000.0,0.67,8427000000.0,0.6199970571,95840000000.0,41474000000.0,38515000000.0,27252000000.0,54366000000.0,3140000000.0,-364000000.0,199036530000.0,198914530000.0,10.10821350231538,1.4132907676500808,0.09272746243739566,0.21427882528813233,0.05307923352690791,10.10821350231538,0.06686116603173073,14.643652884049441,17.944151640822213,4.799067608622269,0.562567616300036,1.644904458598726,0.007837757219742527,0.14181969949916529,1.1322104799647732,0.02893363939899833,43.562383453709785,0.6199970570924073,0.030769230769230795,1.3791148711296999,0.3722322772112671,-0.042498493990209434,0.009705248023005032,0.03857677902621723,-0.07005649717514124,-0.0038419997096989086,0.17055102253986093,0.2067385719421901,Communication Equipment,Technology,CSCO
2023Q1,2023,Q1,2022-11-22,2022-10-29,2670000000.0,13632000000.0,3540000000.0,0.65,8346000000.0,0.6122359155,93054000000.0,40272000000.0,36141000000.0,24896000000.0,52782000000.0,2664000000.0,-594000000.0,187489120000.0,189075120000.0,9.803310613437196,1.4516789845758356,0.09540696799707697,0.22045093365117202,0.05533962250342147,9.803310613437196,0.06629916567342074,13.753603286384976,17.55516104868914,4.655570123162495,0.5842696629213483,1.9842342342342343,0.008320482809882516,0.14649558320974918,1.1610700514138816,0.028693016957895414,49.521690438457476,0.6122359154929577,-0.04411764705882357,0.34632772291000125,0.35596251249230565,-0.25835824054866435,0.04,-0.05150976909413854,0.030867792661619105,-0.05683756616468151,0.07074546925984211,0.20921642113279873,Communication Equipment,Technology,CSCO
2022Q4,2022,Q4,2022-09-08,2022-07-30,2815000000.0,13102000000.0,3434000000.0,0.68,8025000000.0,0.6125019081,94002000000.0,39773000000.0,36717000000.0,25640000000.0,54229000000.0,2568000000.0,-1319000000.0,187287360000.0,189723360000.0,9.634932170542635,1.4320202808112326,0.10122125061168911,0.23923264526186105,0.057414241563327834,9.634932170542635,0.07077665753149122,14.294562662188978,16.63298046181172,4.708907047494532,0.5566607460035524,1.97702492211838,0.008366821978803054,0.13938001319120868,1.16201248049922,0.02994617135805621,52.935941209723005,0.6125019081056328,-0.06849315068493142,0.4046485044580041,0.3061446471504136,-0.27261266269229967,-0.011821204285186553,-0.0752299605781866,-0.04875346260387812,0.3196518084926945,0.009050097505386236,0.22521001566967055,Communication Equipment,Technology,CSCO
2022Q3,2022,Q3,2022-05-25,2022-04-30,3044000000.0,12835000000.0,3610000000.0,0.73,8121000000.0,0.632723023,92797000000.0,40400000000.0,35981000000.0,24150000000.0,52397000000.0,2231000000.0,-724000000.0,203364960000.0,205830960000.0,9.730250481695569,1.4898964803312629,0.10149034990355292,0.23311881188118813,0.05803202055904434,9.730250481695569,0.07534653465346534,15.844562524347488,16.702115637319316,5.033786138613861,0.5108409986859396,2.1129538323621695,0.0076463516625479636,0.13831266096964343,1.2296066252587992,0.03280278457277714,57.205333333333336,0.632723022984028,0.028169014084507067,0.45899362974369595,0.2958009177228466,-0.25514814993597135,0.008945210585165859,0.023881601076353853,-0.021945272283933892,0.05250481695568399,0.04251422485153592,0.15534166408568734,Communication Equipment,Technology,CSCO
2022Q2,2022,Q2,2022-02-22,2022-01-29,2973000000.0,12720000000.0,3691000000.0,0.71,8049000000.0,0.6327830189,94262000000.0,39496000000.0,36799000000.0,25915000000.0,54766000000.0,2059000000.0,-2006000000.0,232616630000.0,237356630000.0,9.442027253167582,1.419988423692842,0.12169272877723791,0.29043447437715214,0.05975656449561075,9.442027253167582,0.07527344541219363,18.287470911949686,19.560766061217624,5.88962502531902,0.5183316515304406,2.2685769791160757,0.006624633844966287,0.13494303112601047,1.1846420991703646,0.03153975090704632,98.94369629944704,0.6327830188679245,0.0142857142857143,0.5180283747675044,0.31692676624729493,-0.2579372416254968,-0.000496709300881659,-0.002348993288590604,0.07358929610238511,0.12579044504154632,0.09213662933026774,0.03473637063078505,Communication Equipment,Technology,CSCO
2022Q1,2022,Q1,2021-11-23,2021-10-30,2980000000.0,12900000000.0,3438000000.0,0.7,8053000000.0,0.6242635658914729,95981000000.0,42701000000.0,37588000000.0,23238000000.0,53280000000.0,1832000000.0,553000000.0,236081460000.0,237964460000.0,10.123518255097203,1.6175230226353388,0.0989987601712839,0.2225240626683216,0.05366630744869169,10.123518255097203,0.06978759279642163,18.300888372093024,19.805491610738255,5.528710334652584,0.5238255033557047,2.6457423580786026,0.006612124476017727,0.13440160031672935,1.4349771925294776,0.031047811546035153,71.43160665658094,0.6242635658914729,-0.014084507042253534,0.5295242202626944,0.2446714764259761,-0.19737995980863576,-0.03487535953978907,-0.009637753406447324,-0.03832167832167832,-0.09124990096650015,0.06802612862169648,0.053955957729400005,Communication Equipment,Technology,CSCO
2021Q4,2021,Q4,2021-09-09,2021-07-31,3009000000.0,13126000000.0,3575000000.0,0.71,8344000000.0,0.6356849001980801,97497000000.0,41275000000.0,39112000000.0,26257000000.0,56222000000.0,1559000000.0,-654000000.0,233439920000.0,235790920000.0,9.790085388994308,1.4895837300529382,0.11821902212375765,0.2792489400363416,0.05454632301673123,9.790085388994308,0.07290127195639007,17.78454365381685,19.39514124293785,5.655721865536038,0.5191093386507145,3.067350865939705,0.006691229160805058,0.13462978348051735,1.2908557717941882,0.030862488076556203,53.76322432058959,0.6356849001980801,0.0441176470588234,0.27645694528857945,0.23938936156220522,-0.22539679187194717,0.0194257788637752,0.05099545930841774,0.031746031746031744,-0.12320494007277777,0.1324898933162037,0.05868157895985112,Communication Equipment,Technology,CSCO
2021Q3,2021,Q3,2021-05-25,2021-05-01,2863000000.0,12803000000.0,3465000000.0,0.68,8185000000.0,0.6393032882918066,93896000000.0,40205000000.0,37060000000.0,24262000000.0,53691000000.0,1579000000.0,-1456000000.0,214789290000.0,218971290000.0,9.529509362408154,1.5274915505729123,0.12281673340717389,0.28682999626912076,0.05339590350521141,9.529509362408154,0.07121004850143017,16.77648129344685,18.755613866573523,5.342352692451187,0.5448829898707649,2.9246358454718178,0.007262931964624494,0.13635298628269574,1.3900337977083506,0.03049118173298117,57.9259142394822,0.6393032882918066,0.13333333333333347,0.4536820850677434,0.2725111795844196,-0.23101300375833364,0.051515930113052416,0.124950884086444,0.07508532423208192,0.20815956271504155,0.16655654850707,-0.021540915211901407,Communication Equipment,Technology,CSCO
2021Q2,2021,Q2,2021-02-16,2021-01-23,2545000000.0,11960000000.0,3223000000.0,0.6,7784000000.0,0.6508361204013378,95601000000.0,39121000000.0,43911000000.0,27268000000.0,56480000000.0,1436000000.0,-2351000000.0,189063710000.0,191824710000.0,9.263793511721525,1.610349127182045,0.15223690128764344,0.3720252549781447,0.04694885944521595,9.263793511721525,0.06505457426957388,15.808002508361204,18.572073673870335,4.832793384627182,0.5976424361493123,2.9080779944289694,0.008044907190279931,0.1251032938985994,1.4544887780548628,0.026621060449158483,67.83771438823108,0.6508361204013378,0.17647058823529405,-0.029092352989112356,0.2038900866688013,-0.22841035789738734,0.02677746999076639,0.17065317387304507,0.25408560311284045,1.3380564083232427,0.17315630706000326,-0.12248625963378103,Communication Equipment,Technology,CSCO
2021Q1,2021,Q1,2020-11-17,2020-10-24,2174000000.0,11929000000.0,2570000000.0,0.51,7581000000.0,0.6355101014334814,95003000000.0,38157000000.0,42989000000.0,26991000000.0,56846000000.0,1303000000.0,-2756000000.0,164208600000.0,167952600000.0,9.020567375886525,1.5927160905487014,0.15332147405871394,0.38173860628456113,0.039527171217805794,9.020567375886525,0.05697512907199203,13.765495850448486,18.883233670653176,4.303498702728202,0.6991720331186753,3.3369148119723713,0.009256518842496678,0.12556445585928866,1.457745174317365,0.02288348788985611,41.836585987261145,0.6355101014334814,-0.17741935483870966,0.07442625183628594,0.12963888805003868,-0.2359657490454083,-0.01340447683498178,-0.17526555386949924,-0.20850015398829688,0.06460655184059427,0.15234417733769065,-0.31757446808510637,Communication Equipment,Technology,CSCO
2020Q4,2020,Q4,2020-09-03,2020-07-25,2636000000.0,12154000000.0,3247000000.0,0.62,7684000000.0,0.6322198453184137,94853000000.0,37920000000.0,43573000000.0,25331000000.0,56933000000.0,1282000000.0,-2763000000.0,196132800000.0,198906800000.0,8.970901348474095,1.7201452765386285,0.15374316046935785,0.3845727848101266,0.04931064982556985,8.970901348474095,0.06951476793248945,16.137304591081126,18.60136570561457,5.172278481012658,0.5785280728376327,3.486739469578783,0.0077753440526010945,0.1281351143348128,1.520034740041846,0.027790370362561014,54.57228714524207,0.6322198453184137,-0.04615384615384619,0.36769344446107305,0.13866732258361214,-0.2357197182763368,-0.011195470338437782,-0.04974765681326604,-0.048916227299355595,0.2845236617345198,0.18326046089092488,-0.3227435409387913,Communication Equipment,Technology,CSCO
2020Q3,2020,Q3,2020-05-18,2020-04-25,2774000000.0,11983000000.0,3414000000.0,0.65,7771000000.0,0.6485020445631311,91394000000.0,35708000000.0,41307000000.0,25937000000.0,55686000000.0,1212000000.0,-3874000000.0,179859600000.0,185577600000.0,8.44160756501182,1.5925897366696224,0.17598529443945993,0.4504312759045592,0.05309384146072362,8.44160756501182,0.0776856726783914,15.009563548360177,16.20940879596251,5.036955304133528,0.5475847152126893,3.4752475247524752,0.00844547636045004,0.1311136398450664,1.5073832748583105,0.0303521018885266,44.235022134776194,0.6485020445631311,-0.04411764705882357,0.37293828109008953,0.19084241357192544,-0.26781901982744327,0.0009015971148892323,-0.03613620569840167,0.010059171597633136,0.3050651175688187,0.1874762900396387,-0.3537939209127259,Communication Equipment,Technology,CSCO
2020Q2,2020,Q2,2020-02-18,2020-01-25,2878000000.0,12005000000.0,3380000000.0,0.68,7764000000.0,0.6467305289462724,90426000000.0,35533000000.0,40053000000.0,22088000000.0,54893000000.0,1353000000.0,-4384000000.0,207221700000.0,214739700000.0,8.376473361621876,1.8133375588554872,0.17686284918054543,0.4500886499873357,0.053421307776090804,8.376473361621876,0.08099513128640981,17.261282798833818,18.00049513551077,5.8318098668843055,0.5163307852675469,3.1345158906134514,0.007171063648256915,0.1327604892398204,1.6449655921767476,0.031827129365447994,57.386236499584605,0.6467305289462724,0.0,0.4483299393769163,0.21324387381767676,-0.2573821998090865,-0.08270321361058601,-0.016404647983595352,-0.05560212349818385,0.4490820279399563,0.22561446559163686,-0.3416806834474666,Communication Equipment,Technology,CSCO
2020Q1,2020,Q1,2019-11-19,2019-10-26,2926000000.0,13159000000.0,3579000000.0,0.68,8464000000.0,0.6432099703624895,92492000000.0,34423000000.0,41716000000.0,24597000000.0,58069000000.0,1344000000.0,-5083000000.0,199137400000.0,209047400000.0,8.10715967969854,1.6959791844533887,0.19998486355576697,0.5373442175289778,0.05368597610865653,8.10715967969854,0.0850013072654911,15.133171213618056,17.014473684210525,5.785010022368764,0.5078605604921395,3.4933035714285716,0.007462184401322906,0.1422717640444579,1.512054315566939,0.031635168447000823,58.829364844903985,0.6432099703624895,0.3333333333333334,0.9271210076983254,0.29382325488000427,-0.2691718931611248,-0.012829484487986938,0.3263825929283772,-0.03008130081300813,0.4919044240046771,0.26128868392440074,-0.35724234757208206,Communication Equipment,Technology,CSCO
2019Q4,2019,Q4,2019-09-05,2019-07-27,2206000000.0,13428000000.0,3690000000.0,0.51,8574000000.0,0.6385165326184093,97793000000.0,33571000000.0,47755000000.0,31712000000.0,64222000000.0,1383000000.0,-5903000000.0,241326570000.0,254242570000.0,7.863902553291169,1.5058968213925328,0.2522266419886904,0.7347412945697179,0.03773652466715382,7.863902553291169,0.06571147716779363,17.971892314566578,27.348885992747054,7.188542789907957,0.6754306436990027,3.509761388286334,0.006174206180446687,0.13731044144263904,1.3659497981836528,0.02255785178898285,64.62950455275843,0.6385165326184093,-0.26086956521739124,0.1776901879948622,0.3035476376806178,-0.28917561027634275,0.04906399119050532,-0.2752956636005256,0.05038428693424424,-0.07580431082572915,0.25216379963516194,-0.3777986703738579,Communication Equipment,Technology,CSCO
2019Q3,2019,Q3,2019-05-21,2019-04-27,3044000000.0,12958000000.0,3513000000.0,0.69,8173000000.0,0.6307300509337861,97287000000.0,36804000000.0,47311000000.0,27913000000.0,60483000000.0,1513000000.0,-2877000000.0,244195600000.0,257642600000.0,8.421967963386727,1.6949450077025041,0.24358855756678693,0.6438974024562547,0.04889278376449542,8.421967963386727,0.08270840126073253,18.84516129032258,20.05548620236531,6.63502880121726,0.49901445466491456,3.1625908790482486,0.006220423300010319,0.13319354076084164,1.620356106473686,0.031288866960642224,59.54537917581078,0.6307300509337861,0.09523809523809515,0.6425706932242994,0.3209279379366187,-0.22357930636711168,0.05146018268364853,0.07866761162296244,0.09405169729056369,0.4921786670017818,0.2434144927536232,-0.32038643330828426,Communication Equipment,Technology,CSCO
2019Q2,2019,Q2,2019-02-19,2019-01-26,2822000000.0,12446000000.0,3211000000.0,0.63,7773000000.0,0.6245380041780492,102462000000.0,40789000000.0,53117000000.0,29479000000.0,61673000000.0,1701000000.0,538000000.0,206201100000.0,221996100000.0,9.125055928411633,1.8018589504392957,0.2501415158790576,0.6283556841305253,0.040810188972583546,9.125055928411633,0.06918531957145309,16.567660292463444,18.267283841247345,5.055311481036554,0.5209071580439405,2.7472075249853027,0.0071289629395769475,0.12146942281040776,1.6692221581464772,0.02754191797934844,58.3147907239819,0.6245380041780492,-0.18181818181818182,1.3388436712834022,0.32140709967440706,-0.13841791212593077,-0.04578934446354039,-0.20484643561566637,-0.15611038107752956,0.0170930874829123,0.1835838037097038,-0.23996593522289786,Communication Equipment,Technology,CSCO
2019Q1,2019,Q1,2018-11-20,2018-10-27,3549000000.0,13072000000.0,3805000000.0,0.77,8146000000.0,0.6231640146878825,105429000000.0,43848000000.0,55686000000.0,26414000000.0,61581000000.0,1572000000.0,3169000000.0,202001250000.0,219155250000.0,9.6052573932092,2.108200196865299,0.24247597909493593,0.5830140485312899,0.04976917387714515,9.6052573932092,0.08093869731800767,15.45297200122399,14.229448436179204,4.606852079912425,0.42265426880811496,3.133587786259542,0.00742569662316446,0.1239886558726726,1.9457484667221927,0.03366246478672851,56.885736412278234,0.6231640146878825,-0.049382716049382755,1.0947175841277297,0.274310907450466,-0.12292520398867379,0.02827568795758647,-0.06678937680778332,0.13717872086072924,0.6252592863034631,0.14703645480403346,-0.1864430105289905,Communication Equipment,Technology,CSCO
2018Q4,2018,Q4,2018-09-06,2018-07-28,3803000000.0,12844000000.0,3346000000.0,0.81,7922000000.0,0.616786047960137,108784000000.0,43204000000.0,61837000000.0,27035000000.0,65580000000.0,1846000000.0,1233000000.0,198887040000.0,215522040000.0,9.247431506849315,2.287294248196782,0.23504375643476982,0.5918202018331636,0.05151076083005979,9.247431506849315,0.08802425701323952,15.484820928059795,13.074351827504602,4.603440422183131,0.4036287141730213,2.666305525460455,0.0077179488417143715,0.11806883365200765,2.0689846495283892,0.034959185174290336,51.18040144107051,0.616786047960137,0.4464285714285714,0.9245501365337033,0.18826245999463834,-0.16050465329397373,0.021007861837865703,0.41322928279450016,0.06764518187619656,0.7852502333315612,0.08869777683915017,-0.2121605976107137,Communication Equipment,Technology,CSCO
2018Q3,2018,Q3,2018-05-22,2018-04-28,2691000000.0,12463000000.0,3134000000.0,0.56,7759000000.0,0.6225627858461045,114008000000.0,46661000000.0,67141000000.0,28642000000.0,67347000000.0,1900000000.0,3709000000.0,214205610000.0,235558610000.0,9.739302859528282,2.3441449619439982,0.24622833485369447,0.6016159105034182,0.03469095137003132,9.739302859528282,0.05767128865647971,17.187323276899622,19.900186733556296,4.590677653715094,0.5841694537346711,2.4757894736842103,0.007338743369046216,0.10931689004280401,2.267090286991132,0.023603606764437582,98.48533793103448,0.6225627858461045,1.3146067415730336,0.20790268072248066,0.13478378199573873,-0.0860614049019825,0.034809282475326754,1.306561859193438,0.0319394138952914,0.175905582096509,0.09351696841288763,-0.15526370315500243,Communication Equipment,Technology,CSCO
2018Q2,2018,Q2,2018-02-20,2018-01-27,-8778000000.0,11887000000.0,3037000000.0,-1.78,7498000000.0,0.6307731134853201,131510000000.0,51982000000.0,86050000000.0,35364000000.0,79528000000.0,1896000000.0,7364000000.0,209565440000.0,231307440000.0,10.556864337936636,2.433265467707273,0.29933845334955517,0.7573006040552499,-0.09029630377704759,10.556864337936636,-0.16886614597360625,17.629800622528812,-5.968484848484849,4.031500134661999,-0.16233766233766234,2.314873417721519,0.006799785308111872,0.09038856360733025,2.34207103268861,-0.0667477758345373,54.30563358383001,0.6307731134853201,-4.708333333333333,-4.016348271002083,0.061179792324234455,0.011283518853409464,0.00955971455500202,-4.666666666666667,0.10195936139332366,-4.805615569421159,0.03492964031836204,-0.064079233216297,Communication Equipment,Technology,CSCO
2018Q1,2018,Q1,2017-11-21,2017-10-28,2394000000.0,12136000000.0,2756000000.0,0.48,7427000000.0,0.6119808833223468,130522000000.0,65550000000.0,84080000000.0,29284000000.0,64972000000.0,1693000000.0,20647000000.0,170738370000.0,195618370000.0,13.218390804597702,2.8711924600464416,0.27522563246042814,0.5480244088482075,0.0219516821074326,13.218390804597702,0.036521739130434785,14.068751647989453,17.829821428571428,2.604704347826087,0.5998329156223893,2.781453041937389,0.00841052892797325,0.09298049370987267,2.7481218412785138,0.018341735492867103,58.63268200549451,0.6119808833223468,0.0,0.22328080701523048,0.09236826517694341,0.32996791662248826,-0.015769944341372914,-0.012376237623762377,-0.09162821357943308,0.3500339545763224,0.021676761284097533,0.1915852047877451,Communication Equipment,Technology,CSCO
2017Q4,2017,Q4,2017-09-07,2017-07-29,2424000000.0,12133000000.0,3034000000.0,0.48,7546000000.0,0.6219401631912964,129818000000.0,66137000000.0,83703000000.0,27583000000.0,63681000000.0,1616000000.0,20838000000.0,157379360000.0,179388360000.0,13.245944322050871,3.0345865206830296,0.2597251536766858,0.5098054039342577,0.02316090926715269,13.245944322050871,0.036651193734218365,12.971182724800132,16.231369636963695,2.379596292544264,0.5973597359735974,2.838490099009901,0.009200698236414229,0.09346161549245867,2.890766051553493,0.018672295059236777,41.492053783285,0.6219401631912964,-0.040000000000000036,0.350327391054832,0.10836361667669203,0.3771277761021575,0.0037243947858473,-0.03618290258449304,-0.042600189334174816,0.10642696838323984,0.007043801599004819,0.19731141443185857,Communication Equipment,Technology,CSCO
2017Q3,2017,Q3,2017-05-23,2017-04-29,2515000000.0,11940000000.0,3169000000.0,0.5,7518000000.0,0.6296482412060301,125950000000.0,65382000000.0,79962000000.0,22718000000.0,60568000000.0,1366000000.0,20721000000.0,170520350000.0,194874350000.0,13.063336663336663,3.519764063738005,0.2578007145692735,0.4966198647945918,0.02552488051301851,13.063336663336663,0.03846624453213423,14.281436348408711,16.950333001988074,2.6080626166223118,0.5769383697813121,3.2371888726207905,0.00850924830965923,0.09479952362048431,3.4323443965137774,0.019968241365621277,54.25400890868597,0.6296482412060301,0.06382978723404262,0.25055729489909623,0.10922422417072065,0.3705095301917546,0.03326003298515668,0.07112436115843271,0.09540269616315243,0.18493565123551362,0.06272973453571125,0.20430818039221438,Communication Equipment,Technology,CSCO
2017Q2,2017,Q2,2017-02-21,2017-01-28,2348000000.0,11580000000.0,2893000000.0,0.47,7276000000.0,0.6283246977547495,126248000000.0,63811000000.0,83392000000.0,22708000000.0,62430000000.0,1264000000.0,20027000000.0,155364700000.0,179388700000.0,12.724027916251247,3.672362163114321,0.27661428299854257,0.5472724138471423,0.02321948278068207,12.724027916251247,0.03679616367084045,13.416640759930916,16.54223807495741,2.434763598752566,0.555366269165247,3.4050632911392404,0.008393154944462931,0.09172422533426272,3.5722652809582525,0.018598314428743424,44.12516330587901,0.6283246977547495,0.021739130434782507,0.15182079791788702,0.07531037493920593,0.38696710097138226,-0.07711821410451547,0.01119724375538329,0.005561348627042058,0.7345182088444252,0.09585220135201758,0.20139477766027752,Communication Equipment,Technology,CSCO
2017Q1,2017,Q1,2016-11-22,2016-10-29,2322000000.0,12352000000.0,2877000000.0,0.46,7884000000.0,0.6382772020725389,126287000000.0,63406000000.0,83141000000.0,23217000000.0,62874000000.0,1176000000.0,19694000000.0,153775930000.0,179981930000.0,12.613089317684503,3.581039755351682,0.27547570217045303,0.5486704728259155,0.02303823775324768,12.613089317684503,0.036621139955209284,12.44947619818653,16.556409345391902,2.4252583351733277,0.5633074935400517,3.7993197278911564,0.008505882552620556,0.09780895895856263,3.4423913511650945,0.01838669063324016,62.6378533604888,0.6382772020725389,-0.1785714285714286,0.4020930755574373,0.17748465323500423,0.4417861273965884,-0.01141065830721003,-0.17454674724493424,-0.12897366030881016,0.24455355907757428,0.09345909416416538,0.15172579843637637,Communication Equipment,Technology,CSCO
2016Q4,2016,Q4,2016-09-08,2016-07-30,2813000000.0,12638000000.0,3303000000.0,0.56,7975000000.0,0.6310333913593923,121652000000.0,63586000000.0,78719000000.0,24911000000.0,58067000000.0,1217000000.0,19396000000.0,153596430000.0,174608430000.0,12.638839196978731,3.1600096342981012,0.23545030085818563,0.45046079325637717,0.029682396906886985,12.638839196978731,0.04423929795867015,12.153539325842697,13.650589228581584,2.4155699367785366,0.46533949520085316,3.8315529991783075,0.008522333494339679,0.10388649590635583,3.014812733330657,0.023123335415776148,43.24223817567567,0.6310333913593923,0.21739130434782614,1.486146605332652,0.22919833610445076,0.4660475399366765,0.032897293096749124,0.19753086419753085,0.10690348525469169,0.32196864024545624,0.08577277511465634,0.1473722931357383,Communication Equipment,Technology,CSCO
2016Q3,2016,Q3,2016-05-24,2016-04-30,2349000000.0,12000000000.0,2984000000.0,0.46,7721000000.0,0.6434166666666666,118654000000.0,62358000000.0,78571000000.0,24003000000.0,56296000000.0,1343000000.0,18448000000.0,138329680000.0,158029680000.0,12.392289348171701,3.273382493854935,0.24099482529033997,0.45856185252894577,0.024997195248629395,12.392289348171701,0.03766958529779659,11.527473333333333,14.72218816517667,2.2183148914333364,0.5568326947637292,3.186150409530901,0.00945567140761115,0.1011343907495744,3.0675748864725243,0.01979705698922919,50.11944927536232,0.6434166666666666,-0.2580645161290322,0.42291239773254163,0.20882892832092176,0.4472516534090226,0.03888589881593111,-0.25357483317445184,-0.09411050394656952,0.0038915589139916344,0.04029691311558875,0.16289550497300487,Communication Equipment,Technology,CSCO
2016Q2,2016,Q2,2016-02-18,2016-01-23,3147000000.0,11927000000.0,3294000000.0,0.62,7432000000.0,0.6231240043598558,112642000000.0,60871000000.0,75005000000.0,22799000000.0,51764000000.0,1362000000.0,17821000000.0,118485900000.0,136770900000.0,12.00611439842209,3.28983727356463,0.21838213099909448,0.404116902958716,0.036686289136379883,12.00611439842209,0.051699495654745284,9.934258405298902,9.412607244995234,1.9465081894498202,0.33841754051477596,3.3002936857562406,0.008988411279316778,0.10588412847783242,3.0325014255011187,0.027938069281440315,32.839772727272724,0.6231240043598558,0.2916666666666667,1.2571645872965855,0.2502629564496208,0.4549597672634819,-0.05107252298263534,0.29506172839506173,0.06982786619032154,0.05025010966419228,0.03408922465219129,0.15011287707482068,Communication Equipment,Technology,CSCO
2016Q1,2016,Q1,2015-11-19,2015-10-24,2430000000.0,12682000000.0,3079000000.0,0.48,7832000000.0,0.6175682069074279,111773000000.0,59977000000.0,73946000000.0,22100000000.0,51788000000.0,1482000000.0,16586000000.0,149098000000.0,167961000000.0,11.806496062992126,3.345972850678733,0.22027681103665464,0.41050736115510944,0.028193003671217073,11.806496062992126,0.040515530953532185,11.756662986910582,15.339300411522634,2.485919602514297,0.43950617283950616,3.272604588394062,0.007163073951360849,0.11346210623316902,3.0734389140271494,0.021740491889812388,59.54392971246006,0.6175682069074279,0.0666666666666666,0.3867090285994042,0.2993186229628274,0.47861993223147054,0.012802275960170697,0.047865459249676584,0.06872613675807011,0.2121006534078077,0.11432442986980973,0.18791017784461264,Communication Equipment,Technology,CSCO
2015Q4,2015,Q4,2015-09-08,2015-07-25,2319000000.0,12843000000.0,2881000000.0,0.45,7733000000.0,0.6021178852293078,113481000000.0,59698000000.0,76283000000.0,23623000000.0,53774000000.0,1627000000.0,16045000000.0,144442400000.0,162919400000.0,11.737711364530083,3.229183422935275,0.22342066072734643,0.4247043452041944,0.026782271815774833,11.737711364530083,0.03884552246306409,11.246780347270887,15.571625700733074,2.4195517437770104,0.46097455799913756,3.1407498463429624,0.00740087398160097,0.11317313030375128,2.947720441942175,0.02043513892193407,37.83195390256679,0.6021178852293078,-0.042553191489361625,0.3403030663289102,0.32550300936843113,0.5082138442055507,0.027641196013289036,-0.04842018875666804,-0.015042735042735043,0.26821364240847717,0.15176998399134534,0.22032283655723606,Communication Equipment,Technology,CSCO
2015Q3,2015,Q3,2015-05-20,2015-04-25,2437000000.0,12137000000.0,2925000000.0,0.47,7525000000.0,0.6200049435610118,106212000000.0,58823000000.0,69331000000.0,23245000000.0,47379000000.0,1760000000.0,15503000000.0,147039640000.0,164173640000.0,11.529400235201882,2.982619918261992,0.1977554325311641,0.35707121364092276,0.02942204774827211,11.529400235201882,0.04142937286435578,12.114990524841394,15.084082888797703,2.4996963772673952,0.43906442347148134,2.6204545454545456,0.0072769492634775215,0.11427145708582834,2.7642073564207355,0.022944676684367116,54.80418934029072,0.6200049435610118,0.021739130434782507,0.2488346311879984,0.31494115340268397,0.5075289242058404,0.0613540197461213,0.016687526074259492,0.11556064073226545,0.18873421010462774,0.10608880866904725,0.2095801637024697,Communication Equipment,Technology,CSCO
2015Q2,2015,Q2,2015-02-18,2015-01-24,2397000000.0,11936000000.0,2622000000.0,0.46,7090000000.0,0.5940013404825737,104922000000.0,57718000000.0,67882000000.0,20034000000.0,47189000000.0,1890000000.0,14847000000.0,144350570000.0,160075570000.0,11.279656048465897,3.3883398223020866,0.19559291664283945,0.35555632558300704,0.027959941191418307,11.279656048465897,0.04152950552687203,12.09371397453083,15.055336879432623,2.5009627845732703,0.4063412599082186,2.564021164021164,0.006747462098694865,0.11376069842359086,3.1026754517320554,0.02284554240292789,55.137727272727275,0.5940013404825737,0.31428571428571445,0.4513252281924078,0.36439662384163696,0.5599466509501521,-0.033137869903177415,0.3112691466083151,0.11955593509820667,0.1524189152565083,0.0862745561444398,0.22952511205305878,Communication Equipment,Technology,CSCO
2015Q1,2015,Q1,2014-11-20,2014-10-25,1828000000.0,12245000000.0,2342000000.0,0.35,7333000000.0,0.598856676194365,103978000000.0,56708000000.0,66396000000.0,20056000000.0,47263000000.0,1676000000.0,14273000000.0,121563360000.0,138148360000.0,11.093114241001565,3.3105305145592343,0.20169651272384542,0.369824363405516,0.023352956064864108,11.093114241001565,0.032235310714537634,9.927591670069416,16.62518599562363,2.14367214502363,0.5322757111597374,2.9307875894988067,0.008004056485441008,0.11776529650502991,3.0344036697247705,0.017580642058897075,55.105784224841344,0.598856676194365,-0.186046511627907,0.15401311681567365,0.5313103324029708,0.5992697822072903,-0.009723160027008779,-0.1864708500222519,-0.12644535621036926,0.08544759459023893,0.14787554097386976,0.2680397180631187,Communication Equipment,Technology,CSCO
2014Q4,2014,Q4,2014-09-09,2014-07-26,2247000000.0,12357000000.0,2681000000.0,0.43,7405000000.0,0.5992554827223436,105134000000.0,56654000000.0,67114000000.0,19809000000.0,48473000000.0,1591000000.0,14093000000.0,132992370000.0,147175370000.0,11.063073618433899,3.3880559341713363,0.19887952517739266,0.3690648497899531,0.02795844715543575,11.063073618433899,0.03966180675680446,10.76251274581209,14.796658878504672,2.3474489003424295,0.43346684468179797,3.1125078566939033,0.007323728421412447,0.11753571632392946,3.064970467969105,0.02137272433275629,40.460106480073016,0.5992554827223436,0.023809523809523832,1.3449034746733126,0.6332667204100144,0.65372153837795,0.05695118469882957,0.030261348005502064,0.05468135326514555,0.9510105448154658,0.18074523289410996,0.2832659399860436,Communication Equipment,Technology,CSCO
2014Q3,2014,Q3,2014-05-22,2014-04-26,2181000000.0,11545000000.0,2542000000.0,0.42,7006000000.0,0.6068427890861845,101856000000.0,55787000000.0,64288000000.0,18515000000.0,46060000000.0,1528000000.0,13849000000.0,118289000000.0,132940000000.0,10.847170911919113,3.472211720226843,0.20511310084825637,0.37449585028770144,0.02736667017497238,10.847170911919113,0.039095129689712654,10.245907319185795,13.559032553874369,2.1203685446430174,0.4465841357175607,2.970549738219895,0.008234070792719525,0.11334629280552938,3.228679449095328,0.02141258246936852,41.87221238938053,0.6068427890861845,0.5555555555555554,0.8262131813516226,0.5965519206322788,0.6901392297533404,0.1772811292219795,0.5262421273617914,0.5248950209958009,0.2926320514954644,0.13789357130410396,0.26680273483133976,Communication Equipment,Technology,CSCO
2014Q2,2014,Q2,2014-02-20,2014-01-25,1429000000.0,11155000000.0,1667000000.0,0.27,5951000000.0,0.5334827431645002,98427000000.0,56069000000.0,60689000000.0,22944000000.0,42343000000.0,1548000000.0,13928000000.0,117526800000.0,129333800000.0,10.591046467699282,2.64509239888424,0.17420016865291027,0.3058017799497048,0.01853918512253553,10.591046467699282,0.025486454190372577,10.535795607350964,20.56102169349195,2.0961101499937578,0.6270118964310707,3.3617571059431524,0.007623793041246762,0.113332723744501,2.4223762203626222,0.014518374023387891,45.012179241669855,0.5334827431645002,-0.27027027027027023,0.04956132594908739,0.3557415247606228,0.6838332855695675,-0.1965708113946267,-0.28406813627254507,-0.3209775967413442,-0.018426700664938303,0.11986002345272742,0.28347490223362176,Communication Equipment,Technology,CSCO
2014Q1,2014,Q1,2013-11-22,2013-10-26,1996000000.0,12085000000.0,2455000000.0,0.37,7407000000.0,0.6129085643359536,100741000000.0,58897000000.0,62796000000.0,21728000000.0,41832000000.0,1466000000.0,15959000000.0,120762989999.99998,131734989999.99998,10.95146894756415,2.8900957290132547,0.16106649725533795,0.27549790311900435,0.025680613452730174,10.95146894756415,0.033889671799921896,9.992800165494414,15.125625,2.0504098680747744,0.45791583166332667,3.190995907230559,0.007568543971956972,0.11996108833543444,2.604703608247423,0.0198131843043051,51.74078406169665,0.6129085643359536,-0.11904761904761903,-0.008321549638767538,0.279188877892592,0.8383213609426222,0.008166598611678236,-0.12070484581497798,-0.12757640369580667,0.0759262934580915,0.16954647270966133,0.3715381927615315,Communication Equipment,Technology,CSCO
2013Q4,2013,Q4,2013-09-10,2013-07-27,2270000000.0,12417000000.0,2814000000.0,0.42,7347000000.0,0.5916888137231215,101191000000.0,59120000000.0,65521000000.0,22192000000.0,42063000000.0,1476000000.0,16215000000.0,136837032000.0,145123032000.0,11.015464877957891,2.952460346070656,0.16020199424850037,0.2742050067658999,0.029535411443029274,11.015464877957891,0.038396481732070366,11.02013626479826,15.0701577092511,2.314564140730717,0.40440528634361234,3.434959349593496,0.006708710256153466,0.1227085412734334,2.700522710886806,0.022432825053611487,37.295457072771875,0.5916888137231215,-0.0869565217391305,0.25710486812176875,0.3362705404764612,0.9194414682693196,-0.021834642524297697,-0.08393866020984665,-0.043507817811012914,0.24329125881246735,0.21443892075789855,0.4154102203859417,Communication Equipment,Technology,CSCO
2013Q3,2013,Q3,2013-05-21,2013-04-27,2478000000.0,12216000000.0,2942000000.0,0.46,7511000000.0,0.614849377865095,97084000000.0,56788000000.0,61417000000.0,21063000000.0,40286000000.0,1469000000.0,15668000000.0,110150430000.00002,121276430000.00002,10.656408331769562,2.9158714333190905,0.16736022413579993,0.2861167852363175,0.033893911517087046,10.656408331769562,0.04363597943227442,9.01689833005894,11.112835956416466,1.9396779249137144,0.3652138821630347,3.20285908781484,0.008216036923323858,0.12582917885542416,2.7011821677823673,0.025524288245230935,39.2973349982162,0.614849377865095,-0.22033898305084737,0.5584019884176197,0.3911978592401035,0.9108086881337055,0.022878932316491896,-0.21158129175946547,0.054858372176407315,0.21575325344177906,0.2671228532905208,0.39338070155992144,Communication Equipment,Technology,CSCO
2013Q2,2013,Q2,2013-02-19,2013-01-26,3143000000.0,12098000000.0,2789000000.0,0.59,7343000000.0,0.6069598280707555,96378000000.0,55515000000.0,60725000000.0,17950000000.0,40853000000.0,1574000000.0,14647000000.0,112475700000.0,121919700000.0,10.439074840165476,3.383008356545961,0.1690323517815269,0.2934522201206881,0.043912419294433826,10.439074840165476,0.05661532919030893,9.297049099024632,8.94652402163538,2.026041610375574,0.23639834552974864,3.0209656925031765,0.006605871312647977,0.12552657245429455,3.0749860724233984,0.03261117682458652,36.732756368386674,0.6069598280707555,0.5128205128205127,0.7242621687837971,0.3907274381194116,0.9120699679810592,0.014366625224478518,0.5023900573613767,0.05205582798943795,0.8310836111997923,0.33064586922756967,0.44369648914506643,Communication Equipment,Technology,CSCO
2013Q1,2013,Q1,2012-11-20,2012-10-27,2092000000.0,11876000000.0,2651000000.0,0.39,7239000000.0,0.6095486695857191,92643000000.0,52686000000.0,57907000000.0,17114000000.0,39942000000.0,1709000000.0,12563000000.0,91654290000.0,103208290000.0,9.938879456706282,3.3836040668458573,0.17623565730816143,0.3098925710815017,0.030543559888625196,9.938879456706282,0.039706943020916374,7.71760609632873,10.95295052581262,1.7396327297574308,0.35564053537284895,2.713282621416033,0.008117459641005347,0.1281910128126248,3.117681430407853,0.02258130673661259,41.66104090909091,0.6095486695857191,0.08333333333333341,0.08942812741017928,0.42734990182987487,0.786075792777844,0.02173606210303458,0.0912884715701617,0.11809363137916491,0.2735889280638522,0.43221313800883926,0.4328663023555104,Communication Equipment,Technology,CSCO
2012Q4,2012,Q4,2012-09-12,2012-07-28,1917000000.0,11690000000.0,2371000000.0,0.36,7085000000.0,0.6060735671514115,91759000000.0,51286000000.0,61933000000.0,17731000000.0,40458000000.0,1663000000.0,11354000000.0,83659080000.0,90188080000.0,9.618529632408102,3.492922001015171,0.17794439782473653,0.31837148539562454,0.028173875961894145,9.618529632408102,0.03737862184611785,7.156465355004277,10.910156494522692,1.6312264555629217,0.22170057381324987,2.7690920024052916,0.005080141928407533,0.12739894724223236,3.1799672889289945,0.02089168364956026,29.963853868194843,0.6060735671514115,-0.10000000000000009,0.12794730418355887,0.40730646724015385,0.8500697879361835,-0.011717115357790487,-0.11454965357967667,-0.1378181818181818,0.9213595605191769,0.4839634776884029,0.43778936751679565,Communication Equipment,Technology,CSCO
2012Q3,2012,Q3,2012-05-23,2012-04-28,2165000000.0,11588000000.0,2750000000.0,0.4,7169000000.0,0.6186572316189162,91154000000.0,51357000000.0,61212000000.0,17124000000.0,39776000000.0,1497000000.0,10869000000.0,107652240000.0,117560240000.0,9.53173719376392,3.5746320953048354,0.1795752243456129,0.3187296765776817,0.03163345451924019,9.53173719376392,0.042155889167981,9.289975837072834,12.430974595842956,2.096155149249372,0.1995381062355658,2.9519038076152304,0.004012921607576396,0.12712552383877834,3.2960756832515767,0.023751014766219804,40.04919642857143,0.6186572316189162,0.0,0.29379668166501466,0.4637215886587248,1.016778954596097,0.014720452937013446,-0.007791017415215398,0.005852231163130944,0.7303846166555418,0.5296304947311375,0.4851764657987856,Communication Equipment,Technology,CSCO
2012Q2,2012,Q2,2012-02-21,2012-01-28,2182000000.0,11527000000.0,2734000000.0,0.4,7065000000.0,0.6129088227639455,89259000000.0,49246000000.0,59298000000.0,17598000000.0,39994000000.0,1590000000.0,9490000000.0,104998080000.0,113341080000.0,9.173994038748138,3.3695874531196726,0.18938146293370978,0.34325630508061566,0.03280565158442828,9.173994038748138,0.04430816716078463,9.108881755877505,12.030027497708524,2.1321138772692194,0.14757103574702107,2.8062893081761007,0.003066722743882555,0.12914103899886847,3.093021934310717,0.024445714157675977,37.27301384451544,0.6129088227639455,0.21212121212121213,0.2816588711635691,0.541240358395633,1.0903950753403606,0.02539912917271408,0.22791221159257175,0.23710407239819004,0.5805264451279449,0.38164047236804993,0.4585410961204662,Communication Equipment,Technology,CSCO
2012Q1,2012,Q1,2011-11-22,2011-10-29,1777000000.0,11256000000.0,2210000000.0,0.33,6890000000.0,0.6121179815209666,86964000000.0,47188000000.0,57267000000.0,17461000000.0,39750000000.0,1622000000.0,7910000000.0,100112640000.0,112218640000.0,8.748238783833889,3.279709065918332,0.1937928338162918,0.3571458845469187,0.027315254505839437,8.748238783833889,0.03765787912181063,8.894157782515991,14.084501969611706,2.121569890650165,0.1812042768711311,2.6917385943279903,0.003216377072865125,0.1294328687732855,2.9672412805681234,0.02043374269812796,48.41036750483559,0.6121179815209666,0.5000000000000001,0.24175159150484132,0.5454387790496013,1.0769742359206078,0.004226789097799155,0.44237012987012986,0.5178571428571429,-0.11974677974433369,0.1879056833925002,0.46848557978384764,Communication Equipment,Technology,CSCO
2011Q4,2011,Q4,2011-09-14,2011-07-30,1232000000.0,11195000000.0,1456000000.0,0.22,6861000000.0,0.6128628852166146,87095000000.0,47226000000.0,57231000000.0,17506000000.0,39836000000.0,1486000000.0,7284000000.0,87483660000.0,96643660000.0,8.621029572836802,3.2692219810350736,0.1931454159251392,0.3562020920679287,0.01909133930056888,8.621029572836802,0.026087324778723584,7.814529700759268,17.752366071428572,1.8524469571846016,0.26704545454545453,2.916554508748318,0.0037607022842894317,0.12853780354785005,2.980977950417,0.014145473333716057,33.90839534883721,0.6128628852166146,-0.33333333333333337,-0.10302349293547246,0.5762359421288726,1.2201530658049944,0.03033488511788557,-0.31820697288323185,-0.33302794319743473,-0.33155461967033983,0.18035155956621826,0.5022118307862806,Communication Equipment,Technology,CSCO
2011Q3,2011,Q3,2011-05-25,2011-04-30,1807000000.0,10866000000.0,2183000000.0,0.33,6659000000.0,0.6128290079145959,85350000000.0,47163000000.0,55204000000.0,16110000000.0,38144000000.0,1442000000.0,7217000000.0,96500160000.0,106614160000.0,8.562636165577342,3.426691495965239,0.1962390158172232,0.35513008078366515,0.02801657118528899,8.562636165577342,0.0383139325318576,8.880927664273882,13.35087991145545,2.0460988486737484,0.0,2.9174757281553396,0.0,0.127311072056239,3.1766604593420236,0.021171646162858816,35.72756756756757,0.6128290079145959,0.2222222222222222,0.4435003631082063,0.6596891571585081,1.1428331822042017,0.06356812010860885,0.18803418803418803,0.29631828978622327,0.09948202296940993,0.19724040730126746,0.5353728075279305,Communication Equipment,Technology,CSCO
2011Q2,2011,Q2,2011-02-23,2011-01-29,1521000000.0,10407000000.0,1684000000.0,0.27,6261000000.0,0.6016142980686077,81981000000.0,45641000000.0,52066000000.0,18505000000.0,36295000000.0,1602000000.0,6363000000.0,115763830000.0,126080830000.0,8.251853191104683,2.813617941097001,0.18590893011795415,0.3339322100742753,0.0243184722156553,8.251853191104683,0.033325299620954846,11.123650427596809,19.02758547008547,2.536399947415701,0.0,2.588014981273408,0.0,0.12694404801112452,2.412429073223453,0.01855307937204962,50.70689005694262,0.6016142980686077,-0.2058823529411765,0.22917979651879486,0.7447449592012628,1.2084954586539534,-0.07313101406365655,-0.21191709844559586,-0.2837090599744789,-0.19770736168427555,0.15026703044239173,0.5114481798896484,Communication Equipment,Technology,CSCO
2011Q1,2011,Q1,2010-11-23,2010-10-30,1930000000.0,10750000000.0,2351000000.0,0.34,6755000000.0,0.6283720930232558,80015000000.0,44675000000.0,50406000000.0,18120000000.0,35320000000.0,1523000000.0,6034000000.0,127901700000.0,139383700000.0,7.9848078641644324,2.7817880794701986,0.19093919890020622,0.34198097369893676,0.031209533378466055,7.9848078641644324,0.04320089535534415,11.897832558139536,16.567577720207254,2.8629367655288194,0.0,2.623112278397899,0.0,0.1343498094107355,2.4031456953642385,0.024120477410485532,95.37785234899329,0.6283720930232558,0.030303030303030328,0.708341040310859,0.8318905238455817,1.3261242296826459,-0.0055939938171647285,-0.002583979328165375,0.011182795698924731,-0.04774792848327889,0.22412689041155087,0.4349174973184015,Communication Equipment,Technology,CSCO
2010Q4,2010,Q4,2010-09-21,2010-07-31,1935000000.0,10836000000.0,2325000000.0,0.33,6793000000.0,0.6268918420081211,81130000000.0,44267000000.0,51421000000.0,19233000000.0,36845000000.0,1327000000.0,5851000000.0,131222160000.0,141925160000.0,7.782524613220816,2.6735818645037175,0.18838900530013558,0.34526848442406305,0.031243420313293198,7.782524613220816,0.04371202024081144,12.10983388704319,16.953767441860467,2.9643337023064587,0.0,3.046721929163527,0.0,0.13356341673856773,2.3049966203920347,0.023850610131887096,44.89297297297297,0.6268918420081211,-0.10810810810810806,0.4329946161433502,0.8778522366844328,1.1785292640874871,0.02458521870286576,-0.11724452554744526,-0.008528784648187633,0.06727962877943204,0.22285150300520531,0.49692460397242827,Communication Equipment,Technology,CSCO
2010Q3,2010,Q3,2010-05-26,2010-05-01,2192000000.0,10368000000.0,2345000000.0,0.37,6630000000.0,0.6394675925925926,79292000000.0,43830000000.0,49758000000.0,18439000000.0,35440000000.0,1250000000.0,5570000000.0,154335830000.0,165620830000.0,7.647879951142907,2.698519442486035,0.19227664833778943,0.34784394250513345,0.03620916786285182,7.647879951142907,0.05001140771161305,14.885786072530864,17.602170392335765,3.5212372804015515,0.0,2.9904,0.0,0.1307572012308934,2.3881446933130865,0.027644655198506785,57.67407698056801,0.6394675925925926,0.15624999999999997,0.7517913129008682,0.8816247428590752,1.0716495826572068,0.04706253948199621,0.1829465731246627,-0.010548523206751054,0.23153245274115367,0.2312384200868449,0.61818176678576,Communication Equipment,Technology,CSCO
2010Q2,2010,Q2,2010-02-17,2010-01-23,1853000000.0,9815000000.0,2370000000.0,0.32,6332000000.0,0.6451349974528783,76403000000.0,41512000000.0,50139000000.0,14405000000.0,34871000000.0,1215000000.0,5086000000.0,131870770000.0,142354770000.0,7.230796028566452,3.4806664352655328,0.19886653665431986,0.36601464636731545,0.032885453880906794,7.230796028566452,0.04463769512430141,13.435636271013754,17.79152320561252,3.176690354596261,0.0,2.8666666666666667,0.0,0.12846354200751278,3.0347795904199932,0.024252974359645563,58.923489722966934,0.6451349974528783,0.06666666666666674,0.5033982382362456,0.8390817098655012,0.9852646584262487,0.07540760869565218,0.03693340794627868,0.11581920903954802,0.01769603211182419,0.2270700153993023,0.6476161141007823,Communication Equipment,Technology,CSCO
2010Q1,2010,Q1,2009-11-18,2009-10-24,1787000000.0,9021000000.0,2124000000.0,0.3,5888000000.0,0.6526992572885489,68680000000.0,40002000000.0,44697000000.0,13162000000.0,28654000000.0,1089000000.0,4354000000.0,139388390000.0,144887390000.0,6.936362059996532,3.395912475307704,0.14957775189283634,0.2568121593920304,0.03371886069227556,6.936362059996532,0.044672766361681916,15.451545283228024,19.500334359261334,3.484535523223839,0.0,2.876951331496786,0.0,0.13134828188701222,3.008813250265917,0.026019219569015727,104.96113704819277,0.6526992572885489,0.5789473684210525,0.4727536576798234,0.7381953646427649,0.8716809251322538,0.07819080754440579,0.6530989824236818,0.4547945205479452,0.16797310051097036,0.158466273625802,0.6468052193834062,Communication Equipment,Technology,CSCO
2009Q4,2009,Q4,2009-09-11,2009-07-25,1081000000.0,8535000000.0,1460000000.0,0.19,5461000000.0,0.6398359695371998,68128000000.0,38647000000.0,44177000000.0,13655000000.0,29451000000.0,1074000000.0,3868000000.0,126400760000.0,130977760000.0,6.689804396745716,3.2352251922372757,0.15111261155472053,0.2663854891712164,0.021035589259200883,6.689804396745716,0.02797112324371879,14.80969654364382,29.23236817761332,3.2706486920071414,0.0,2.8621973929236497,0.0,0.12527888680131516,2.7945807396558036,0.015867191169563175,71.25183765501691,0.6398359695371998,-0.1739130434782609,-0.07252899428769252,0.7052796620204962,0.7717905240354952,0.044367947982405814,-0.1980712166172107,-0.09147479775980087,-0.25369609340595767,0.1395157026880488,0.7228092788206807,Communication Equipment,Technology,CSCO
2009Q3,2009,Q3,2009-05-20,2009-04-25,1348000000.0,8162000000.0,1607000000.0,0.23,5229000000.0,0.6406518010291595,64666000000.0,37256000000.0,41336000000.0,12861000000.0,27383000000.0,1023000000.0,3292000000.0,106928100000.00002,109886100000.00002,6.417915590008613,3.214058004820776,0.15954288188538027,0.27692183809319304,0.026991694329412393,6.417915590008613,0.03618209147519862,13.100722862043618,19.830879080118695,2.87009072364183,0.0,2.8670576735092865,0.0,0.1262177960597532,2.85576549257445,0.02084557572758482,59.83665360940124,0.6406518010291595,-0.11538461538461538,0.30699253398540943,0.7052483286895271,0.6837116608867523,-0.08631836449414643,-0.10372340425531915,-0.09362662154540327,0.021739879414298027,0.1828927063930843,0.606108471844528,Communication Equipment,Technology,CSCO
2009Q2,2009,Q2,2009-02-17,2009-01-24,1504000000.0,9089000000.0,1773000000.0,0.26,5723000000.0,0.6296622290681043,61357000000.0,36783000000.0,37995000000.0,13604000000.0,24556000000.0,1107000000.0,2695000000.0,92924720000.0,95597720000.0,6.28984268125855,2.7929285504263452,0.11160910735531399,0.18617296033493733,0.03271783313015808,6.28984268125855,0.04088845390533671,10.2238662119045,15.446263297872342,2.5262952994589893,0.0,3.040650406504065,0.0,0.14813305735286927,2.3465892384592766,0.024512280587382043,31.24570275722932,0.6296622290681043,-0.29729729729729726,1.441807559462176,0.9791804255414046,0.564494810789234,-0.14339170782816943,-0.3166742389822808,-0.28565672844480255,0.1495565228205447,0.44118188846885115,0.6833902246566387,Communication Equipment,Technology,CSCO
2009Q1,2009,Q1,2008-11-18,2008-10-25,2201000000.0,10331000000.0,2482000000.0,0.37,6681000000.0,0.6466944148678734,58887000000.0,35035000000.0,35662000000.0,13548000000.0,23828000000.0,1209000000.0,1580000000.0,95919110000.0,98593110000.0,5.957320183642238,2.6322704458222614,0.11668110109192181,0.19611816754673897,0.050042371588803126,5.957320183642238,0.06282289139431997,9.284591036685704,10.89494661517492,2.737808191808192,0.0,3.019023986765922,0.0,0.17543770271876646,2.188957779746088,0.03737667057245232,40.69542214679677,0.6466944148678734,0.12121212121212115,1.3888979179760146,1.3872308196068392,0.506114136657354,0.0022502250225022503,0.09285004965243297,-0.018584420719652037,0.853472809451963,0.6748747097328568,0.7354790570903471,Communication Equipment,Technology,CSCO
2008Q4,2008,Q4,2008-09-15,2008-07-26,2014000000.0,10364000000.0,2529000000.0,0.33,6666000000.0,0.6431879583172521,58734000000.0,34353000000.0,35699000000.0,13858000000.0,24332000000.0,1235000000.0,120000000.0,134265980000.0,135967980000.0,5.738890745071834,2.5760571511040555,0.11735962134368509,0.20065205367799027,0.045974863638032694,5.738890745071834,0.05862661194073298,12.955034735623311,16.666581429990067,3.9084208074986173,0.0,2.994331983805668,0.0,0.1764565668948139,2.1296723913984703,0.034290189668675725,42.36856421584096,0.6431879583172521,0.13793103448275876,1.4408167598122708,1.6232034679529421,0.458627052976979,0.05725614591593973,0.1359278059785674,0.18122372723026622,0.4172482545853746,0.7066430596073002,0.6064634617796232,Communication Equipment,Technology,CSCO
2008Q3,2008,Q3,2008-05-22,2008-04-26,1773000000.0,9791000000.0,2141000000.0,0.29,6305000000.0,0.6439587376161782,57123000000.0,33138000000.0,34145000000.0,13359000000.0,23922000000.0,1279000000.0,-843000000.0,152115200000.0,152876200000.0,5.576910131268933,2.5559547870349575,0.1210545664618455,0.2086728227412638,0.041045582122094464,5.576910131268933,0.053503530689842475,15.536227147380247,21.448843767625494,4.590355483131148,0.0,2.72556684910086,0.0,0.17140206221662027,2.1149786660678194,0.031038285804317,56.11036517890077,0.6439587376161782,-0.12121212121212131,1.1349447905231833,1.5198122780351544,0.42463878990852616,-0.005520504731861199,-0.13932038834951457,-0.10940099833610649,0.36662170854439907,0.7138106540042785,0.5106674816768642,Communication Equipment,Technology,CSCO
2008Q2,2008,Q2,2008-02-19,2008-01-26,2060000000.0,9831000000.0,2404000000.0,0.33,6340000000.0,0.6448987895432815,55300000000.0,32812000000.0,32442000000.0,12193000000.0,22407000000.0,1267000000.0,-1073000000.0,145442000000.0,147091000000.0,5.459567387687188,2.660706963011564,0.1238878842676311,0.20879556259904913,0.047330526172770566,5.459567387687188,0.06278190905766183,14.794222357847625,17.650728155339806,4.432585639400219,0.0,2.755327545382794,0.0,0.1777757685352622,2.2042155335028295,0.03725135623869801,67.71042830540037,0.6448987895432815,-0.05714285714285704,1.4858031770124125,1.4944421084739947,0.37894608382737016,0.027053296614288028,-0.06575963718820861,0.015202702702702704,0.5965367245067744,0.7596305453738986,0.49896168309158145,Communication Equipment,Technology,CSCO
2008Q1,2008,Q1,2007-11-20,2007-10-27,2205000000.0,9554000000.0,2368000000.0,0.35,6173000000.0,0.6461168097132092,55702000000.0,33872000000.0,33455000000.0,12220000000.0,21699000000.0,1315000000.0,121000000.0,194175300000.0,196344300000.0,5.564645966814523,2.7377250409165304,0.11816451832968296,0.19431979215871517,0.04922617988349397,5.564645966814523,0.06509801606046292,20.323979485032446,22.01534013605442,5.7326198630136975,0.0,2.5711026615969583,0.0,0.1715198736131557,2.360392798690671,0.039585652220746115,69.52212674543502,0.6461168097132092,0.12903225806451607,3.249080086321159,1.3483685392222136,0.4130918031751727,0.017303889255108767,0.14248704663212436,0.02822405557967868,0.7217131676648484,0.7441177068607465,0.5015423965925561,Communication Equipment,Technology,CSCO
2007Q4,2007,Q4,2007-09-18,2007-07-28,1930000000.0,9433000000.0,2303000000.0,0.31,6068000000.0,0.6432736139086187,53340000000.0,31480000000.0,31574000000.0,13358000000.0,21850000000.0,1322000000.0,231000000.0,175412744500.0,178092744500.0,5.199009083402147,2.3636771971852073,0.12013498312710912,0.20355781448538754,0.046350819934167675,5.199009083402147,0.06130876747141042,18.595647673062654,22.721858095854923,5.572196458068615,0.0,2.5453857791225416,0.0,0.17684664416947882,1.922742925587663,0.03618297712785902,73.11910983743226,0.6432736139086187,0.03333333333333337,2.0144508670520227,1.355379169923523,0.3246079466052162,0.07455285992562423,0.029882604055496264,0.048247610377787895,0.5798657236204359,0.7981674898758233,0.3769543146623823,Communication Equipment,Technology,CSCO
2007Q3,2007,Q3,2007-05-24,2007-04-28,1874000000.0,8866000000.0,2197000000.0,0.3,5647000000.0,0.6369275885404918,48835000000.0,28518000000.0,30540000000.0,11972000000.0,20308000000.0,1289000000.0,-457000000.0,163099020000.0,164120020000.0,4.726218097447796,2.5509522218509857,0.13265076277260163,0.22715477943754822,0.048634602119058686,4.726218097447796,0.06571288309138089,18.39600947439657,21.758140341515475,5.719160530191458,0.0,2.4972847168347556,0.0,0.18155011774342172,2.198880721683929,0.03837411692433705,78.67777134587554,0.6369275885404918,-0.03225806451612906,2.1125505991880487,1.226254872327927,0.2150233794276222,0.048069784706755755,-0.024466423737636647,0.03145539906103286,0.7480333710405693,0.7820327751283652,0.23990233448305215,Communication Equipment,Technology,CSCO
2007Q2,2007,Q2,2007-02-20,2007-01-27,1921000000.0,8439000000.0,2130000000.0,0.31,5388000000.0,0.6384642730181301,46254000000.0,26582000000.0,28516000000.0,11491000000.0,19664000000.0,1642000000.0,-1083000000.0,159601950000.0,163583950000.0,4.388641241538716,2.4815942911844053,0.13871232758247937,0.24136633812354225,0.05310463952587873,4.388641241538716,0.07226694755849823,18.912424457874156,20.770685840707966,6.004136257617937,0.0,1.8580998781973204,0.0,0.18244908548449865,2.0815420764076236,0.04153154321788386,68.67553786574871,0.6384642730181301,0.19230769230769226,2.513198102871208,1.1150650012588053,0.14008300880821345,0.029619721001337664,0.19465174129353233,0.06981416373681568,2.0112079809033334,0.7742305819795308,0.09160225410106862,Communication Equipment,Technology,CSCO
2007Q1,2007,Q1,2006-11-21,2006-10-28,1608000000.0,8184000000.0,1991000000.0,0.26,5233000000.0,0.6394183773216031,44908000000.0,25529000000.0,27251000000.0,11281000000.0,19365000000.0,1477000000.0,-233000000.0,,,,,,,,,,,,,,,,,,,,,,,,,,,,,,,Communication Equipment,Technology,CSCO
