Quarters,Year,Quarter,FillingDate,Date,NetIncome,Revenue,OperatingIncome,EPSDiluted,GrossProfit,GrossProfitRatio,TotalAssets,CommonStockEquity,CurrentAssets,CurrentLiability,TotalLiability,Inventory,RetainedEarnings,MarketCap,EnterpriseValue,bookValuePerShare,currentRatio,debtToAssets,debtToEquity,roic,shareholdersEquityPerShare,roe,priceToSalesRatio,peRatio,pbRatio,payoutRatio,inventoryTurnover,dividendYield,assetTurnover,quickRatio,returnOnAssets,priceToFreeCashFlowsRatio,grossProfitMargin,epsdilutedGrowth,fiveYNetIncomeGrowthPerShare,fiveYRevenueGrowthPerShare,fiveYShareholdersEquityGrowthPerShare,grossProfitGrowth,netIncomeGrowth,operatingIncomeGrowth,threeYNetIncomeGrowthPerShare,threeYRevenueGrowthPerShare,threeYShareholdersEquityGrowthPerShare,Industry,Sector,Symbol
2023Q1,2023,Q1,2023-04-27,2023-03-31,39559000.0,292802000.0,90901000.0,0.34,207053000.0,0.7071433938,10969392000.0,5433652000.0,973442000.0,759557000.0,5296970000.0,0.0,257079000.0,3792722259.6,7853777259.6,46.41793222648662,1.2815917699395831,0.4250235564560005,0.858032498216669,0.005393668973445677,46.41793222648662,0.007280370550046268,12.953197927609784,23.968769809651405,0.6980061033720967,1.6111377941808438,0.0,0.0168045524131582,0.02669263711243066,1.2815917699395831,0.00360630744165219,62.39261465420807,0.7071433938292772,0.09677419354838718,-0.07935986438157785,0.35098419676597103,0.2431970682285909,0.04375069313518909,0.10115518441196938,0.0948629930743752,-0.0929153498616231,0.2078381074467029,-0.0062543456222472205,REIT—Office,Real Estate,KRC
2022Q4,2022,Q4,2023-02-10,2022-12-31,35925000.0,284344000.0,83025000.0,0.31,198374000.0,0.6976549532,10796987000.0,5437047000.0,843709000.0,734036000.0,5122026000.0,-9527000.0,265118000.0,4519672260.0,8560283260.0,46.51899416485566,1.1494109280743723,0.4179854991026663,0.8300432201524099,0.004977658271403911,46.51899416485566,0.006607447020413839,15.895085741214867,31.452138204592906,0.8312733474623265,1.7740848990953375,-9.023827017948987,0.014101464958877348,0.026335495263632346,1.1494109280743723,0.0033273171487564076,-117.90244326185632,0.697654953155333,-0.5441176470588236,0.06042136067328538,0.348542772882245,0.2371903755983526,0.024225276484133786,-0.5495693167997794,-0.0704040845117732,-0.5505461309198924,0.17107330977676335,0.14862155401963506,REIT—Office,Real Estate,KRC
2022Q3,2022,Q3,2022-10-26,2022-09-30,79757000.0,275958000.0,89313000.0,0.68,193682000.0,0.7018531806,10619992000.0,5439395000.0,744252000.0,747302000.0,4940215000.0,-65096000.0,276138000.0,4921520050.83,8864452050.83,46.54109321598129,0.9959186513618323,0.4065895718188865,0.7938342407565547,0.008317651200444932,46.54109321598129,0.014662843937607032,17.83430830354619,15.426608482108152,0.9047918106388669,0.7694873177275976,-1.2639179058621113,0.012470131050192469,0.02598476533692304,0.9785106958097262,0.007510080986878333,63.31558022423774,0.7018531805564615,0.7000000000000001,-0.05613925664421626,0.27924816808231856,0.24053821759511101,0.006108900501802541,0.6931748222057107,0.20536871086158498,0.6317588159161142,0.14858323333891554,0.14415389258452332,REIT—Office,Real Estate,KRC
2022Q2,2022,Q2,2022-07-28,2022-06-30,47105000.0,271184000.0,74096000.0,0.4,192506000.0,0.7098722639,10515241000.0,5412894000.0,694857000.0,669251000.0,4862690000.0,-65554000.0,260020000.0,6113307505.22,10096702505.220001,46.334450341019846,1.0382606824644267,0.41071013018151464,0.7978571167290547,0.006560385242055716,46.334450341019846,0.008702368825253182,22.543024312717566,32.44510935792378,1.129397232833305,1.301114531366097,-1.2002013607102542,0.01002550582441123,0.02578961338118641,1.0188240286529269,0.004479688102250819,-141.98832900290327,0.7098722638503746,-0.11111111111111108,0.2600669021321229,0.2631960319096773,0.21218621284771313,0.005946657748421889,-0.11336771570546604,-0.07389261073892611,-0.035075600984567995,0.16907935876368727,0.19485642527332864,REIT—Office,Real Estate,KRC
2022Q1,2022,Q1,2022-04-28,2022-03-31,53128000.0,265501000.0,80008000.0,0.45,191368000.0,0.7207807127,10564822000.0,5425328000.0,860861000.0,705184000.0,4899061000.0,0.0,274193000.0,8914410423.76,12776602423.76,46.50936473094592,1.220760822707265,0.3969661769975869,0.7730181474742173,0.007345644118222425,46.50936473094592,0.009792587655529768,33.57580733692152,41.94779788322542,1.6431099509117237,1.1512008733624455,0.0,0.006860913632267222,0.025130664766524227,1.121006715977674,0.005028764327501211,960.0872831190092,0.7207807126903477,0.09756097560975618,0.32304475610105965,0.23619319854297743,0.20485896328071856,0.0011561782293208892,0.11505687780716115,0.20544808051588018,0.24529817338129584,0.14141986024606826,0.19883274425432557,REIT—Office,Real Estate,KRC
2021Q4,2021,Q4,2022-02-10,2021-12-31,47646000.0,261085000.0,66372000.0,0.41,191147000.0,0.732125553,10583397000.0,5440060000.0,889840000.0,699227000.0,4893527000.0,0.0,283663000.0,7740064519.999999,11520287520.0,46.71103020727791,1.2726053198746616,0.39630942692596716,0.7710025257074371,0.005877722216292163,46.71103020727791,0.008758359282802029,29.64576486584828,40.612352138689495,1.422790285401264,1.2836124753389582,0.0,0.007901613719364707,0.02466930041460223,1.2322221538927987,0.004501957169328524,-206.47880595422288,0.73212555298083,0.024999999999999883,0.15850496926331295,0.23234427095868432,0.22224072187398103,0.15969664795995753,0.013141107425363613,-0.03278831861502142,-0.7427486883327322,0.18346615051669524,0.19748283109310918,REIT—Office,Real Estate,KRC
2021Q3,2021,Q3,2021-10-28,2021-09-30,47028000.0,232326000.0,68622000.0,0.4,164825000.0,0.7094556786584368,10471517000.0,5444464000.0,813585000.0,732330000.0,4780879000.0,0.0,297250000.0,7710604463.159999,11410736463.16,46.750934140417186,1.1109540780795544,0.38662487966165743,0.7436083698964673,0.006272014350101142,46.750934140417186,0.008637764892926099,33.18872818005733,40.98943428999744,1.4162283859641647,1.2503614867738368,0.0,0.007626120660312209,0.022186470212482108,1.0673398604454276,0.004491039836921432,-14.113611086388294,0.7094556786584368,0.29032258064516137,-0.3089630374980104,0.09290672510097261,0.2450188983434649,0.02703662624777239,0.31220179134462456,0.09988780253245712,0.1818504847726914,0.07656212590065037,0.23706512155238318,REIT—Office,Real Estate,KRC
2021Q2,2021,Q2,2021-07-29,2021-06-30,35839000.0,225983000.0,62390000.0,0.31,160486000.0,0.7101684639995044,10434766000.0,5446943000.0,1416712000.0,674264000.0,4741301000.0,0.0,311458000.0,8109717280.0,11657447280.0,46.77414728815306,2.101123595505618,0.3897583328653465,0.7466641380311856,0.005399268956541653,46.77414728815306,0.006579653945341451,35.88640419854591,56.570476854822964,1.4888566449107326,1.6406707776444656,0.0,0.007250561020790604,0.021656738636975665,0.8230678191331585,0.0034345763000339443,-12.648192196838309,0.7101684639995044,-0.9272300469483568,-0.13604475994555507,0.11744459726185652,0.295018275526685,-0.05038431725256064,-0.9279807729020098,-0.12230600416408756,0.11368429252211402,0.034139271027825185,0.22615928709816624,REIT—Office,Real Estate,KRC
2021Q1,2021,Q1,2021-04-29,2021-03-31,497631000.0,235646000.0,71084000.0,4.26,169001000.0,0.7171817047605307,10384353000.0,5458245000.0,2103745000.0,660452000.0,4681461000.0,0.0,334496000.0,7635681331.249999,10998871331.25,46.914558611020084,3.185310968851635,0.3872180577836674,0.7366853265106275,0.007279403107264847,46.914558611020084,0.09117051359915138,32.40318669211444,3.836015708049739,1.3989260891092283,0.11774587997934212,0.0,0.007673709451466575,0.022692410398606443,1.051950785219819,0.0479212330320435,-135.3484238456084,0.7171817047605307,5.26470588235294,1.2630459912598992,0.2842854525224131,0.2999683827041629,0.036040509557263886,5.327801937895781,0.06021149342998195,10.65232705769439,0.09394866239140781,0.2564980585063239,REIT—Office,Real Estate,KRC
2020Q4,2020,Q4,2021-02-12,2020-12-31,78642000.0,229332000.0,67047000.0,0.68,163122000.0,0.7112919261158495,10000708000.0,5029943000.0,1259469000.0,701928000.0,4723387000.0,0.0,-103133000.0,6642902000.0,9932370000.0,43.46274086235203,1.7942994153246488,0.4021174300859499,0.7995038909983672,0.006905815618077847,43.46274086235203,0.015634769618661684,28.96631085064448,21.117538974085093,1.3206714270917184,0.745047175809364,0.0,0.008820241514928264,0.022931576444387737,1.649937030578635,0.007863643254057614,-136.25347663781434,0.7112919261158495,0.6190476190476192,1.1870256436277118,0.23886900309729545,0.2631879994532779,0.006273711483297862,0.6040221914008321,-0.0645039765592298,1.344353284440753,0.098429363779147,0.15590815445125852,REIT—Office,Real Estate,KRC
2020Q3,2020,Q3,2020-10-29,2020-09-30,49028000.0,228314000.0,71670000.0,0.42,162105000.0,0.7100090226617728,9984608000.0,4968142000.0,1295211000.0,710878000.0,4732644000.0,0.0,-122936000.0,5987159795.04,9159916795.04,43.11638024658324,1.8219877391057255,0.4027965845028668,0.8095110808024408,0.0071508277510246515,43.11638024658324,0.009868477994389049,26.223358160428184,30.5292883405401,1.2051104406919124,1.1585012645835033,0.0,0.009486802080521476,0.022866596264971045,1.252205019708023,0.004910358023069108,155.11580379916057,0.7100090226617728,1.4705882352941173,-0.6257187485619192,0.28990790546604767,0.2522607359489229,0.03860199897488467,1.4991334488734835,0.9164126423872935,-0.411501173339838,0.07351141835098343,0.14925356935713038,REIT—Office,Real Estate,KRC
2020Q2,2020,Q2,2020-07-30,2020-06-30,19618000.0,219423000.0,37398000.0,0.17,156080000.0,0.7113201441963696,9658665000.0,4972291000.0,1039644000.0,651765000.0,4405076000.0,0.0,-113223000.0,6755483453.900001,9903782453.900002,43.205417301629076,1.5951209408299003,0.38859521476311687,0.7548454022501901,0.003414428199173853,43.205417301629076,0.00394546497781405,30.78749016238043,86.08782054618209,1.3586259239252088,2.894688551330411,0.0,0.008406208140028201,0.022717735836163693,0.9959295144722408,0.0020311295608658134,-109.22895943053018,0.7113201441963696,-0.5405405405405405,-0.7387396334458999,0.14905607924616934,0.33459262004281853,-0.0018545756858732493,-0.5072958786448,-0.40628671217653595,-0.4672928818727004,0.03751888997934375,0.130325509160104,REIT—Office,Real Estate,KRC
2020Q1,2020,Q1,2020-04-30,2020-03-31,39817000.0,221328000.0,62990000.0,0.37,156370000.0,0.7065079881442926,9735147000.0,4992150000.0,1199087000.0,671923000.0,4457632000.0,0.0,-76182000.0,6807952405.8,9831527405.8,46.7100731681205,1.7845601356107768,0.3888702451026163,0.758332381839488,0.006221421955596505,46.7100731681205,0.007975922197850625,30.759562304814576,42.74526211040511,1.3637315396772933,1.3159956802370847,0.0,0.007696734183299951,0.022734941752805583,1.712999852661689,0.004090025553800061,-76.95036176191337,0.7065079881442926,-0.4558823529411765,-0.25037648220464054,0.23187703239113616,0.44957245570540305,0.02428224258661234,-0.4508,0.03627539689068027,0.08225130228229681,0.12477346350102198,0.21005846150940452,REIT—Office,Real Estate,KRC
2019Q4,2019,Q4,2020-02-13,2019-12-31,72500000.0,220235000.0,60785000.0,0.68,152663000.0,0.693182282561809,8900094000.0,4293510000.0,488243000.0,678058000.0,4329236000.0,0.0,-58467000.0,8894490700.0,12485624700.0,40.499844358710725,0.7200608207557465,0.41024038622513426,0.8503946654369036,0.00703155723756435,40.499844358710725,0.01688595112157652,40.38636320294231,30.6706575862069,2.071612899469199,0.7233103448275862,0.0,0.005895784454527564,0.02474524426371227,0.6684074223738972,0.008145981379522509,-15.51963787182959,0.693182282561809,0.6190476190476192,0.8789809308237833,0.24218135201747018,0.28761436899375215,0.011160566440143597,0.6535145737353465,0.02725951463530048,0.9365761571882186,0.14198812356019302,0.05971884553002083,REIT—Office,Real Estate,KRC
2019Q3,2019,Q3,2019-10-25,2019-09-30,43846000.0,215525000.0,59172000.0,0.42,150978000.0,0.7005127015427445,8623815000.0,4264649000.0,830302000.0,684542000.0,4084306000.0,77751000.0,-78707000.0,8166065490.0,11263298490.0,40.677301818944876,1.2129306894244618,0.3936602304200635,0.796045114146557,0.00693388850291018,40.677301818944876,0.010281268165328495,37.88917986312493,46.56106309583542,1.9148271030042567,1.139305751950007,0.8301758176743708,0.006117266639751134,0.024991839458522708,0.9850878397527105,0.0050842927405098555,-65.63306132454589,0.7005127015427445,0.024390243902439046,0.832215525134387,0.32499945710082173,0.31947113600400473,0.08409805695575373,0.0391524861354695,0.156674550892351,-0.28433722102851594,0.1262028440195432,0.08327267528168036,REIT—Office,Real Estate,KRC
2019Q2,2019,Q2,2019-07-25,2019-06-30,42194000.0,200492000.0,51157000.0,0.41,139266000.0,0.6946212317698461,8094721000.0,3915532000.0,428365000.0,632630000.0,3907818000.0,0.0,-70345000.0,7497197358.75,10719970358.75,38.778257672607516,0.6771177465501161,0.40460789198293556,0.836460537163277,0.006281676063783229,38.778257672607516,0.010776058017148116,37.39399755975301,44.42099207677632,1.9147327511944738,1.1106318433900555,0.0,0.006250602426159587,0.024768240931342785,0.6387319602295181,0.005212532958208195,-48.398678924179336,0.6946212317698461,0.13888888888888887,0.12580218842607996,0.26454743837303596,0.24309226910992077,-0.010086363151721931,0.14337587729994852,-0.0010154465035442988,0.17308781718159633,0.1433830366021299,0.07363907822278926,REIT—Office,Real Estate,KRC
2019Q1,2019,Q1,2019-05-07,2019-03-31,36903000.0,201202000.0,51209000.0,0.36,140685000.0,0.6992226717428256,7883987000.0,3914524000.0,403180000.0,615797000.0,3700805000.0,0.0,-62690000.0,7638235223.0,10673550223.0,38.79554087411481,0.6547287498964757,0.3913004930119748,0.7880927540615411,0.006380359363644579,38.79554087411481,0.009427199833236428,37.96301837456884,51.745354192071105,1.951255177641011,1.2735007993930032,0.0,0.00615273013044783,0.025520336347586572,0.6236649415310564,0.004680753532444942,-67.15404356350336,0.6992226717428256,-0.7721518987341773,-0.6991752354732167,0.3019121283797632,0.2596517562850182,0.029852057361628614,-0.7696729496941705,0.3162913839193913,-0.8064933616907412,0.2643928355167685,0.07499629154370278,REIT—Office,Real Estate,KRC
2018Q4,2018,Q4,2019-02-15,2018-12-31,160220000.0,190842000.0,38904000.0,1.58,136607000.0,0.7158120329906414,7765707000.0,3929907000.0,496036000.0,631845000.0,3564446000.0,0.0,-48053000.0,6334971360.0,9215968360.0,39.0076826108966,0.7850596269654742,0.3776347729833227,0.7462265646489853,0.0054424920779881526,39.0076826108966,0.04076941260950959,33.19484893262489,9.884801148420921,1.6119901463317072,0.2919236050430658,0.0,0.007383143086537963,0.024574967868347338,0.5739999525200009,0.0206317338524361,-21.845708117950114,0.7158120329906414,3.6470588235294117,4.768038622095738,0.2890716333894845,0.30068821813686974,0.03210232853322051,3.6575581395348835,-0.20673694512978408,4.118348857034286,0.18426397392525642,0.1337075293207908,REIT—Office,Real Estate,KRC
2018Q3,2018,Q3,2018-10-25,2018-09-30,34400000.0,186562000.0,49043000.0,0.34,132358000.0,0.709458517811773,7562236000.0,3804758000.0,424350000.0,613402000.0,3487317000.0,0.0,-161654000.0,7169193361.379999,9956591361.38,37.79181332163808,0.691797548752694,0.38003508486114423,0.7553476462891989,0.006593760050061803,37.79181332163808,0.009041310905976149,38.42794010237883,52.10169594026162,1.8842705268981628,1.3577906976744185,0.0,0.006515098372379395,0.0246702165867344,0.6365124339340269,0.004548919129209932,-565.3046334474056,0.709458517811773,0.21428571428571425,1.9486297541769524,0.22958247955419608,0.175253307486986,-0.020339585214572263,0.24868416276452865,0.12236818015378982,-0.6994375397993291,0.20634561335187607,0.09761542347352083,REIT—Office,Real Estate,KRC
2018Q2,2018,Q2,2018-07-26,2018-06-30,27549000.0,187072000.0,43696000.0,0.28,135106000.0,0.7222139069449196,7384784000.0,3802927000.0,383734000.0,531201000.0,3320911000.0,0.0,-149368000.0,7540680188.0,10279573188.0,38.146876821239886,0.7223894533331074,0.37776460354155245,0.7335691692214971,0.0057501111701171595,38.146876821239886,0.007244156934908296,40.30897295159083,68.4297087734582,1.982862197460009,1.557152709717231,0.0,0.005688876723384519,0.02533208825065161,0.6533176707122162,0.003730508570054317,-21.671299005336866,0.7222139069449196,-0.24324324324324317,1.097320466910202,0.13795109568932862,0.31705986080373827,0.020099060735103137,-0.23994371792749544,-0.19728116101772755,-0.5764702009926168,0.13090779373564368,0.17833696473496632,REIT—Office,Real Estate,KRC
2018Q1,2018,Q1,2018-04-27,2018-03-31,36246000.0,182822000.0,54435000.0,0.37,132444000.0,0.7244423537648642,6965932000.0,3686859000.0,412770000.0,473165000.0,3018460000.0,0.0,-130514000.0,7006874239.999999,9499100240.0,37.33754962326825,0.8723595363139708,0.3653918815170748,0.6903694988064366,0.007727225260560692,37.33754962326825,0.009831132679606136,38.326209318353364,48.32860343210285,1.9004996502442861,1.187248248082547,0.0,0.0061415402255028916,0.02624516001591747,0.7372776938277346,0.005203323833766968,-42.817265561028066,0.7244423537648642,0.2758620689655173,10.419886223414215,0.1814637772686791,0.28121739726714284,0.034330875921529426,0.2704966875810579,0.07702504847453603,-0.2614139226961412,0.10135116826101458,0.1587111692722082,REIT—Office,Real Estate,KRC
2017Q4,2017,Q4,2018-02-13,2017-12-31,28529000.0,177561000.0,50542000.0,0.29,128048000.0,0.7211493514904737,6802838000.0,3700793000.0,425809000.0,495459000.0,2842522000.0,0.0,-122685000.0,7347351600.000001,9636765600.0,37.60051410225148,0.8594232822493889,0.3450123316180688,0.634205425702005,0.007326895235943942,37.60051410225148,0.007708888338256152,41.37930964569923,64.38493813312769,1.9853451949352479,1.4968628413193592,0.0,0.005812162303489055,0.026101018427897298,0.7297314207633729,0.004193690927227725,-71.67448639157156,0.7211493514904737,-0.5972222222222222,-0.8856878385410737,0.211158960691738,0.28096890797602864,-0.01902230121580314,-0.5988046688229504,-0.03571564849086122,-0.2036040760719024,0.07870914924038304,0.1954357604635611,REIT—Office,Real Estate,KRC
2017Q3,2017,Q3,2017-10-26,2017-09-30,71110000.0,181534000.0,52414000.0,0.72,130531000.0,0.7190443663445966,6838299000.0,3689863000.0,589492000.0,507210000.0,2942419000.0,0.0,-108667000.0,6994804125.68,9365059125.68,37.5168556323925,1.162224719544173,0.3561132673490878,0.6599727415353903,0.008060998969154836,37.5168556323925,0.019271718218264473,38.531647656527156,24.591492496414006,1.8956812558298237,0.6230347349177331,0.0,0.006333844265538026,0.026546660214769785,0.7121862739299304,0.010398784844008722,-213.22371972809023,0.7190443663445966,1.2499999999999998,19.076003425712486,0.2722763372998278,0.3357237091122548,0.010270579858208725,1.2611930806410583,0.0033115751995559045,2.1675581984337735,0.18966139532610088,0.21695407283666315,REIT—Office,Real Estate,KRC
2017Q2,2017,Q2,2017-07-27,2017-06-30,31448000.0,180598000.0,52241000.0,0.32,129204000.0,0.7154232051296249,6995367000.0,3756469000.0,718206000.0,468055000.0,3032896000.0,0.0,-132799000.0,7385401645.650001,9562626645.650002,38.223871753308615,1.5344478747155783,0.366648526088767,0.6827797593963906,0.007361204903058205,38.223871753308615,0.008371691607198143,40.89414968964219,58.71121888236136,1.966048873463351,1.248537267870771,0.0,0.005316433944134438,0.0258168013200737,1.4326179615643462,0.004495546838357445,-243.4293037229309,0.7154232051296249,-0.058823529411764754,8.52124300514289,0.20855676632680642,0.542355273400251,0.005783856579039553,-0.0619537658463833,0.018124768568143282,-0.1378918069832858,0.17033007627839,0.22532063903303182,REIT—Office,Real Estate,KRC
2017Q1,2017,Q1,2017-04-28,2017-03-31,33525000.0,179308000.0,51311000.0,0.34,128461000.0,0.7164264840386374,6993665000.0,3759323000.0,778660000.0,461498000.0,3027524000.0,0.0,-120207000.0,7019727040.0,9107362040.0,38.601501211648255,1.6872445817750024,0.366907193867593,0.6825766235037533,0.007294696365704841,38.601501211648255,0.008917829087843741,39.14898967140339,52.346957792692024,1.86728489145519,6.616972408650261,0.0,0.03160151366797305,0.025638631532965906,1.6316148715704077,0.0047936239439549935,1006.8455306942054,0.7164264840386374,-0.02857142857142844,-0.7149873434683152,0.17884235228287193,0.4535438368707607,0.042804493944215344,0.02403934265990592,0.019572388030044113,-0.7168527156427904,0.20210041713494142,0.25335148578722916,REIT—Office,Real Estate,KRC
2016Q4,2016,Q4,2017-02-15,2016-12-31,32738000.0,168645000.0,50326000.0,0.35,123188000.0,0.7304574698330814,6706633000.0,3542995000.0,536969000.0,627137000.0,2947316000.0,9417000.0,-107997000.0,6787933320.0,8914638320.0,38.21753716048584,0.8562228029920097,0.34594452984083074,0.6548479464407937,0.007933994393175854,38.21753716048584,0.009240204967830888,40.24983438584008,51.83527796444499,1.9158743718238382,1.1978129390921866,4.827121163852607,0.005777016088896996,0.025146000981416457,0.7335988787139014,0.004881436035041727,-16.782332688042843,0.7304574698330814,-0.39655172413793105,-0.5278136293410887,0.17214924460057146,0.7263689598720526,0.002441247314627954,-0.3925596066425457,-0.044848070754806506,0.2808192805812056,0.23794355169998463,0.27434128314420664,REIT—Office,Real Estate,KRC
2016Q3,2016,Q3,2016-10-28,2016-09-30,53895000.0,168348000.0,52689000.0,0.58,122888000.0,0.7299641219378905,6332139000.0,3463159000.0,614250000.0,472825000.0,2690237000.0,9440000.0,78107000.0,6395942449.999999,8362757449.999999,37.550381124833294,1.2991064347274361,0.3501720350737721,0.6402645676967185,0.008867384545437484,37.550381124833294,0.015562381051519724,37.99238749495093,29.668533491047402,1.8468520937098178,0.7221449114017998,4.815677966101695,0.0060851079108755896,0.026586276769982466,1.029042457568868,0.008511341902001835,167.28415677145992,0.7299641219378905,0.6571428571428571,1.4368429650767292,0.09433664195103736,0.7373405552320236,0.05665568921486857,0.6407891131610193,0.07585657695920284,4.042913322280036,0.21119387204499168,0.16774522669144992,REIT—Office,Real Estate,KRC
2016Q2,2016,Q2,2016-07-27,2016-06-30,32847000.0,160133000.0,48974000.0,0.35,116299000.0,0.7262650421836848,6298433000.0,3330489000.0,613011000.0,431986000.0,2871799000.0,30257000.0,62647000.0,6112600900.000001,8525760900.000001,36.11852293677475,1.4190529322709533,0.38731728987194114,0.7324726188856951,0.00822601896782778,36.11852293677475,0.009862515684633697,38.17202512911143,46.523281426005425,1.8353463710584244,1.1052150881359029,1.4487226096440493,0.005939043067575375,0.025424260288233597,0.596507757195835,0.005215106678121368,-45.61131888221468,0.7262650421836848,-0.8138297872340425,4.901458362311486,0.08813656273289538,0.6403163545095885,0.08064486154989779,-0.8115577024577185,0.1195848478613721,1.7035577216197486,0.05311701308956409,0.2470288724936567,REIT—Office,Real Estate,KRC
2016Q1,2016,Q1,2016-04-28,2016-03-31,174308000.0,145446000.0,43743000.0,1.88,107620000.0,0.739930970944543,6204110000.0,3328308000.0,553711000.0,481019000.0,2779412000.0,0.0,67981000.0,5705960750.0,7965708750.0,36.08899972892383,1.1511208496961658,0.3704629672910377,0.6905589867283918,0.007608103784477286,36.08899972892383,0.05237135505488074,39.230784964866686,8.183733319755834,1.7143728134535623,0.20800536980517245,0.0,0.006354232282442532,0.02344349149193035,0.5422550876368709,0.028095568905129018,-126.94299650715256,0.739930970944543,5.064516129032258,19.453648109475065,-0.06400633966651854,0.7612135719064514,0.008972183418805022,5.087235900122228,0.02646955297430482,57.80050593350873,0.006365614644705227,0.2383740971006735,REIT—Office,Real Estate,KRC
2015Q4,2015,Q4,2016-02-12,2015-12-31,28635000.0,147413000.0,42615000.0,0.31,106663000.0,0.7235657642134683,5939469000.0,3170966000.0,411253000.0,458832000.0,2704883000.0,117666000.0,-70262000.0,5831884800.0,8013884800.0,34.40718315972222,0.8963040938731388,0.37688689005700676,0.7059388211667991,0.007696946353601148,34.40718315972222,0.009030371186572168,39.56153663516786,50.915704557359874,1.8391508455152152,1.2656189977300507,0.3463192426019411,0.0062142859886395565,0.024819222055035558,0.588988998151829,0.004821138051229832,-92.68435205492514,0.7235657642134683,-0.7256637168141592,1.8832386247129265,-0.04544066629755392,0.5676814812678139,0.046536499215070644,-0.7266583300718793,0.02196695364397228,-0.8774645866871353,0.0738605641936115,0.17217896858493859,REIT—Office,Real Estate,KRC
2015Q3,2015,Q3,2015-10-29,2015-09-30,104759000.0,141553000.0,41699000.0,1.13,101920000.0,0.720012998664811,6353392000.0,3172813000.0,806741000.0,459025000.0,3116330000.0,0.0,-62850000.0,6004516219.559999,8093881219.559999,34.43083297977161,1.7575099395457763,0.4182498104949293,0.8375233586095367,0.007021969508693507,34.43083297977161,0.03301770384828857,42.41885526664924,14.329356474288605,1.8924897936184704,0.333260149485963,0.0,0.005814290231454865,0.022279909692334426,1.6893698600294103,0.01648867250753613,-47.641278837475,0.720012998664811,0.7384615384615383,15.179378238513424,0.006203515319902243,0.6339040466390052,-0.03955973538890669,0.821895652173913,-0.0019387266634753471,30.566380668714196,0.058837743067915796,0.22585113172055657,REIT—Office,Real Estate,KRC
2015Q2,2015,Q2,2015-07-30,2015-06-30,57500000.0,146227000.0,41780000.0,0.65,106118000.0,0.7257072907192242,5686925000.0,2852952000.0,347846000.0,403928000.0,2773820000.0,81699000.0,-131569000.0,5917673457.05,8252337457.05,32.37348734945267,0.8611584242736329,0.41548042219652975,0.8281968992117639,0.007861317730124849,32.37348734945267,0.020154562712586824,40.46908886218004,25.729015030652175,2.074228187873473,0.6048173913043479,0.49093624156966426,0.005876802809821914,0.02571284129824114,0.5629567645719039,0.010110912312013961,-77.84159134263766,0.7257072907192242,0.32653061224489804,15.27850132655946,0.15247135621560481,0.4547831285998331,-0.016305607312031296,0.331419177067173,-0.036883356385431075,18.413713565348967,0.09124393258423598,0.3062888881072762,REIT—Office,Real Estate,KRC
2015Q1,2015,Q1,2015-04-30,2015-03-31,43187000.0,146082000.0,43380000.0,0.49,107877000.0,0.7384688051916047,5725480000.0,2800112000.0,461693000.0,426501000.0,2866274000.0,190751000.0,-154355000.0,6618944490.0,8998768490.0,32.223344879570064,1.082513288362747,0.42441943732228565,0.8678242156028044,0.008140644007141602,32.223344879570064,0.015423311638963013,45.309788269602,38.31560706925695,2.3638141938608173,0.7909556116423924,0.20028728551881772,0.005160792638706659,0.025514367354352824,0.5632366629855499,0.007542948364154621,-60.38576867285218,0.7384688051916047,0.36111111111111116,1.4613199267425898,0.08213535964586534,0.6390829468690672,0.042682750021747325,0.39981200570465447,0.16160128531262552,-0.588519688382351,0.0763497984252526,0.2133736482488501,REIT—Office,Real Estate,KRC
2014Q4,2014,Q4,2015-02-10,2014-12-31,30852000.0,141765000.0,37345000.0,0.36,103461000.0,0.7298063696963284,5633736000.0,2666210000.0,303168000.0,440331000.0,2909800000.0,8211000.0,-162964000.0,5854856689.999999,8300488689.999999,31.45339577901778,0.6885002418635072,0.43832600604643174,0.9261884847780182,0.011554217023624202,31.45339577901778,0.01157148161622678,41.299733291009765,47.4430886976533,2.195947314727647,1.077239725139375,4.664961636828645,0.00567648394481881,0.02516358594012925,0.45283434507222975,0.005476294948858093,-22.26426750478189,0.7298063696963284,0.6363636363636362,16.831853600778786,-0.03930679351457395,0.4239505602994371,0.13141376142775907,0.6253292592982825,0.23593460418321419,-0.5133399960762859,0.0776047428178413,0.4208180377360728,REIT—Office,Real Estate,KRC
2014Q3,2014,Q3,2014-10-30,2014-09-30,18982000.0,129024000.0,30216000.0,0.22,91444000.0,0.7087363591269841,5487464000.0,2563728000.0,446560000.0,435089000.0,2867095000.0,49815000.0,-159799000.0,4943089840.0,7171565840.0,30.82848931590529,1.0263647207812654,0.4426283252154365,0.9474121279636529,0.008724274185157848,30.82848931590529,0.007404061585316383,38.31139818948413,65.10233168264672,1.928086692504041,1.7379095985670636,0.7543912476161798,0.006673760960816362,0.023512500492030564,0.8247967657191977,0.003459157089686602,-72.13346330643397,0.7087363591269841,-0.38888888888888884,-0.17714754010538125,-0.02745493032761376,0.5325631914902118,-0.0038562931654284407,-0.3784544859201048,0.03571673407828889,-0.048169942684003,-0.06985242003289684,0.4263393110979292,REIT—Office,Real Estate,KRC
2014Q2,2014,Q2,2014-07-29,2014-06-30,30540000.0,129194000.0,29174000.0,0.36,91798000.0,0.7105438333049522,5273792000.0,2566657000.0,296526000.0,405020000.0,2650452000.0,0.0,-145851000.0,5124264186.6,7345125186.6,31.1949954450071,0.7321268085526641,0.4257718165600767,0.8748469312416891,0.011252781013916711,31.1949954450071,0.011898746112160682,39.66332946266855,41.947152804518666,1.996474085395906,1.0679436804191225,0.0,0.006364816256993255,0.02449736356686043,0.44732358895856994,0.005790899603169787,-32.400266742120074,0.7105438333049522,-0.6974789915966386,0.0004898869181133185,-0.20516786214039634,0.29168514844358095,0.034273739240164046,-0.694125895137463,0.014994955293462757,5.149329766458006,-0.016124781418978204,0.416715221075608,REIT—Office,Real Estate,KRC
2014Q1,2014,Q1,2014-05-01,2014-03-31,99845000.0,125785000.0,28743000.0,1.19,88756000.0,0.7056167269547243,5114543000.0,2529337000.0,331835000.0,370608000.0,2528933000.0,28272000.0,-143636000.0,4810882500.0,6873039500.0,30.79862404870624,0.8953800241764883,0.42187366495892203,0.853065842946195,0.05352230933973512,30.79862404870624,0.03947477145196548,38.24686965854434,12.045877359907857,1.9020330228830717,0.3292503380239371,1.3097410865874364,0.006833257723504991,0.024593595165785097,0.6701879074385874,0.019521783275651412,-28.86194701414636,0.7056167269547243,3.407407407407407,2.5082790082300956,-0.3066119427727535,0.4860397216193112,0.0511630110379459,3.4124535973130636,0.22723197130780068,12.156884517307288,-0.09098037231775638,0.50303292078091,REIT—Office,Real Estate,KRC
2013Q4,2013,Q4,2014-02-14,2013-12-31,22628000.0,120602000.0,23421000.0,0.27,84436000.0,0.7001210593522496,5111028000.0,2461312000.0,461914000.0,375483000.0,2594868000.0,213100000.0,-210896000.0,4118322780.0,6287883780.0,29.990033020189834,1.2301861868579935,0.4314079281115267,0.8958384796401269,0.020471381360461106,29.990033020189834,0.009193470799313538,34.14804713023001,45.500295872370515,1.6732225658510584,1.4440958105002653,0.16971374941342093,0.007934540769531425,0.023596427176685395,0.4880407368642522,0.00442728938287953,-22.99903822634239,0.7001210593522496,1.2500000000000002,0.07928110743755241,-0.3413624449317825,0.48413099626790534,0.0640957781978576,1.543615107913669,0.09285614297046335,1.5584816756990802,-0.12305088359946428,0.36642453903051253,REIT—Office,Real Estate,KRC
2013Q3,2013,Q3,2013-10-30,2013-09-30,8896000.0,115697000.0,21431000.0,0.12,79350000.0,0.6858431938598235,5089276000.0,2468608000.0,614431000.0,386249000.0,2565182000.0,239411000.0,-201048000.0,3834611550.0,5799643550.0,32.15631309512955,1.5907639890329812,0.42485060743414194,0.875870936171316,0.01534480772916117,32.15631309512955,0.0036036503162916104,33.143569409751336,107.76224005170863,1.553349721786529,3.537095323741007,0.1518184210416397,0.008205785537781526,0.022733489007080773,0.8796657078723829,0.0017479893014251929,-21.416907107670653,0.6858431938598235,-0.07692307692307698,-0.7594397992068085,-0.36786705848338214,0.5592619942172892,-0.10255830260806623,-0.10557007842348683,-0.26754161112819985,0.6492113738580152,-0.012811895883964105,0.5259674409268829,REIT—Office,Real Estate,KRC
2013Q2,2013,Q2,2013-07-31,2013-06-30,9946000.0,124478000.0,29259000.0,0.13,88418000.0,0.7103102556275004,4775522000.0,2186351000.0,286756000.0,371018000.0,2537143000.0,0.0,-177484000.0,4035481560.0,6093783560.0,28.963662136025224,0.7728897250268181,0.45358915737379074,0.9907489694015279,0.006907107121373355,28.963662136025224,0.004549132321388469,32.41923520622118,101.43478684898452,1.8457610694714617,3.0519806957570883,0.0,0.007522026689672198,0.026065841598049387,0.6777002733021039,0.0020827042572518772,-140.87909094082738,0.7103102556275004,3.3333333333333335,-0.4660455463859961,-0.23383143132590337,0.41264941770142743,0.07121395686939666,3.1269709543568465,0.30708063435336164,2.2872565274376537,0.14533818170085805,0.3015541564343603,REIT—Office,Real Estate,KRC
2013Q1,2013,Q1,2013-05-01,2013-03-31,2410000.0,117497000.0,22385000.0,0.03,82540000.0,0.702486020919683,4755287000.0,2185005000.0,312549000.0,356169000.0,2522747000.0,0.0,-157211000.0,3937054872.3999996,5967956872.4,29.14224369955469,0.8775300489374426,0.45561456122417004,0.991566609687392,0.005191496282657185,29.14224369955469,0.0011029723044112026,33.507705493757285,408.4081817842324,1.8018516536117766,12.559751037344398,0.0,0.0076882342210151215,0.02470870843337111,0.7763533603429833,0.0005068043211692585,-30.72631462933046,0.702486020919683,-0.9880000000000001,-0.9149473512236774,-0.28161870884658036,0.3943024863134178,0.0698361675653256,-0.9872588566806414,-0.05743399722093562,-0.8408130699274925,0.008758004682774769,0.4823586707079283,REIT—Office,Real Estate,KRC
2012Q4,2012,Q4,2013-02-12,2012-12-31,189151000.0,111112000.0,23749000.0,2.5,77152000.0,0.6943624451004392,4616084000.0,2189630000.0,406266000.0,339216000.0,2380151000.0,0.0,-129535000.0,3533612520.0,5557847520.0,29.353182476272185,1.1976616669025046,0.44213558505434475,0.9320912665610172,0.2714293151588668,29.353182476272185,0.08638491434625942,31.802258261933904,4.670359289668043,1.6137943488169233,0.15956563803522053,0.0,0.008541400572126115,0.024070619165509118,0.43857895853969153,0.04097650735991806,-13.870086236335446,0.6943624451004392,61.5,0.2071610194750761,-0.22487582415768054,0.37093167167967606,0.0552865545069074,72.05948242564696,0.22322946175637393,123.23188698820515,-0.14436619380082436,0.3288702093508786,REIT—Office,Real Estate,KRC
2012Q3,2012,Q3,2012-10-31,2012-09-30,2589000.0,104293000.0,19415000.0,0.04,73110000.0,0.7010058201413326,4215841000.0,2019167000.0,35922000.0,276724000.0,2154473000.0,0.0,-288765000.0,3204092730.0,5029545730.0,28.087287345769173,0.12981165348867463,0.4368205537163285,0.912042441264145,-0.019578437644030777,28.087287345769173,0.001282211922045081,30.722030529373974,309.39481749710313,1.5868388944549905,10.77790652761684,0.0,0.008708861556575487,0.024738361812032286,0.10854858993076133,0.0006141123443697236,-17.423111218658068,0.7010058201413326,0.3333333333333334,-0.8979978364720852,-0.30564503475479743,0.4173445831421517,-0.009953280520008125,0.12712233347845014,-0.16870049239991436,-0.8701717169413117,-0.09060689829421102,0.3962910181500924,REIT—Office,Real Estate,KRC
2012Q2,2012,Q2,2012-08-03,2012-06-30,2297000.0,103922000.0,23355000.0,0.03,73845000.0,0.7105810126825889,3847522000.0,1693780000.0,32397000.0,265145000.0,2040818000.0,0.0,-259495000.0,3308581450.0,5549240450.0,24.782793181651915,0.12218597371249694,0.5870713669733403,1.3335675235272586,0.005960743909607962,24.782793181651915,0.0013561383414611107,31.83716104385982,360.09811166739223,1.9533714236795803,12.39660426643448,0.0,0.00860640743784621,0.02701011196297253,0.12182013615191688,0.0005970076324449867,-16.99671966505702,0.7105810126825889,-0.9752066115702479,-0.9297728037562574,-0.2384031074501227,0.23851919779668387,0.004885284271834091,-0.9701207138768927,-0.14038058080901028,-0.9094098818739763,-0.2303084286582815,0.026176328383218813,REIT—Office,Real Estate,KRC
2012Q1,2012,Q1,2012-05-02,2012-03-31,76876000.0,99410000.0,27169000.0,1.21,73486000.0,0.7392214062971532,3959341000.0,1690315000.0,430957000.0,239794000.0,2155853000.0,0.0,-234199000.0,2966679890.0,4381870890.0,26.556819431570016,1.7971967605528079,0.4519840549222712,1.0587133167486533,0.12096066137455114,26.556819431570016,0.0454802803027838,29.842871843878886,9.647613982257141,1.7551047526644443,0.3250689421926219,0.0,0.008423557959264692,0.025107713632142318,1.61729234259406,0.019416362470421215,-20.541744955754663,0.7392214062971532,0.6133333333333333,1.0694450613481088,-0.21030799822791876,0.31412597812819854,0.13521696816152504,0.7589347000411842,0.3438690211208389,2.48531776109853,-0.292931687417649,0.2813718071552098,REIT—Office,Real Estate,KRC
2011Q4,2011,Q4,2012-02-08,2011-12-31,43706000.0,90697000.0,20217000.0,0.75,64733000.0,0.7137281277219754,3446795000.0,1293717000.0,19221000.0,211103000.0,2045675000.0,0.0,-277450000.0,2224810800.0,4041319800.0,22.13752566735113,0.09105034035518207,0.528399861320444,1.4077932036140826,-0.07159535256020796,22.13752566735113,0.033783277177311576,24.530147634431128,12.72600329474214,1.7197043866626163,0.5688463826476914,0.0,0.011174882825991316,0.02631343030264347,0.08935448572497785,0.012680185505665407,-17.267879013668008,0.7137281277219754,2.125,1.0169833211654362,-0.22773448995145557,0.02576053317431819,-0.07014192139737992,2.1231956552808344,-0.24027657735522903,1.9275814328228833,-0.3043922367735783,0.09553023837865021,REIT—Office,Real Estate,KRC
2011Q3,2011,Q3,2011-11-02,2011-09-30,13994000.0,97337000.0,26611000.0,0.24,69616000.0,0.7152059340230333,3367684000.0,1261271000.0,52990000.0,240104000.0,1999703000.0,0.0,-296476000.0,1826515475.1000001,3570633475.1000004,21.613713564533928,0.22069603171958818,0.5224952816238103,1.3950998635503393,0.086386734021167,21.613713564533928,0.011095157186679151,18.764863054131524,32.6303321977276,1.448154659149382,1.7767614692010862,0.0,0.013612805551860282,0.028903246266573705,0.11475860460467131,0.004155377998648329,-28.189577354384667,0.7152059340230333,3.0,-0.7727285285974594,-0.14816713456148106,0.021192592985245468,0.053702246170612096,3.018954623779437,0.02999690354544047,-0.5021738130950314,-0.30036561353032115,0.048050565230406565,REIT—Office,Real Estate,KRC
2011Q2,2011,Q2,2011-07-27,2011-06-30,3482000.0,92064000.0,25836000.0,0.06,66068000.0,0.7176312130691693,3264787000.0,1270202000.0,37147000.0,207493000.0,1887616000.0,0.0,-285916000.0,2278020140.0,3932731140.0,22.01924210380335,0.17902772623654775,0.5146194835987769,1.3227211105005345,0.008782223125383242,22.01924210380335,0.002741296266263161,24.74387534758429,163.55687392303275,1.793431391227537,6.533888569787479,0.0,0.00998718123712462,0.028199083125484144,0.17252630209211878,0.0010665320585998414,-6.494452509379526,0.7176312130691693,-0.3333333333333333,-0.9080268808339835,-0.3253625681250295,0.033897608753304116,0.061043570430565144,-0.27953651975998345,-0.007491068341592716,-0.7553864490037725,-0.25848907003115545,0.07394808674678388,REIT—Office,Real Estate,KRC
2011Q1,2011,Q1,2011-05-03,2011-03-31,4833000.0,88125000.0,26031000.0,0.09,62267000.0,0.7065758865248227,2841933000.0,1071721000.0,18848000.0,204715000.0,1665772000.0,0.0,-264848000.0,2030889572.25,3485238572.25,20.490984344311386,0.09206946242336908,0.5141067716937732,1.3632811151409743,0.010205849878821012,20.490984344311386,0.004509569188249554,23.045555429787235,105.05325740999379,1.8949797309654286,4.70184150631078,0.0,0.011189185424210109,0.03100882392371671,0.08279315145446108,0.0017006030754419615,-170.63431122920517,0.7065758865248227,-0.18181818181818185,-0.8292369230393446,-0.21379071929266105,0.1441411366470587,0.56496933748869,-0.09392575928008999,0.09181276738528647,-0.7554891551734465,-0.22760777101493443,-0.019614594098008344,REIT—Office,Real Estate,KRC
2010Q4,2010,Q4,2011-02-11,2010-12-31,5334000.0,82941000.0,23842000.0,0.11,39788000.0,0.47971449584644504,2816565000.0,1086351000.0,27461000.0,197421000.0,1625197000.0,0.0,-247252000.0,1805155590.0,3218091590.0,21.947815019092065,0.13909867744566182,0.5069210190426992,1.314286082490834,0.01896642452827562,21.947815019092065,0.00491001527130734,21.764333562411835,84.60609251968503,1.661668825269181,4.260217472815898,0.0,0.01258838857208979,0.02944757177625938,0.1316982489198211,0.0018937961666071971,-6.916198947142573,0.47971449584644504,0.5714285714285713,3.0979943659439124,-0.21126119384458367,0.2135115264407533,-0.3779139761409653,0.4522188946365369,0.22022621423819028,-0.9486965895959149,-0.12800047581996807,0.02506618347645157,REIT—Office,Real Estate,KRC
2010Q3,2010,Q3,2010-10-26,2010-09-30,3673000.0,79804000.0,19539000.0,0.07,63959000.0,0.8014510550849582,2535684000.0,1101563000.0,20114000.0,87197000.0,1328610000.0,0.0,-230215000.0,1732370832.24,2873443832.24,21.07273866577231,0.23067307361491796,0.45328439979114116,1.0434137675285027,0.01736067765195924,21.07273866577231,0.0033343530964638425,21.707819560924264,117.91252601687994,1.572647984945028,6.18186768309284,0.0,0.013106893499609756,0.031472375895419145,0.1932291248552129,0.0014485243429386311,-4.740999863821216,0.8014510550849582,0.7500000000000001,-0.877325044133647,-0.2726920101710746,0.13351678313465618,0.24455643984355238,0.8219246031746031,-0.050721469173589856,-0.800991170643994,-0.26932351845890107,0.06337545638423905,REIT—Office,Real Estate,KRC
2010Q2,2010,Q2,2010-08-04,2010-06-30,2016000.0,72416000.0,20583000.0,0.04,51391000.0,0.7096636102518781,2556509000.0,1119266000.0,51342000.0,78187000.0,1404443000.0,0.0,-211555000.0,1495329810.0,2771019810.0,22.253136369962423,0.6566564774195198,0.5105078839933676,1.1660481065269561,0.016979983368971253,22.253136369962423,0.0018011804164514958,20.649163306451612,185.43276413690478,1.3359914533274486,9.665674603174603,0.0,0.01303123890775641,0.028326127543458677,0.6120838502564365,0.0007885753580370732,80.20864721343132,0.7096636102518781,-0.7999999999999999,0.23068971539822675,-0.3107474558078687,0.18359548601861034,0.053893320755490845,-0.7678756476683938,-0.008621520084770254,-0.9162471627440825,-0.27886451703309695,0.11209968962622704,REIT—Office,Real Estate,KRC
2010Q1,2010,Q1,2010-04-30,2010-03-31,8685000.0,66819000.0,20762000.0,0.2,48763000.0,0.7297774585073108,2112242000.0,845589000.0,104954000.0,249154000.0,1238210000.0,0.0,-191190000.0,1326490080.0,2315517080.0,19.659374128150283,0.42124148117228705,0.4733183981759666,1.1823273481561374,0.02250194000927736,19.659374128150283,0.010270947233230328,19.851989404211377,38.18336442141623,1.5687172846382818,2.245710995970063,0.0,0.014703464650108805,0.03163415934348432,0.4211130465495236,0.004111744771669155,-447.9871935157042,0.7297774585073108,8.803921568627452,-0.6192936489320185,-0.2512861725283241,0.009214686919320376,-0.33692770019444934,9.99367088607595,1.1331552450426385,-0.6540328262624187,-0.21453003143379773,-0.02718417308543058,REIT—Office,Real Estate,KRC
2009Q4,2009,Q4,2010-02-11,2009-12-31,790000.0,67379000.0,9733000.0,0.0204,73541000.0,1.091452826548331,2084281000.0,854948000.0,103701000.0,69669000.0,1200443000.0,0.0,-180722000.0,1187082350.0,2149215350.0,22.088825733109417,1.4884812470395727,0.4663555441900588,1.1369299653312248,0.01065483501590617,22.088825733109417,0.0009240328066736223,17.617987058282253,375.65897151898736,1.388484855219265,24.686075949367087,0.0,0.016428514837239387,0.03232721499644242,1.458927212964159,0.000379027587930802,91.4829184648582,1.091452826548331,-0.9271428571428573,-0.8299433647372018,-0.15265429618225795,0.12881484222126227,0.476519364747927,-0.9336691855583543,-0.5017915642915642,-0.9449532767053691,-0.133753657541269,0.023503981504363093,REIT—Office,Real Estate,KRC
2009Q3,2009,Q3,2009-10-28,2009-09-30,11910000.0,68494000.0,19536000.0,0.28,49807000.0,0.7271731830525302,2079002000.0,863665000.0,101908000.0,185698000.0,1186104000.0,0.0,-162391000.0,1191016900.0,2146886900.0,20.115639920810526,0.5487835087076867,0.4642299526407382,1.1174876833031326,0.02136482939632546,20.115639920810526,0.013790069066130966,17.3886311209741,25.000354743912677,1.379026474385323,1.637615449202351,0.0,0.016375922121676025,0.03294561525193338,0.5329728914689442,0.005728710217690988,46.51501269283343,0.7271731830525302,-0.24324324324324317,-0.29614759621797454,-0.1806534221173497,0.18639718980729417,-0.14813231169186564,-0.10739713707562018,-0.12735069459954437,-0.737104975442286,-0.18530225175992346,-0.049587548712710997,REIT—Office,Real Estate,KRC
2009Q2,2009,Q2,2009-07-29,2009-06-30,13343000.0,71050000.0,22387000.0,0.37,58468000.0,0.8229134412385644,2087582000.0,868577000.0,101793000.0,120827000.0,1189579000.0,0.0,-155183000.0,738721100.0,1698449100.0,24.150618657027668,0.8424689845812608,0.46612588152225876,1.1203105769551807,0.024311854621907603,24.150618657027668,0.015361908040392504,10.397200562983814,13.840985910215094,0.8504958109643703,1.7977965974668366,0.0,0.03247233631203982,0.03403459121605762,0.24702260256399647,0.006391605215986725,40.748033537426224,0.8229134412385644,0.0571428571428572,0.21190606090630965,0.02340088634691305,0.41909889701315983,0.08314190440904039,0.17290787623066103,-0.06412775385644413,-0.4347038917667094,-0.16490662728314356,0.13397485534258852,REIT—Office,Real Estate,KRC
2009Q1,2009,Q1,2009-05-06,2009-03-31,11376000.0,72512000.0,23921000.0,0.35,53980000.0,0.7444285083848191,2103498000.0,680352000.0,102773000.0,338238000.0,1393984000.0,0.0,-148982000.0,564298175.61,1711916175.6100001,20.725303368839647,0.3038481779102289,0.5533040677956432,1.7106938761111894,0.025941506084395296,20.725303368839647,0.01672075631437844,7.782135034339144,12.401067501977849,0.8294209109549175,2.1102320675105486,0.0,0.04254133902532962,0.034472103134873436,0.3016958473027868,0.0054081344503298795,40.04955114336409,0.7444285083848191,0.3999999999999999,0.4394491331084997,0.1380342967106333,0.2082596260295406,-0.25480072338721926,0.37159392331806124,1.470469072671846,-0.35959766081294386,0.030706629829774155,0.15722464842750775,REIT—Office,Real Estate,KRC
2008Q4,2008,Q4,2009-02-12,2008-12-31,8294000.0,72437000.0,-50845000.0,0.25,72437000.0,1.0,2099583000.0,656065000.0,17194000.0,0.0,1341512000.0,0.0,-129319000.0,1086345820.0,1850258820.0,20.20713339698771,0.0,0.3683902946442222,1.1789472079748196,-0.07113521847375118,20.20713339698771,0.012642040041764155,14.997112249264879,32.7449306727755,1.6558508989200766,2.8945020496744633,0.0,0.022098856145090152,0.0345006603692257,0.0,0.003950308227871915,110.47959117258212,1.0,-0.47916666666666663,0.3300453736589757,0.14066751722878545,0.13547548444429594,-0.060479896238651104,-0.46758248812427783,-0.029688734077239314,8.714469585480273,0.05017364073198888,0.11726790444695885,REIT—Office,Real Estate,KRC
2008Q3,2008,Q3,2008-10-29,2008-09-30,15578000.0,77100000.0,-49379000.0,0.48,77100000.0,1.0,2099498000.0,666920000.0,16956000.0,0.0,1329815000.0,0.0,-116012000.0,1545480810.0,2310083810.0,20.6227774513745,0.0,0.3689729640133022,1.1615456126671864,-0.06850687233018261,20.6227774513745,0.023358123912913094,20.045146692607005,24.802298273205803,2.3173406255622866,1.5412119655925023,0.0,0.015534971281849821,0.03672306427536487,0.0,0.007419868940099014,56.789917321966634,1.0,0.9199999999999999,-0.3369111215689164,-0.06120681415518899,0.2496530418917817,0.1072972468368065,0.9513967180258048,0.03259996473561507,-0.15897587449949604,0.1358208826533478,0.10931306683706804,REIT—Office,Real Estate,KRC
2008Q2,2008,Q2,2008-07-30,2008-06-30,7983000.0,69629000.0,-51043000.0,0.25,69629000.0,1.0,2087725000.0,663296000.0,10616000.0,0.0,1314183000.0,0.0,-109999000.0,1521469599.32,2366163599.3199997,20.50307866416923,0.0,0.40669197332024093,1.2800635010613663,-0.06750125797017503,20.50307866416923,0.012035350733307604,21.851090771373997,47.647175226105475,2.2938018611901776,3.01315295001879,0.0,0.01580971450941288,0.03335161479601001,0.0,0.0038237794728711873,-133.28686809636443,1.0,-0.34210526315789475,-0.49481458391413596,0.17546120267640566,0.28417223523794566,-0.01656732860653654,-0.34917658568400456,-0.08789616146976705,6.576662714977131,0.030357140679706976,0.09051375738440047,REIT—Office,Real Estate,KRC
2008Q1,2008,Q1,2008-04-23,2008-03-31,12266000.0,70802000.0,-46919000.0,0.38,70802000.0,1.0,2085909000.0,678374000.0,80266000.0,0.0,1296334000.0,0.0,-96636000.0,1593944313.54,2265046313.54,20.900947954706552,0.0,0.32407118431340964,0.9964753955782504,-0.06928601543020045,20.900947954706552,0.018081471282802703,22.512701809835878,32.487043729414644,2.3496541930262653,1.8913256155225828,0.0,0.014554460781931088,0.033942995595685144,0.0,0.005880409931593372,66.15249278024486,1.0,-0.8181818181818182,-0.05870802387723372,0.08702616386797256,0.3026482637688446,0.13787506227600727,-0.8196574285084173,-0.09490805563334266,-0.2874592836609055,0.0513512475611411,0.07295092452726207,REIT—Office,Real Estate,KRC
2007Q4,2007,Q4,2008-02-26,2007-12-31,68015000.0,62223000.0,-42852000.0,2.09,62223000.0,1.0,2068720000.0,693292000.0,84613000.0,0.0,1263481000.0,0.0,-87512000.0,1779604635.1200001,2418784635.12,21.411119957793694,0.0,0.31464480451680266,0.9388713557923646,-0.06375817956203077,21.411119957793694,0.09810440622421722,28.60043127332337,6.541221183268397,2.5668904806632704,0.3410277144747482,0.0,0.013033793878849918,0.030078019258285318,0.0,0.03287781816775591,-11.672217460531925,1.0,4.971428571428571,3.129394574649948,0.11007727353197248,0.335834192795822,-0.08007214772542467,4.950568678915135,0.06546866140358529,16.500943414118066,-0.06464325030731392,0.09418175003797008,REIT—Office,Real Estate,KRC
2007Q3,2007,Q3,2007-10-24,2007-09-30,11430000.0,67639000.0,-45854000.0,0.35,67639000.0,1.0,1963750000.0,641535000.0,74414000.0,0.0,1212609000.0,0.0,-134943000.0,2038218434.88,2628846434.88,19.816837542428576,0.0,0.3026266072565245,0.9263454059404397,-0.07420833812098546,19.816837542428576,0.017816642895555193,30.13377540886175,44.580455706036744,3.17709623774229,2.0293963254593175,0.0,0.011380527034319392,0.03444379376193507,0.0,0.005820496499045194,48.834809279056955,1.0,-0.27083333333333337,0.2368926577322377,0.1305034614596489,0.21593686382715702,0.04655732631904688,-0.2621998450813323,-0.03384213018285122,-0.10413714818173289,0.07309396940742229,0.16877417093165117,REIT—Office,Real Estate,KRC
2007Q2,2007,Q2,2007-07-27,2007-06-30,15492000.0,64630000.0,-44353000.0,0.48,64630000.0,1.0,1927685000.0,647748000.0,78364000.0,0.0,1169901000.0,0.0,-125820000.0,2293174603.7200003,2844657603.7200003,20.01001940522223,0.0,0.2918614815179866,0.8685738898460512,-0.07328863607258967,20.01001940522223,0.02391670834954334,35.48158136654805,37.00578691776401,3.540226451830033,1.4972243738703848,0.0,0.01011479891778539,0.03352726197485585,0.0,0.008036582740437365,-64.02654131449633,1.0,-0.17241379310344826,1.6513829326720244,0.06954012225349475,0.2138501693755358,0.010175213742009097,-0.17944915254237287,-0.05037180883815658,0.5633076512709099,0.034278164775043335,0.17579581999236654,REIT—Office,Real Estate,KRC
2007Q1,2007,Q1,2007-04-27,2007-03-31,18880000.0,63979000.0,-42226000.0,0.58,63979000.0,1.0,1854715000.0,653726000.0,74464000.0,0.0,1090539000.0,0.0,-120763000.0,2385715887.5,3310778887.5,20.2087317909937,0.0,0.5015487554691691,1.422966196846997,-0.05331713759725649,20.2087317909937,0.02888060135286037,37.28904621047531,31.590517578125002,3.6494125788174254,1.1757944915254237,0.0,0.009304963812460673,0.03449532677527275,0.0,0.010179461534521476,-25.68987452350699,1.0,0.5675675675675674,0.17774642589119818,0.024168761892673224,0.2019564196490957,0.018952364267626497,0.6296935692706086,-0.018500205021828794,1.4242912863570911,0.01896434056612258,0.1781441401252887,REIT—Office,Real Estate,KRC
