Quarters,Year,Quarter,FillingDate,Date,NetIncome,Revenue,OperatingIncome,EPSDiluted,GrossProfit,GrossProfitRatio,TotalAssets,CommonStockEquity,CurrentAssets,CurrentLiability,TotalLiability,Inventory,RetainedEarnings,MarketCap,EnterpriseValue,bookValuePerShare,currentRatio,debtToAssets,debtToEquity,roic,shareholdersEquityPerShare,roe,priceToSalesRatio,peRatio,pbRatio,payoutRatio,inventoryTurnover,dividendYield,assetTurnover,quickRatio,returnOnAssets,priceToFreeCashFlowsRatio,grossProfitMargin,epsdilutedGrowth,fiveYNetIncomeGrowthPerShare,fiveYRevenueGrowthPerShare,fiveYShareholdersEquityGrowthPerShare,grossProfitGrowth,netIncomeGrowth,operatingIncomeGrowth,threeYNetIncomeGrowthPerShare,threeYRevenueGrowthPerShare,threeYShareholdersEquityGrowthPerShare,Industry,Sector,Symbol
2023Q3,2023,Q3,2023-05-03,2023-03-31,46801000.0,322232000.0,62566000.0,0.39,219070000.0,0.6798517838,3512517000.0,2335791000.0,651128000.0,900332000.0,1176726000.0,94431000.0,409630000.0,3847886639.9999995,4244955639.9999995,19.64963153644256,0.7232087718752638,0.13909171115755453,0.2091634054587932,0.016211923392617685,19.64963153644256,0.020036467303795588,11.941354800268128,20.554510801051258,1.6473591344431073,0.5346466955834277,1.0924590441698172,0.006502790321286597,0.09173820368698571,0.5526916737381321,0.013324063627307712,33.633902714042215,0.6798517838079396,-0.2777777777777778,-0.10327377428673727,-0.6588510470128769,1.9265026694356855,-0.0975154588635624,-0.2692595946663336,-0.29036136379103056,-0.2834325418351427,-0.4377204129781358,8.64701870352089,Health Information Services,Healthcare,PINC
2023Q2,2023,Q2,2023-02-07,2022-12-31,64046000.0,359626000.0,88166000.0,0.54,242741000.0,0.6749817866,3539394000.0,2306073000.0,673965000.0,934028000.0,1233321000.0,116421000.0,388052000.0,4155169259.9999995,4641311260.0,19.413513263235878,0.7215683041621879,0.164085998902637,0.2518415505493538,0.022095586444564417,19.413513263235878,0.02777275480871594,11.55414030131303,16.21947217624832,1.8018376955109396,0.390141460825032,1.003985535255667,0.006013473443919347,0.10160665921906406,0.5349582667757283,0.018095188046315273,40.542983178518455,0.6749817866338919,0.5000000000000001,1.8107325623820654,-0.5937158563964481,2.128718543755972,0.20177735970492858,0.4993445079127259,0.5069050386271963,-0.0460657352863925,-0.3885274762613208,3.8949850031611586,Health Information Services,Healthcare,PINC
2023Q1,2023,Q1,2022-11-01,2022-09-30,42716000.0,313873000.0,58508000.0,0.36,201985000.0,0.6435246103,3419741000.0,2261419000.0,738963000.0,838001000.0,1158322000.0,123881000.0,349309000.0,4016832939.9999995,4398379940.0,19.10773039518044,0.8818163701475297,0.16322201008789847,0.2468259973052318,0.01428788016071933,19.10773039518044,0.01888902498829275,12.797637706970653,23.5089482863564,1.776244446517872,0.5903642663170708,0.9031893510707857,0.006278080362485775,0.09178268178788979,0.6675731890534737,0.012491004435716038,71.95917199620214,0.6435246102723076,0.43999999999999995,0.19306852016745624,-0.6407313104304709,1.7845735727517766,-0.09862731272814901,0.42848543624385516,0.10379956986001584,-0.22980205867631587,-0.4493929383838999,11.44506906788852,Health Information Services,Healthcare,PINC
2022Q4,2022,Q4,2022-08-16,2022-06-30,29903000.0,340706000.0,53006000.0,0.25,224086000.0,0.6577107536,3357127000.0,2248850000.0,645566000.0,753137000.0,1108277000.0,119652000.0,331690000.0,4210275680.0,4611419680.0,19.057889339920848,0.8571694127363282,0.14515000475108628,0.21668274896057985,0.011948806978240025,19.057889339920848,0.013297018476110012,12.35750377158019,35.199442196435136,1.8721905329390578,0.7890178242985654,0.9746598468893123,0.00560390857826203,0.10148737298291069,0.611220800465254,0.008907318668611584,50.6859085546433,0.6577107535529166,-0.24242424242424246,-0.6395646640842952,-0.6210228687906157,1.6066067362103558,0.05463650183313959,-0.23461056080268244,-0.06718991975221737,0.6182416727828023,-0.41066932841451625,2.3642774363660357,Health Information Services,Healthcare,PINC
2022Q3,2022,Q3,2022-05-03,2022-03-31,39069000.0,347833000.0,56824000.0,0.33,212477000.0,0.6108592342,3515459000.0,2233602000.0,756000000.0,863175000.0,1281857000.0,130275000.0,332171000.0,4224426230.0000005,4659090230.0,18.817678627092512,0.8758363020245026,0.17470464027599242,0.2749670711254736,0.014320844505707317,18.817678627092512,0.01749147789086865,12.144984029692411,27.031829775525356,1.8913066114733066,0.609613760270291,1.0390021109192094,0.005637925413601079,0.09894383635252182,0.6497268804124309,0.011113484754053453,35.54089423780719,0.6108592341727208,-0.47619047619047616,-0.1756590803392375,-0.6101666667784975,1.6448221737301767,-0.10157716701902748,-0.49413455562461156,-0.32978710856873267,-0.32880181563374106,-0.5702154581736798,2.939579980609189,Health Information Services,Healthcare,PINC
2022Q2,2022,Q2,2022-02-01,2021-12-31,77232000.0,379215000.0,84785000.0,0.63,236500000.0,0.6236567646,3451462000.0,2278802000.0,728113000.0,723010000.0,1172660000.0,148415000.0,317896000.0,4989021770.0,5419161770.0,18.804944669543904,1.0070579936653712,0.14958907268861718,0.22656685398731438,0.027643893446989542,18.804944669543904,0.03389149210857284,13.15618256134383,16.14946450305573,2.189317795051962,0.3132380360472343,0.961594178486002,0.004849046790188691,0.1098708315490653,0.7098089929599867,0.022376604465006424,41.32379499710097,0.6236567646322008,-0.35051546391752575,-0.33738456502161657,-0.5683972562361245,1.6574588273957402,0.11569234252934295,-0.3669715747024688,0.17302397653536988,-0.09529091025130651,-0.5558409704895282,2.2642327372768416,Health Information Services,Healthcare,PINC
2022Q1,2022,Q1,2021-11-02,2021-09-30,122004000.0,365147000.0,72279000.0,0.97,211976000.0,0.5805223649653427,3566920000.0,2328086000.0,832725000.0,757041000.0,1238834000.0,169019000.0,266601000.0,4765348200.0,5173784200.0,18.93599577046647,1.0999734492583626,0.16620978323035,0.2546542524631822,0.021093197670508296,18.93599577046647,0.05240528056094148,13.050492541360056,9.764737631553064,2.046895260742086,0.2036982394019868,0.9062353936539679,0.005215148811161375,0.10237039238334474,0.7867222515028909,0.034204299507698516,139.59481501010634,0.5805223649653427,3.4964674901485298,4.515967991529748,-0.5523835056791477,1.485686590228296,-0.03574953942729774,3.6227644740830556,0.13382380623705842,0.9662567226196436,-0.6063551336344576,1.5152796150662338,Health Information Services,Healthcare,PINC
2021Q4,2021,Q4,2021-08-17,2021-06-30,26392000.0,481515000.0,63748000.0,0.21572490007438225,219835000.0,0.4565486018088741,3522898000.0,2229893000.0,782296000.0,716784000.0,1293005000.0,176376000.0,169474000.0,4256243390.0,4648775390.0,18.226865891238425,1.0913971294002098,0.14808064269814228,0.23394530589584342,0.010194732896758115,18.226865891238425,0.01183554547236123,8.8392747681796,40.31755257274932,1.908720907236356,0.8809866626250379,1.4836485689662993,0.005462798498466508,0.13668150482926272,0.7503948190807831,0.007491559505838659,22.044850573879174,0.4565486018088741,-0.44685923057850707,-0.03402547115782588,-0.3834971565590964,1.4409840863788368,0.0379024300424443,-0.4538192504294199,-0.03689379060281009,-0.6294020301321406,-0.5246397864605206,1.6694209195183876,Health Information Services,Healthcare,PINC
2021Q3,2021,Q3,2021-05-04,2021-03-31,48321000.0,469923000.0,66190000.0,0.39,211807000.0,0.4507270340034431,3681965000.0,2214567000.0,889192000.0,852845000.0,1467398000.0,225231000.0,166508000.0,4138297900.0,4679303900.0,18.11447478201122,1.042618529744561,0.18294307523292588,0.3041632969334412,0.017886715103275736,18.11447478201122,0.02181961530177231,8.806331888415762,21.410452494774532,1.8686713474914058,0.48117795575422695,1.1460056564149694,0.005618493535711868,0.12762831803126862,0.6805855694762823,0.013123698894476184,76.43556454443028,0.4507270340034431,0.08333333333333341,0.1373986713281668,-0.4245117991879676,1.3917281518385503,0.0039055279335301896,0.09897882599103915,-0.0544826009942289,-0.09976240825887146,-0.5162526825645828,1.8541182672984247,Health Information Services,Healthcare,PINC
2021Q2,2021,Q2,2021-02-02,2020-12-31,43969000.0,422827000.0,70004000.0,0.36,210983000.0,0.49898185309831206,3510799000.0,2172416000.0,786338000.0,704872000.0,1338383000.0,178346000.0,141590000.0,4286657700.0,4779612700.0,17.788171329845163,1.1155755938666878,0.1714618239323869,0.27709609945793073,0.018091012906166735,17.788171329845163,0.020239677851755834,10.138088863766978,24.37318167345175,1.9732213811719301,0.5276672200868794,1.18782591143059,0.005412375240504974,0.12043611724852377,0.730047441237558,0.012523929737931452,65.43216918779478,0.49898185309831206,-0.7464788732394367,0.33906929609453035,-0.5064933512388667,1.3022846079453951,0.08358113903312123,-0.7395818526415542,0.22867924528301886,1.541364058285433,-0.535379115107949,2.034219750297683,Health Information Services,Healthcare,PINC
2021Q1,2021,Q1,2020-11-03,2020-09-30,168840000.0,346887000.0,56975000.0,1.42,194709000.0,0.5613038251649672,3441583000.0,2134581000.0,718053000.0,668064000.0,1307002000.0,143305000.0,121313000.0,3269047250.0,3797155250.0,21.43691689681145,1.0748266633136945,0.18843770439358865,0.3038179389772513,0.05808362900011019,21.43691689681145,0.07909749032714149,9.423954342480405,4.840451388888889,1.5314702276465497,0.1963041933191187,1.0619168905481315,0.010138733846688818,0.10079286188942704,0.7443867653398477,0.049058819734988234,563.6288362068966,0.5613038251649672,2.856700129287398,13.698760566314487,-0.5146251423442832,1.30765552614399,-0.04714155680183222,5.420260095824777,-0.15251085857083357,4.604950340458883,-0.528072752603487,1.8802112093206274,Health Information Services,Healthcare,PINC
2020Q4,2020,Q4,2020-08-25,2020-06-30,26298000.0,342753000.0,67228000.0,0.36819040952047605,204342000.0,0.5961785892464836,2948515000.0,139263000.0,618362000.0,496074000.0,2809252000.0,70997000.0,0.0,2448449000.0,2486335000.0,1.9497794889744486,1.2465116091550856,0.04652850672287575,0.9851144955946662,0.1623732426754083,1.9497794889744486,0.1888369487947265,7.143479415205702,23.27600007605141,17.581475338029485,0.35417141987983874,1.9495330788624872,0.00380404084381582,0.11624597466860437,0.9071771550212266,0.008919066038327768,36.52602449539779,0.5961785892464836,0.1816944745400221,0.7315547970139434,-0.32351528535222945,1.0234966380438175,-0.11805606508556507,-0.3108309966194083,-0.3396849094409303,-0.47631424561631047,-0.370131447896837,1.0620608794101434,Health Information Services,Healthcare,PINC
2020Q3,2020,Q3,2020-05-06,2020-03-31,38159000.0,334823000.0,101812000.0,0.3115783457173185,231695000.0,0.6919924855819344,3063069000.0,141462000.0,752371000.0,686183000.0,2921607000.0,48522000.0,0.0,2272436720.0,2290275720.0,2.0368605203668775,1.096458233445014,0.08474278574854174,1.8349309355162517,0.21108205460699228,2.0368605203668775,0.26974735264594024,6.786979150177856,14.887947273251394,16.063937453167632,0.33252967845069314,2.1253864226536416,0.005583873860302698,0.10930964989688446,0.8978698102401255,0.012457767030386844,390.9232272492689,0.6919924855819344,-0.4487322085036496,0.6793200464852611,-0.3126309480183744,1.0248464451926735,0.05620769037904862,0.045881869261340275,-0.1553184605045921,0.37604547753374756,-0.3586653400582645,1.0697967509359618,Health Information Services,Healthcare,PINC
2020Q2,2020,Q2,2020-02-05,2019-12-31,36485000.0,319606000.0,120533000.0,0.565203246994671,219365000.0,0.6863607066200259,2616162000.0,-432880000.0,574812000.0,450242000.0,3049042000.0,52713000.0,-409831000.0,2445229760.0,2391232760.0,-6.705911513198662,1.2766734333980392,0.02200666472489089,-0.1329999075956385,-0.22018335212414644,-6.705911513198662,-0.084284328220292,7.650763001946146,16.755034671782926,-5.648747366475698,0.37546937097437305,1.9016371673021835,0.005602336526445678,0.12216598207603352,1.0958129183861123,0.01394600181487232,25.211413253049315,0.6863607066200259,1.432629242520195,1.1696708399626083,-0.29360729872243513,0.9112579067703405,0.037682297456468575,0.2400584596560397,0.4341142456006758,-0.4123706937286785,-0.3171293570119505,0.7655477962012999,Health Information Services,Healthcare,PINC
2020Q1,2020,Q1,2019-11-05,2019-09-30,29422000.0,302410000.0,84047000.0,0.23234253585191736,211399000.0,0.6990476505406568,2594584000.0,-114856000.0,576684000.0,410631000.0,2709440000.0,52344000.0,-39894000.0,1815742200.0,1698967200.0,-1.8293541450983515,1.4043849587585935,0.0032641070784372368,-0.07373580831650066,-1.477247148408437,-1.8293541450983515,-0.25616424044020336,6.004239939155451,15.42843960301815,-15.808858048338791,0.44871184827679966,1.7387093076570381,0.007270855961821011,0.1165543300968479,1.211187172911933,0.011339775470749838,21.288540543075552,0.6990476505406568,0.4836895329463685,0.6361353354552481,-0.3199446923723357,0.9791198139266517,0.0191390789137488,2.0438650941444236,-0.07760266906648522,1.6048026893293117,-0.2740788238681486,0.9530791626792315,Health Information Services,Healthcare,PINC
2019Q4,2019,Q4,2019-08-23,2019-06-30,9666000.0,302410000.0,91118000.0,0.1565978128797084,207429000.0,7.2426326815642454,2569567000.0,-862250000.0,614044000.0,458022000.0,3431817000.0,51032000.0,-775674000.0,2439989250.0,2332545250.0,-13.969218307006885,1.3406430258808528,0.013080413937445492,-0.03898057407944332,-0.0971468431995154,-13.969218307006885,-0.011210205856770078,8.068480705003141,63.10752250155183,-2.8297932734125832,1.3530933167804675,-4.62590139520301,0.005360269517580866,0.11768908925122404,1.1699481684285908,0.0037617232786691297,21.415625137139596,0.6859197777851261,-0.33542470888374687,-0.42900617276939307,-0.3263774447840781,0.8168648131693756,-0.0523682912121046,-0.682185835470507,0.06123922664803168,-0.2987851728658429,-0.23258136834186893,0.662026208493522,Health Information Services,Healthcare,PINC
2019Q3,2019,Q3,2019-05-07,2019-03-31,30414000.0,422875000.0,85860000.0,0.2356359241353663,218892000.0,0.5176281407035176,2684173000.0,-601714000.0,634957000.0,587982000.0,3285887000.0,64775000.0,-499446000.0,2134728400.0,2155450400.0,-9.70193485972267,1.0798919014527655,0.0589507457231706,-0.2629721096733664,-0.16830924795972574,-9.70193485972267,-0.0505456080463476,5.048131007981082,17.547251265864407,-3.5477459391006363,0.4697836522654041,3.1491007333076033,0.006693123115802459,0.15754386919173988,0.9210979247664044,0.011330864292279223,16.050710155715457,0.5176281407035176,-0.25324975696959023,0.17385453741295073,-0.02151362917922864,0.8933779121349116,-0.01901099787571594,-0.2789473684210526,-0.1312442452267001,0.41117755557741054,0.020829116134187847,0.7901942475510626,Health Information Services,Healthcare,PINC
2019Q2,2019,Q2,2019-02-06,2018-12-31,42180000.0,421857000.0,98831000.0,0.31554850679274643,223134000.0,0.5289327900212631,2644851000.0,-890631000.0,614215000.0,514688000.0,3535482000.0,70032000.0,-794070000.0,2236368600.0,2233193600.0,-14.874590821030129,1.1933734612036806,0.04061060528551514,-0.12059876649252046,-0.12405002757502859,-14.874590821030129,-0.04735968094530731,5.301248053250272,13.254911095305834,-2.5109934417283926,0.35545282124229494,2.837602810143934,0.006704172111878157,0.15950123466312469,1.0043443795075853,0.015947968335456326,17.23531732881199,0.5289327900212631,-0.37476518689438726,2.5613302574227004,0.09185535151621911,0.8617260529496764,0.0497805253278006,0.5703648548026806,0.06608057817809179,1.6201246218387924,0.004279194133643983,0.7472275383844975,Health Information Services,Healthcare,PINC
2019Q1,2019,Q1,2018-11-07,2018-09-30,26860000.0,401546000.0,92705000.0,0.5046879990981004,212553000.0,0.5293366139869404,2516552000.0,-1955817000.0,626202000.0,469832000.0,4472369000.0,68236000.0,-1820000000.0,2442843900.0,2407639900.0,-36.74897127073899,1.33282109349725,0.04260512002136256,-0.05482005729574904,-0.04431415203453104,-36.74897127073899,-0.013733391211958991,6.083596648951802,22.736819620253165,-1.2490145550427265,0.5757632166790767,2.769696347968814,0.0063307360736394175,0.1595619720951524,1.124425326499685,0.01067333399031691,69.27105912377712,0.5293366139869404,-0.13298674460881582,11.215393420593564,-0.8235275606171377,-3.621532217804872,-0.08031499469960841,-0.11960405126356158,-0.11924260849737782,3.3750061212880356,0.05121570452947162,0.4725909445853549,Health Information Services,Healthcare,PINC
2018Q4,2018,Q4,2018-08-23,2018-06-30,30509000.0,433956000.0,105256000.0,0.5820995191940777,231115000.0,0.5325770354598162,2312216000.0,-1427064000.0,428618000.0,448882000.0,3739280000.0,66139000.0,-1277581000.0,1906748560.0000002,1861574560.0000002,-27.22781042509349,0.9548567329498621,0.04636764039345805,-0.07512767472236705,-0.0784434902088685,-27.22781042509349,-0.02137885897198724,4.393875323765544,15.624476056245701,-1.3361338804706726,0.431249795142417,3.066889429837161,0.006900228103489429,0.18767969774450138,0.7555526842243618,0.013194701533074765,17.247526593820105,0.5325770354598162,0.3258107889941188,21.569379744991206,-0.030830331326587156,-10.642900840831224,0.042044276117047655,0.29814483873712877,0.06739681573876889,1.7375433708681678,0.16719101971309763,0.6718798151781715,Health Information Services,Healthcare,PINC
2018Q3,2018,Q3,2018-05-08,2018-03-31,23502000.0,425338000.0,98610000.0,0.43905172896934375,221790000.0,0.5214441220864348,2294637000.0,-1135264000.0,405597000.0,523915000.0,3429901000.0,57230000.0,-965564000.0,1675992990.0,1733799990.0,-21.208391712903286,0.774165656642776,0.09030491533083446,-0.1825275882966429,-0.09053891142146245,-21.208391712903286,-0.02070179271077036,3.9403791572819733,17.8281953663518,-1.4763024195253263,0.8677984852352991,3.556666084221562,0.012168905312664824,0.18536178053435032,0.6184075661128237,0.010242142874886093,12.271055198014365,0.5214441220864348,2.6650028757627333,1.922715969206041,-1.9435758935694684e-05,0.0,0.051780472421527855,1.6401024076696809,-0.6282851585470666,0.34193253486936115,0.13291740541975866,0.7412914939190396,Health Information Services,Healthcare,PINC
2018Q2,2018,Q2,2018-02-06,2017-12-31,-36716000.0,411398000.0,265284000.0,-0.2636942766649669,210871000.0,0.5125717674855007,2320163000.0,-949573000.0,420837000.0,506357000.0,3269736000.0,62067000.0,-875448000.0,1611550710.0,1656219710.0,-17.19960513684363,0.8311073017653553,0.08951224547585665,-0.2187119894942253,-0.028132187486503608,-17.19960513684363,0.03866580031235092,3.9172546050296795,-10.973081966989868,-1.6971319845867565,-0.5652031811744199,3.2308150869221968,0.012877038166549533,0.17731426628215347,0.661092865310443,-0.015824750243840627,14.716417306656195,0.5125717674855007,-3.307217835175681,-10.403354872397177,0.016245435239689136,0.0,0.058653131714761934,-3.293889791328252,2.763961407491487,-3.5529051791247896,0.0631469000233935,0.7723905304203659,Health Information Services,Healthcare,PINC
2018Q1,2018,Q1,2017-11-07,2017-09-30,16006000.0,390564000.0,70480000.0,0.11429101866529569,199188000.0,0.5100009217439395,2504342000.0,-1288561000.0,393867000.0,490134000.0,3792903000.0,57604000.0,-1289097000.0,1723246130.0,1770424130.0,-24.35428755032225,0.8035904466941693,0.07159485405747298,-0.13914591548246455,-0.05248569291172817,-24.35428755032225,-0.012421608290177959,4.412199101811739,26.915627420967137,-1.3373415228305063,1.5588529301511933,3.3222692868550796,0.014479069220367262,0.1559547378113692,0.6252902267543161,0.006391299590870576,29.514714657623404,0.5100009217439395,-0.8374412348030289,2.775050536288119,0.04656540643612724,0.0,-0.07274631659800293,-0.5697196161187129,-0.2298193659778606,0.05622438761329155,0.04223737147245996,0.7220209891577781,Health Information Services,Healthcare,PINC
2017Q4,2017,Q4,2017-08-23,2017-06-30,37199000.0,403098000.0,91511000.0,0.7030750911943148,214815000.0,0.5329101111888425,2507836000.0,-1662253000.0,408812000.0,571587000.0,4170089000.0,50426000.0,-1662772000.0,1904724000.0,1982261000.0,-31.41720690241736,0.7152227045051759,0.09341599689931877,-0.14093642784822769,-0.10284021573183805,-31.41720690241736,-0.02237866317582221,4.725213223583347,12.800908626575984,-1.1458688899944833,0.6202048442162423,3.7338476182921507,0.012112516039069177,0.16073539099047945,0.5654817201930765,0.014833107109077308,19.326311944478267,0.5329101111888425,0.7608242779118051,25.844237219166082,-0.1082031398847687,-12.126602033951421,0.060526770506775934,0.84390800039655,0.1576051206800587,1.5635832951251198,0.04752081370628799,0.588123262925556,Health Information Services,Healthcare,PINC
2017Q3,2017,Q3,2017-05-10,2017-03-31,20174000.0,379803000.0,79052000.0,0.3992874814448293,202555000.0,0.5333159559034553,2566261000.0,-1474458000.0,494256000.0,725907000.0,4040719000.0,48770000.0,-1474965000.0,1608210750.0,1755630750.0,-29.1827412172192,0.6808806086730118,0.14949297830579197,-0.26018916781624163,-0.0664683036892641,-29.1827412172192,-0.013682315806893108,4.23432871778264,19.929249900862494,-1.0907131637523753,1.1268464360067414,3.6343653885585403,0.014135585152630028,0.14799858627006374,0.5562475633931069,0.007861242484688814,13.596641444031112,0.5333159559034553,0.18639378081512964,1.6580100277986787,-0.05398380047401598,0.0,0.10997555976896858,-0.5758021783926994,0.05909620717836042,-0.044219429813208956,0.07876438654247944,0.6792882200102272,Health Information Services,Healthcare,PINC
2017Q2,2017,Q2,2017-02-07,2016-12-31,47558000.0,358500000.0,74641000.0,0.3365556090242591,182486000.0,0.50902649930265,2582743000.0,-1414249000.0,513950000.0,791695000.0,3996992000.0,65690000.0,-1414751000.0,1501150200.0,1627762200.0,-28.602467388006875,0.6491767663052059,0.13377405339981563,-0.24430209955955423,-0.04399881806879107,-28.602467388006875,-0.03362774164945494,4.1873087866108785,7.891155010723748,-1.06144688806568,0.4654737373312587,2.679464149794489,0.014746692236393135,0.13880591293829855,0.508511484852121,0.0184137562273908,18.95918310641845,0.50902649930265,4.6645470893955885,12.599988689765285,-0.011189450031108897,0.0,0.04415542802213207,4.599011066635272,0.029303877764907053,3.862500457135415,0.123619857154043,0.7341119423919742,Health Information Services,Healthcare,PINC
2017Q1,2017,Q1,2016-11-08,2016-09-30,8494000.0,313272000.0,72516000.0,0.05941438983785901,174769000.0,0.5578826068081412,1889664000.0,-1840784000.0,384030000.0,301122000.0,3730448000.0,34685000.0,-1841265000.0,1526900760.0000002,1390012760.0000002,-38.9880967509637,1.275330264809612,0.01012031768610716,-0.010389051621483021,-0.028399814674808066,-38.9880967509637,-0.004614338238489687,4.874041599632269,44.94056863668472,-0.8294839372788986,2.6481045443842715,3.993167075104512,0.014731147294733155,0.16578185328185327,1.0106800565883596,0.004494979001557949,61.41751176541572,0.5578826068081412,-0.7339538124236841,1.2449722214335996,-0.05929272504136782,0.0,-0.01913255284041801,-0.19442336874051594,0.3727331238405331,4.641443535983261,-0.8448058311089095,-3.7812629363295223,Health Information Services,Healthcare,PINC
2016Q4,2016,Q4,2016-08-26,2016-06-30,10544000.0,301421000.0,52826000.0,0.22332359046045663,178178000.0,0.5911266965473541,1855383000.0,-1951461000.0,462890000.0,326063000.0,3806844000.0,29121000.0,-1951878000.0,1543897800.0000002,1314422800.0000002,-41.332253145253524,1.41963362908395,0.010424801779470869,-0.009911548322000798,-0.023406693077903266,-41.332253145253524,-0.005403131294963107,5.122064487875763,36.6060745447648,-0.7911497078342843,2.34654779969651,4.232100545997733,0.01602567216560578,0.16245756267034892,1.2700705078466432,0.005682923687454288,19.736124356040758,0.5911266965473541,1.0841714680091705,8.891481759950516,-0.25271277244199425,-15.638078214342707,-0.04501114827201784,-0.32144925670892593,-0.2933732844645389,8.891481759950516,-0.25271277244199425,-15.638078214342707,Health Information Services,Healthcare,PINC
2016Q3,2016,Q3,2016-05-10,2016-03-31,15539000.0,298669000.0,74758000.0,0.10715221558703057,186576000.0,0.6246915481687085,1854976000.0,-2067778000.0,453257000.0,299090000.0,3922754000.0,29307000.0,-2068152000.0,1491725760.0,1322315760.0,-46.24246354772341,1.515453542411983,0.03718323040298095,-0.03335657889773467,-0.03300036434118059,-46.24246354772341,-0.007514829928551324,4.994578479855626,23.999706544822704,-0.721414852077931,1.448227041637171,3.824785887330672,0.01508588280998781,0.16100963031327628,1.3339797385402388,0.008376927787744962,12.826643049381335,0.6246915481687085,-0.6014623937170517,1.3132951108417799,-0.1594303501677359,0.0,0.04190493209435311,0.39014134907854714,0.06655443482230751,1.3132951108417799,-0.1594303501677359,0.0,Health Information Services,Healthcare,PINC
2016Q2,2016,Q2,2016-02-09,2015-12-31,11178000.0,291669000.0,70093000.0,0.26886349969933854,179072000.0,0.6139562312072931,1787980000.0,-2446513000.0,386758000.0,262569000.0,4234493000.0,30244000.0,-2446788000.0,1466350250.0000002,1426090250.0000002,-58.845772699939864,1.4729766270961158,0.06552086712379333,-0.047884478848058444,-0.02491419942856833,-58.845772699939864,-0.004568951810188624,5.0274463518577575,32.795452003936305,-0.5993633591973556,2.060207550545715,3.722953313053829,0.015704979079861715,0.16312766362039843,1.2508369228659895,0.006251747782413673,15.537321458845472,0.6139562312072931,7.990528604694628,2.80162428491652,-0.043237098073807725,0.0,0.10735134065499159,1.5678842177808407,0.026687759077792913,2.80162428491652,-0.043237098073807725,0.0,Health Information Services,Healthcare,PINC
2016Q1,2016,Q1,2015-11-09,2015-09-30,4353000.0,270835000.0,68271000.0,0.029905193734542458,161712000.0,0.5970867871582328,1692276000.0,-2629311000.0,363466000.0,246706000.0,4321587000.0,31889000.0,-2629512000.0,1296951950.0,1355093950.0,-69.67830926195839,1.4732758830348673,0.09926099525136561,-0.06388631850701572,-0.020329657068294555,-69.67830926195839,-0.001655566800580076,4.788716192515738,74.48609866758557,-0.493266848235146,5.1532276590856885,3.4219636865376777,0.017295937602005998,0.1600418607839383,1.1876200822031082,0.0025722754444310503,232.51200250986017,0.5970867871582328,-0.8593595044093658,0.43950714028964594,0.017569665361914268,0.0,0.029940577411773698,-0.45519399249061326,0.04516158662604675,0.43950714028964594,0.017569665361914268,0.0,Health Information Services,Healthcare,PINC
2015Q4,2015,Q4,2015-08-26,2015-06-30,7990000.0,266553000.0,65321000.0,0.2126357249308069,157011000.0,0.589042329292861,1530191000.0,-3118102000.0,553169000.0,269631000.0,4648293000.0,33058000.0,-3118474000.0,1445172960.0,1316585960.0,-82.98121141153928,2.051577897200248,0.011720759042498616,-0.005751896506272084,-0.011999613606012557,-82.98121141153928,-0.002562456263457706,5.421709603718585,45.21817772215269,-0.4634784109050955,2.930162703379224,3.313630588662351,0.01620013704103625,0.17419590103457672,1.8163823892653292,0.005221570379122607,16.272088095211288,0.589042329292861,-0.3500929878353682,8.513809630883753,-0.16965633533434793,-30.388319545374472,-0.011937724972940317,-0.3455647473175526,-0.05209618203189621,8.513809630883753,-0.16965633533434793,-30.388319545374472,Health Information Services,Healthcare,PINC
2015Q3,2015,Q3,2015-05-12,2015-03-31,12209000.0,261723000.0,68911000.0,0.3271786901061207,158908000.0,0.6071610061018711,1488533000.0,-3059089000.0,525217000.0,246479000.0,4547622000.0,29858000.0,-3059480000.0,1402335280.0,1267062280.0,-81.97794511737592,2.130879304119215,0.013679911698296241,-0.0066565569030518565,-0.02205718112851203,-81.97794511737592,-0.00399105746841625,5.358089583261693,28.715195347694323,-0.458415979397788,1.9412728315177328,3.4434657378257083,0.016901093724177006,0.17582613217174226,1.8267884890802055,0.008202035158105329,16.853573377239897,0.6071610061018711,0.25595538800417744,1.177990244115045,-0.11734027612493053,0.0,0.025788668478436284,0.3169021680509114,0.049432726718952255,1.177990244115045,-0.11734027612493053,0.0,Health Information Services,Healthcare,PINC
2015Q2,2015,Q2,2015-02-10,2014-12-31,9271000.0,249445000.0,65665000.0,0.2605018404563208,154913000.0,0.6210306881276434,1432370000.0,-2689329000.0,509637000.0,240057000.0,4120920000.0,27677000.0,-2689660000.0,1193299170.0,1098264170.0,-75.56629857540251,2.1229832914682762,0.02414250507899495,-0.012858597813804112,-0.023227776563332005,-75.56629857540251,-0.0034473283112627724,4.783816753192086,32.178275536619566,-0.44371632106001163,2.4475245388846942,3.4155435921523285,0.019015348850028948,0.17414843929990156,1.8151314062910058,0.006472489650020595,13.289741399472108,0.6210306881276434,-0.09047691290695109,2.6833937074078573,-0.044115695378195,0.0,0.1121856311069949,-0.00021567993098242207,-0.007256784337440472,2.6833937074078573,-0.044115695378195,0.0,Health Information Services,Healthcare,PINC
2015Q1,2015,Q1,2014-11-12,2014-09-30,9273000.0,229308000.0,66145000.0,0.28641586360266863,139287000.0,0.607423203725993,1282945000.0,-2836525000.0,426613000.0,211175000.0,4119477000.0,22480000.0,-2836874000.0,1063875360.0,1004452360.0,-87.61196565357055,2.020187048656328,0.02735814863458683,-0.012373943469562228,-0.021670475111996795,-87.61196565357055,-0.0032691409382959785,4.639503898686483,28.682070527337434,-0.37506292382404527,2.416477946727057,4.004492882562277,0.021062617711157444,0.17873564338299772,1.6625121344856162,0.007227901429913208,33.75988830006664,0.607423203725993,0.05060009704643712,2.5740990082783934,0.004152638431639312,0.0,-0.06661618463023025,0.044374366482712015,0.06130864514472755,2.5740990082783934,0.004152638431639312,0.0,Health Information Services,Healthcare,PINC
2014Q4,2014,Q4,2014-09-04,2014-06-30,8879000.0,235466000.0,62324000.0,0.2726212042125948,149228000.0,0.6337560412118947,1246656000.0,-2469506000.0,422056000.0,223882000.0,3716967000.0,20823000.0,-2469873000.0,938875000.0,840836000.0,-76.27817760617761,1.8851716529243083,0.027070017711381487,-0.01366548613366398,-0.024397816228094765,-76.27817760617761,-0.0035954559332919216,3.987306022950235,26.435268611330102,-0.3801873735070901,2.3988061718662013,4.141478173173894,0.022685661030488614,0.18887808665742595,1.609825711758873,0.007122253452435957,14.149272850576445,0.6337560412118947,-0.34377405365284763,10.691215130949557,-0.14865953168040802,-28.014397834127642,0.03290557470548334,-0.3435120147874307,-0.103574253865516,10.691215130949557,-0.14865953168040802,-28.014397834127642,Health Information Services,Healthcare,PINC
2014Q3,2014,Q3,2014-05-13,2014-03-31,13525000.0,225598000.0,69525000.0,0.4154380144980956,144474000.0,0.6404046135160772,1199871000.0,-2945920000.0,395005000.0,227716000.0,4147068000.0,19280000.0,-2946265000.0,1066756250.0000001,952474250.0000001,-90.99366795366795,1.734638760561401,0.0314683828511565,-0.012817048663914837,-0.021886660909102497,-90.99366795366795,-0.004591095481207908,4.7285713969095475,19.718230129390022,-0.3621131089778406,1.2879112754158966,4.207676348547718,0.016328941124085283,0.18801854532695597,1.4993105447135906,0.011272045078179237,13.97192206941716,0.6404046135160772,1.1002195064609377,1.7809835339917153,-0.12305577443278722,0.0,0.06096701230796346,1.1119612742036227,0.1351205733971167,1.7809835339917153,-0.12305577443278722,0.0,Health Information Services,Healthcare,PINC
2014Q2,2014,Q2,2014-02-14,2013-12-31,6404000.0,208909000.0,61249000.0,0.1978069498069498,136172000.0,0.6518244786007305,1095634000.0,-3482687000.0,358078000.0,212040000.0,4580128000.0,16116000.0,-3482996000.0,1190105000.0,1072235000.0,-107.57334362934363,1.688728541784569,0.03668104494749159,-0.01153965314712462,-0.013927402476189486,-107.57334362934363,-0.001838810091173855,5.696762705292735,46.459439412866956,-0.34172034409064034,11.34369144284822,4.513340779349715,0.06104083253158335,0.19067407546680734,1.437280701754386,0.00584501758799015,10.085122790366592,0.6518244786007305,4.9561389961389954,1.7969125781383017,-0.11997768313440386,0.0,-0.21310603871713377,24.035971223021583,-0.43951719909589215,1.7969125781383017,-0.11997768313440386,0.0,Health Information Services,Healthcare,PINC
2014Q1,2014,Q1,2013-09-30,2013-09-30,-278000.0,240576000.0,109279000.0,-0.05,173050000.0,0.7193153099228519,521840000.0,78880000.0,250903000.0,157176000.0,444924000.0,13029000.0,50321000.0,178375900.0,202263900.0,14.018126888217523,1.5963187764035223,0.06094013490725127,0.40315669371196755,0.9795901662188587,14.018126888217523,-0.003524340770791075,0.7414534284384144,-160.40998201438848,2.2613577586206897,-749.3669064748201,5.182746181594903,1.1678931963342583,0.461014870458378,1.244509339848323,-0.0005327303388011651,3.4521472392638035,0.7193153099228519,-0.7668267252195735,-1.616506118864593,5.061485954532133,0.0,-0.02335923787594038,0.6511919698870765,0.05010330082160188,-1.616506118864593,5.061485954532133,0.0,Health Information Services,Healthcare,PINC
2013Q4,2013,Q4,2013-06-30,2013-06-30,-797000.0,240601000.0,104065000.0,-0.028299322896978604,177189000.0,0.7364433231782079,598916000.0,79522000.0,366041000.0,145148000.0,521148000.0,12741000.0,50599000.0,863202631.6999999,699523631.6999999,2.823611989226515,2.5218466668503874,0.03751444275991959,0.2825381655390961,0.9843186287666824,2.823611989226515,-0.01002238374286361,3.587693449736285,-270.7661956398996,10.854890869193431,-17.741530740276033,4.977003374931324,0.016380858306875804,0.4017274542673764,2.201153305591534,-0.0013307375324753388,8.816556851910486,0.7364433231782079,-1.1883858533948781,0.0,0.0,0.0,0.09305080040714352,-1.188460628990305,0.04100394134005562,0.0,0.0,0.0,Health Information Services,Healthcare,PINC
2013Q3,2013,Q3,2013-03-31,2013-03-31,4229000.0,223698000.0,99966000.0,0.15022,162105000.0,0.7246600327226886,,,,,,,,862857512.6999999,,,0.0,0.0,0.0,0.0,,0.0,3.8572428573344415,51.00836561243792,0.0,31.143769212579805,0.0,0.1526404974882477,0.0,0.0,0.0,9.342329067778259,0.7246600327226886,1.1240614792924508,0.0,0.0,0.0,0.09346437412731283,1.1240582621798092,0.18926442770976837,0.0,0.0,0.0,Health Information Services,Healthcare,PINC
2013Q2,2013,Q2,2012-12-31,2012-12-31,1991000.0,206425000.0,84057000.0,0.070723,148249000.0,0.7181736708247548,,,,,,,,862857512.6999999,,,0.0,0.0,0.0,0.0,,0.0,4.180004905898025,108.34474041938724,0.0,0.29482672024108486,0.0,0.0006802977216518591,0.0,0.0,0.0,8.858451955238436,0.7181736708247548,-0.11747382607285031,0.0,0.0,0.0,0.027124586029625728,-0.1174645390070922,-0.006171744759337424,0.0,0.0,0.0,Health Information Services,Healthcare,PINC
2013Q1,2013,Q1,2012-09-30,2012-09-30,2256000.0,198566000.0,84579000.0,0.080137,144334000.0,0.7268817420907909,,,,,,,,862857512.6999999,,,0.0,0.0,0.0,0.0,,0.0,4.345444399846902,95.61807543218086,0.0,80.94547872340425,0.0,0.21163749206816174,0.0,0.0,0.0,19.14015910694084,0.7268817420907909,0.0,0.0,0.0,0.0,0.0,0.0,0.0,0.0,0.0,0.0,Health Information Services,Healthcare,PINC
