Quarters,Year,Quarter,FillingDate,Date,NetIncome,Revenue,OperatingIncome,EPSDiluted,GrossProfit,GrossProfitRatio,TotalAssets,CommonStockEquity,CurrentAssets,CurrentLiability,TotalLiability,Inventory,RetainedEarnings,MarketCap,EnterpriseValue,bookValuePerShare,currentRatio,debtToAssets,debtToEquity,roic,shareholdersEquityPerShare,roe,priceToSalesRatio,peRatio,pbRatio,payoutRatio,inventoryTurnover,dividendYield,assetTurnover,quickRatio,returnOnAssets,priceToFreeCashFlowsRatio,grossProfitMargin,epsdilutedGrowth,fiveYNetIncomeGrowthPerShare,fiveYRevenueGrowthPerShare,fiveYShareholdersEquityGrowthPerShare,grossProfitGrowth,netIncomeGrowth,operatingIncomeGrowth,threeYNetIncomeGrowthPerShare,threeYRevenueGrowthPerShare,threeYShareholdersEquityGrowthPerShare,Industry,Sector,Symbol
2023Q1,2023,Q1,2023-05-02,2023-03-31,2350377.0,0.0,-256286.0,0.06,0.0,0.0,313439510.0,300453362.0,510343.0,1786148.0,12986148.0,0.0,-10634606.0,434720000.0,434446037.0,7.187879473684211,0.28572268367458914,0.0,0.0,-0.000661695957914815,7.187879473684211,0.007822768180573729,0.0,46.23939053181682,1.4468801317656748,0.0,0.0,0.0,0.0,0.15338202657338584,0.007498662182058669,-1833.9211285668484,0.0,0.22448979591836726,10.674284114903829,0.0,0.01710284403011252,0.0,0.2496986582516064,-0.258228270688504,10.674284114903829,0.0,0.01710284403011252,Shell Companies,Financial Services,SUAC
2022Q4,2022,Q4,2023-03-20,2022-12-31,1880755.0,0.0,-203688.0,0.049,0.0,0.0,310398693.0,298102985.0,654413.0,1095708.0,12295708.0,0.0,-10428727.0,319770000.0,319360275.0,9.508867145135566,0.5972512749747195,0.0,0.0,-0.0005395694936415387,9.508867145135566,0.006309078052338188,0.0,42.50553634045902,1.072682985713813,0.0,0.0,0.0,0.0,0.37393630419783375,0.0060591588895640095,-734.3994377803347,0.0,1.45,12.321323762297803,0.0,38496.81407219757,0.0,1.0880666047899672,-0.07192927060309441,12.321323762297803,0.0,38496.81407219757,Shell Companies,Financial Services,SUAC
2022Q3,2022,Q3,2022-10-31,2022-09-30,900716.0,0.0,-190020.0,0.02,0.0,0.0,308310807.0,296222229.0,773122.0,888578.0,12088578.0,0.0,-10275049.0,419254000.0,418787625.0,7.086656196172249,0.8700665557778833,0.0,0.0,-0.00048528770704052367,7.086656196172249,0.0030406765995944214,0.0,116.36686813601622,1.415336051637097,0.0,0.0,0.0,0.0,0.5248554431912561,0.0029214545178106585,-1849.5983200469398,0.0,11.526315789473683,228.7199175836336,0.0,6625.6951145726425,0.0,12.308566334793909,0.5528615028390306,228.7199175836336,0.0,6625.6951145726425,Shell Companies,Financial Services,SUAC
2022Q2,2022,Q2,2022-08-03,2022-06-30,-79649.0,0.0,-424969.0,-0.0019,0.0,0.0,307229231.0,295321513.0,782055.0,707718.0,11907718.0,0.0,-10132850.0,414656000.0,414253047.0,7.065107966507177,1.105037599721923,0.0,0.0,-0.009755321572461893,7.065107966507177,-0.0002697026680883895,0.0,-1301.5103767781138,1.4040832846471296,0.0,0.0,0.0,0.0,0.5693694381095294,-0.00025924942018293827,-2259.1270900641252,0.0,0.6724137931034483,0.0,0.0,0.0,0.0,0.6721602298405851,-0.39500584303890546,0.0,0.0,0.0,Shell Companies,Financial Services,SUAC
2022Q1,2022,Q1,2022-05-02,2022-03-31,-242951.0,0.0,-304636.0,-0.0058,0.0,0.0,307076925.0,295401162.0,1042957.0,475763.0,11675763.0,0.0,-10000018.0,412565999.99999994,411979499.99999994,7.067013444976077,2.1921776178475416,0.0,0.0,-0.000915059878142741,7.067013444976077,-0.0008224442935671323,0.0,-424.5362233536804,1.3966295772391035,0.0,0.0,0.0,0.0,1.2327566456407917,-0.0007911730912376435,-2019.7092084006458,0.0,-0.09433962264150936,0.0,0.0,0.0,0.0,-0.09684424379232506,-0.33708456960269667,0.0,0.0,0.0,Shell Companies,Financial Services,SUAC
2021Q4,2021,Q4,2022-03-03,2021-12-31,-221500.0,0.0,-227836.0,-0.0053,0.0,0.0,1327.6010000000006,-10325.035,1324.447,452.636,11652.636,0.0,-9726.215,409639980.40000004,409639189.63000005,-0.0002470104185172449,2.92607525693935,0.0,0.0,21.755212320823503,-0.0002470104185172449,21.452711782575072,0.0,-462.3476076749436,-39674.43988325464,0.0,0.0,0.0,0.0,1.7470329359573695,-166.84229674427777,-690449.0690128858,0.0,-54.78947368421053,0.0,0.0,0.0,0.0,-112.940329218107,-116.19958847736625,0.0,0.0,0.0,Shell Companies,Financial Services,SUAC
2021Q3,2021,Q3,2021-12-22,2021-09-30,-1944.0,0.0,-1944.0,-9.5e-05,0.0,0.0,172836.0,21970.0,25000.0,150866.0,150866.0,0.0,-3030.0,201331513.60000002,201306513.60000002,0.001069410328021296,0.16570996778598227,0.0,0.0,-0.08848429676832044,0.001069410328021296,-0.08848429676832044,0.0,-25891.398353909466,9163.928702776515,0.0,0.0,0.0,0.0,0.16570996778598227,-0.011247656738179545,0.0,0.0,0.0,0.0,0.0,0.0,0.0,0.0,0.0,0.0,0.0,0.0,Shell Companies,Financial Services,SUAC
