Quarters,Year,Quarter,FillingDate,Date,NetIncome,Revenue,OperatingIncome,EPSDiluted,GrossProfit,GrossProfitRatio,TotalAssets,CommonStockEquity,CurrentAssets,CurrentLiability,TotalLiability,Inventory,RetainedEarnings,MarketCap,EnterpriseValue,bookValuePerShare,currentRatio,debtToAssets,debtToEquity,roic,shareholdersEquityPerShare,roe,priceToSalesRatio,peRatio,pbRatio,payoutRatio,inventoryTurnover,dividendYield,assetTurnover,quickRatio,returnOnAssets,priceToFreeCashFlowsRatio,grossProfitMargin,epsdilutedGrowth,fiveYNetIncomeGrowthPerShare,fiveYRevenueGrowthPerShare,fiveYShareholdersEquityGrowthPerShare,grossProfitGrowth,netIncomeGrowth,operatingIncomeGrowth,threeYNetIncomeGrowthPerShare,threeYRevenueGrowthPerShare,threeYShareholdersEquityGrowthPerShare,Industry,Sector,Symbol
2023Q1,2023,Q1,2023-05-02,2023-03-31,-9948000.0,211993000.0,28386000.0,-0.0669,136540000.0,0.6440778705,6572347000.0,2059615000.0,115086000.0,766494000.0,4260302000.0,0.0,-1405520000.0,5328886100.0,8977480100.0,13.840568510180768,0.1501459894010912,0.568869537776992,1.8152946060307387,0.004964841016834773,13.840568510180768,-0.004830028913170665,25.137085186775035,-133.9185288500201,2.587321465419508,-6.74718536389224,0.0,0.012595690495242522,0.03225529631956438,0.11769694218089118,-0.0015136145428718234,97.57005456276549,0.644077870495724,-1.0308294930875577,-1.0978553111283318,-0.2946386946303694,0.01641566335676539,-0.05758439568479394,-1.0301849694145062,-0.29105894105894103,-2.192860599302518,-0.23904842776321425,-0.03338594689851118,REIT—Residential,Real Estate,AIRC
2022Q4,2022,Q4,2023-03-01,2022-12-31,329568000.0,207874000.0,40040000.0,2.17,144883000.0,0.6969750907,6551883000.0,2156417000.0,301405000.0,975805000.0,4155434000.0,-69944000.0,-1327271000.0,5142966070.0,8688798070.0,14.385991714310494,0.30887831072806554,0.5558141071810959,1.6887406285518989,0.006848505573926381,14.385991714310494,0.15283129376182808,24.740785620135274,3.9012935646057874,2.3849589712935857,0.20382440042722594,-0.900591902093103,0.01306133446841892,0.031727367536935565,0.1698505336619509,0.050301264537233034,184.9189583632964,0.6969750906799311,97.63636363636365,0.01876943511635367,-0.33435234442321793,0.05968587668556469,0.11774326690891136,96.04593639575971,0.10920272591279295,0.9743062579188909,-0.27722735902867907,-0.03140055905166293,REIT—Residential,Real Estate,AIRC
2022Q3,2022,Q3,2022-11-07,2022-09-30,3396000.0,200871000.0,36098000.0,0.022,129621000.0,0.6452947414,6722453000.0,2043180000.0,243184000.0,1237913000.0,4451081000.0,0.0,-1589409000.0,5940180820.0,9544616820.0,13.283705326667144,0.19644676160602562,0.5492292768725939,1.8070693722530564,0.006209836729330447,13.283705326667144,0.0016621149384782544,29.572117528164842,437.2924631919905,2.907321342221439,20.398409893992934,0.0,0.01166176621539275,0.02988061054499005,0.0708708931887782,0.000505172739772223,66.4122894772148,0.6452947414011978,-0.9825396825396825,-0.8623451198128185,-0.37215277291791327,0.11825669341959195,0.08276461203043947,-0.9827550310521158,-0.4322339137136476,0.3374369943249063,-0.3188109815438831,-0.06627972330794789,REIT—Residential,Real Estate,AIRC
2022Q2,2022,Q2,2022-08-01,2022-06-30,196927000.0,183500000.0,63579000.0,1.26,119713000.0,0.652386921,6433285000.0,2132449000.0,247930000.0,844673000.0,4065130000.0,0.0,-1521749000.0,6486563200.0,9780071200.0,13.675944512496232,0.29352187177759914,0.5235982861011131,1.579619020196966,0.011476635069726475,13.675944512496232,0.09234781230406917,35.349118256130794,8.234730636225606,3.0418374366749217,0.35775693531105435,0.0,0.01086122154795316,0.028523530358129632,0.26280939487825467,0.03061064448411659,85.92384888465003,0.6523869209809264,-0.5078125,7.564422187839278,-0.42164510345971706,0.12021215478730017,0.012440587946753269,-0.5093800450441472,0.8404689535388623,1.3477029394467492,-0.3710416272500672,-0.07061836771324687,REIT—Residential,Real Estate,AIRC
2022Q1,2022,Q1,2022-05-04,2022-03-31,401384000.0,181478000.0,34545000.0,2.56,118242000.0,0.6515500501,6302856000.0,2117168000.0,652358000.0,780733000.0,3959664000.0,0.0,-1648077000.0,8379106560.0,11657170560.0,13.50786035116374,0.835571187589099,0.5324460847590362,1.5851037801440415,0.006320898536056666,13.50786035116374,0.18958533285974472,46.171472905806766,5.218884260458813,3.9576956387022664,0.17602096745261395,0.0,0.008431925229030622,0.028792978928917305,0.7838710545090319,0.06368287646108367,236.66449823471262,0.6515500501438191,0.007874015748031503,21.879459424825203,-0.4251117907465712,-0.020756372189684437,-0.0871387874530028,0.005659880989664892,-0.9016616043292237,0.08817077010525468,-0.4141978551914947,-0.1646727343632566,REIT—Residential,Real Estate,AIRC
2021Q4,2021,Q4,2022-03-01,2021-12-31,399125000.0,194330000.0,351287000.0,2.54,129529000.0,0.6665414501,6440360000.0,1813025000.0,773380000.0,678549000.0,4501205000.0,0.0,-1953779000.0,8565312910.0,15984564910.0,11.572032194443203,1.1397555666576769,1.1624461986597023,4.1293264020076945,0.03835251904149827,11.572032194443203,0.2201431309551716,44.07612262646015,5.3650566301284055,4.724321457233078,0.1729633573441904,0.0,0.00805971722520526,0.03017377910551584,0.8863722443036538,0.06197246737760001,151.34933490007597,0.6665414501106366,41.333333333333336,0.895227895934298,-0.39192898998189224,-0.21099882531678563,0.09908189933136476,41.5597142247814,11.991383136094674,40.33142978059647,-0.35757190296359176,-0.18169130579297385,REIT—Residential,Real Estate,AIRC
2021Q3,2021,Q3,2021-11-02,2021-09-30,9378000.0,191777000.0,27040000.0,0.06,117852000.0,0.6145262466302007,6434509000.0,1519944000.0,631254000.0,610217000.0,4925574000.0,0.0,-2257562000.0,7645891260.0,11808184260.0,9.703050189599479,1.034474621323234,0.6583221812262599,2.7869316237966664,0.004822036410802145,9.703050189599479,0.006169964156574189,39.868656095360755,203.8252095329495,5.030376948098088,7.357538920878652,0.0,0.00902432400012971,0.029804449725690026,0.9960620566126477,0.0014574538632240626,90.44538729062175,0.6145262466302007,1.5,-0.5282562194457909,-0.3987481967853085,-0.2952108368939173,0.03765793528505393,1.5225094718074437,-0.10010649627263046,-0.9871089294925167,-0.38032273920186693,-0.4397575068222973,REIT—Residential,Real Estate,AIRC
2021Q2,2021,Q2,2021-08-05,2021-06-30,-17948000.0,178333000.0,30048000.0,-0.12,113575000.0,0.6368703492903725,6429832000.0,1578899000.0,614828000.0,570040000.0,4858076000.0,0.0,-2197843000.0,7333057440.0,11482317440.0,10.212272327434544,1.0785699249175495,0.6545522495766608,2.665566955201061,0.004705435190465559,10.212272327434544,-0.011367414888476084,41.120025121542284,-102.14310006685982,4.644411985820499,-3.754345888121239,0.0,0.00918893661359347,0.02773525031447167,1.0412041260262437,-0.0027913637556937726,1013.8334632932393,0.6368703492903725,-1.2142857142857142,-1.0633477639476794,-0.4376808091713744,-0.29384591044801966,0.0159129128054671,-1.2154363221702076,0.028125641552042703,-3.828499080050922,-0.43417920073031063,-0.22391440775630025,REIT—Residential,Real Estate,AIRC
2021Q1,2021,Q1,2021-05-07,2021-03-31,83310000.0,176413000.0,29226000.0,0.56,111796000.0,0.6337174698009784,6321504000.0,1322903000.0,609873000.0,606767000.0,4999408000.0,0.0,-2112381000.0,6354606360.0,11014625360.0,8.90178385180101,1.005118933626911,0.744718661888057,3.558644889307833,0.004684347000962825,8.90178385180101,0.06297513876678788,36.021190955315085,19.06915844436442,4.803531596798858,0.772584323610611,0.0,0.010128715510239725,0.027906808253225814,0.9589348135280923,0.013178825798417592,629.4805705794948,0.6337174698009784,1.5833333333333335,1.625008480753832,-0.41179090412863273,-0.32250112169992157,1.7029327143927855,1.6659632125470636,1.561703599777056,-0.1794086775163949,-0.41223752404200836,-0.34627594725379574,REIT—Residential,Real Estate,AIRC
2020Q4,2020,Q4,2021-03-15,2020-12-31,-125097000.0,60741000.0,-52031000.0,-0.96,41361000.0,0.6809403862300588,6229278000.0,1306851000.0,640929000.0,598736000.0,4921185000.0,0.0,-2131798000.0,4989881510.0,9454267510.0,10.059586947987468,1.0704701237273189,0.7237756927849424,3.449972491125614,-0.03286380593034585,10.059586947987468,-0.09572399607912455,82.15013763355888,-9.972024728810442,3.818248224166336,-0.9751552795031055,0.0,0.02444727389929546,0.009750889268387124,1.003268552417092,-0.020082102612854973,-78.12314488351703,0.6809403862300588,-3.560656734569778,-2.6860380045127887,-0.7680755363161007,-0.24377759135384877,-0.6996448982259434,-4.0024793057943775,-4.778851042196238,-1.4461950834239325,-0.7755739909035857,-0.2590012266259889,REIT—Residential,Real Estate,AIRC
2020Q3,2020,Q3,2020-09-30,2020-09-30,-25007000.0,215455000.0,13769000.0,-0.210496,137707000.0,0.6391450650947994,7042129000.0,2121391000.0,318521000.0,414715000.0,4905332000.0,0.0,-1884602000.0,4552734709.05,8731163709.05,17.683171455162388,0.7680479365347287,0.6257762389754575,2.077314837293078,0.0019704401777181314,17.683171455162388,-0.011788020218809262,21.130791622612612,-45.51460300165954,2.1461082417385575,-2.4371176070700202,0.0,0.013386459764249502,0.03059515098345969,0.550662503164824,-0.003551056789786157,-541.8632122173292,0.6391450650947994,-1.653846273316042,-2.1589012815531166,-0.1114881209692167,0.34575719050930026,-0.04079713577219916,-1.6370398675327984,-0.5689104571070758,-2.299607942458968,-0.1365838902823661,0.48861513819675684,REIT—Residential,Real Estate,AIRC
2020Q2,2020,Q2,2020-06-30,2020-06-30,39255000.0,218808000.0,31940000.0,0.321935,143564000.0,0.6561186062666813,7121147000.0,1698012000.0,442508000.0,353787000.0,5346911000.0,0.0,-1798561000.0,4552458888.450001,9046233888.45,14.15489013277835,1.2507751839383583,0.6869936823379716,2.8811239260971067,0.005192616246830693,14.15489013277835,0.023118211178719584,20.805724143769883,28.992860071646923,2.681052247245603,1.5524646541841804,0.0,0.013386611827427012,0.030726510771368714,1.126123910714639,0.005512454664957766,234.2402309467456,0.6561186062666813,5.500060571797771,-0.37592812161158856,-0.09236404587457503,0.058457472876006285,-0.02923834252948177,4.839779827432312,-0.10436879591722281,1.2190896900868478,-0.10358603087323554,0.15944313476326694,REIT—Residential,Real Estate,AIRC
2020Q1,2020,Q1,2020-03-31,2020-03-31,6722000.0,224552000.0,35662000.0,0.049528,147888000.0,0.6585913285118814,7048245000.0,1717455000.0,374816000.0,942944000.0,5252697000.0,0.0,-1776782000.0,4551937834.950001,9013586834.95,14.318608824040746,0.39749550344453116,0.6813798328520079,2.796307326829524,0.008548221358557803,14.318608824040746,0.003913930787123971,20.271197027637253,169.2925407226272,2.650397148658917,9.091936923534663,0.0,0.013426369650909636,0.03185927844449221,0.3615092730851461,0.0009537125908648181,-261.2153009841616,0.6585913285118814,-0.9555559543786286,-0.9276063010532766,-0.07667763513895942,0.06774812236370635,-0.022318595303575207,-0.9496524656959674,-0.02637326635360926,-0.4993105648244511,-0.07047609842956896,0.038018315672213206,REIT—Residential,Real Estate,AIRC
2019Q4,2019,Q4,2019-12-31,2019-12-31,133512000.0,230032000.0,36628000.0,1.11439,151264000.0,0.6575780760937608,6828739000.0,1780649000.0,252718000.0,635574000.0,4967944000.0,0.0,-1722402000.0,4549823071.200001,8912511071.2,14.8523642551615,0.3976216774128583,0.6597982438631789,2.5303077698075254,0.005875795515751161,14.8523642551615,0.0749794035770104,19.77908756694721,8.519502125651627,2.5551487526177254,0.4341782012103781,0.0,0.01274071520867099,0.03368586791792745,0.3227806675540535,0.01955148673862041,-912.153783319968,0.6575780760937608,89.00080762397029,2.2386190589806385,-0.09561172567432,0.3809407304937475,-0.007434529551106649,66.4643759474482,-0.051751365625080904,-0.17151577914091215,-0.059380160574580156,0.012659889571734322,REIT—Residential,Real Estate,AIRC
2019Q3,2019,Q3,2019-09-30,2019-09-30,1979000.0,229827000.0,38627000.0,0.012382,152397000.0,0.6630944144943806,6539178000.0,1705459000.0,93225000.0,317516000.0,4753104000.0,0.0,-1797851000.0,4549363306.950001,8825049306.95,14.226643308773522,0.29360725128812404,0.6506490571139064,2.4947594753084066,0.02904975904782617,14.226643308773522,0.0011603914254168526,19.794729544178885,574.7048139148561,2.6675301528503472,29.292066700353715,0.0,0.0127422226119953,0.035146160572475625,0.18494816009271975,0.0003026374262942529,-602.4050989075743,0.6630944144943806,-0.975000201904362,-0.9852889165666213,-0.1138973044297855,0.3214720513164324,0.027203914775446376,-0.969298313656743,-0.03682924396568921,-0.8699164985624794,-0.05845433388127285,0.033364131430214335,REIT—Residential,Real Estate,AIRC
2019Q2,2019,Q2,2019-06-30,2019-06-30,64459000.0,224200000.0,40104000.0,0.495284,148361000.0,0.6617350579839429,6240804000.0,1763218000.0,65907000.0,514573000.0,4397938000.0,0.0,-1741765000.0,4547309832.450001,8510798832.450001,14.715100920217703,0.1280809525567801,0.6405339760710319,2.2671314607722923,0.007050728653401652,14.715100920217703,0.0365575895890355,20.28238105463872,17.63644267072868,2.5789833318682094,0.915993111900588,0.0,0.012984380254597314,0.03592485839965492,0.06599258025586263,0.01032863714354753,-1804.4880287500002,0.6617350579839429,-0.7872341522340921,-0.2034533920867715,-0.13379964539700412,0.472371764795377,-0.01780855472654931,-0.7648623113598144,-0.031631815328149904,-0.7064460091273224,-0.08782955954811487,0.017513865652290805,REIT—Residential,Real Estate,AIRC
2019Q1,2019,Q1,2019-03-31,2019-03-31,274133000.0,230235000.0,41414000.0,2.327836,151051000.0,0.656073142658588,6283769000.0,1883636000.0,198389000.0,283579000.0,4323497000.0,0.0,-1742998000.0,4420575959.25,8187312959.25,16.170740387442194,0.6995898850055893,0.6252653463232019,2.0858716864617155,0.0069572268788818635,16.170740387442194,0.145533956666787,19.200277799856668,4.031415370686856,2.3468313194534405,0.2537199096788785,0.0,0.015733922602203274,0.0366396345887317,0.5722779190278546,0.04362556930402757,-1125.114777106134,0.656073142658588,59.77107427228822,3.129694085128495,-0.0953377396829647,0.8740576745652052,-0.035662072179625505,36.00999054948022,-0.37312303221118914,10.019928443796998,-0.020608399710674227,0.23072618434307546,REIT—Residential,Real Estate,AIRC
2018Q4,2018,Q4,2018-12-31,2018-12-31,7407000.0,232022000.0,66064000.0,0.038305,156637000.0,0.6750954650852075,6190004000.0,1699419000.0,196275000.0,409767000.0,4426363000.0,0.0,-1947507000.0,4560576886.8,8599383886.8,14.141401987250013,0.47899171968460125,0.6584268766223738,2.398269643919481,0.010498374799710062,14.141401987250013,0.004358548421548776,19.655795083224866,153.92793596597815,2.6836094493471006,8.19711084109626,0.0,0.013313228020721372,0.03748333603661645,0.2257087564396352,0.001196606658089397,744.9488544266579,0.6750954650852075,-0.9916897356682923,-0.9430603343206774,0.0013248675377317773,0.6638551746380684,-0.030825583625687575,-0.9870050579745996,0.40699407931166676,-0.8920802989395531,-0.042295090912977555,0.06306999757789634,REIT—Residential,Real Estate,AIRC
2018Q3,2018,Q3,2018-09-30,2018-09-30,569991000.0,242481000.0,46954000.0,4.60936,161619000.0,0.6665223254605516,6185021000.0,2125682000.0,104299000.0,242782000.0,3990891000.0,0.0,-1894054000.0,4657767899.400001,8246524899.400001,17.31937564136496,0.42959939369475497,0.5896162680773437,1.7155853980040288,0.06654470914661136,17.31937564136496,0.2681450000517481,19.208795325819345,2.0429129141512763,2.191187533883243,0.10841750132896835,0.0,0.01326751382522957,0.039204555651468284,0.2390292525805043,0.09215667982372251,164.77758161106593,0.6665223254605516,179.49731761757448,6.862482893245688,-0.11644460331620883,1.2347301040850838,-0.02104861472857887,112.16081000595592,-0.04876319361439193,24.819471492213932,-0.022585276611320856,0.31807093335025755,REIT—Residential,Real Estate,AIRC
2018Q2,2018,Q2,2018-06-30,2018-06-30,5037000.0,250187000.0,49361000.0,0.025537,165094000.0,0.6598824079588468,6544356000.0,1614941000.0,232885000.0,523088000.0,4889571000.0,0.0,-2402101000.0,4657530142.650001,9075452142.650002,13.158693357404545,0.4452118955128009,0.6853724033350264,2.777390009913675,0.022098184640255293,13.158693357404545,0.003118999393785903,18.61619565624913,231.1658796232877,2.8840249536360774,12.266229898749256,0.0,0.013265614629999178,0.03822943006156756,0.1288483008595112,0.0007696708430898319,295.0044427824931,0.6598824079588468,-0.9615378822565486,-0.5733338134818806,-0.10647356480441492,0.7590932889060229,0.030304921429373806,-0.9398868627076571,-0.07523839856117803,-0.9217288093110853,0.014386807766598491,-0.016034940096359092,REIT—Residential,Real Estate,AIRC
2018Q1,2018,Q1,2018-03-31,2018-03-31,83792000.0,247720000.0,53377000.0,0.663952,160238000.0,0.6468512837074116,6255290000.0,1670190000.0,139031000.0,303241000.0,4592643000.0,0.0,-2345206000.0,4654736263.650001,8839313263.650002,13.617035834012606,0.4584835164110394,0.6801994791608382,2.5475215394655697,0.05122709133364192,13.617035834012606,0.05016914243289686,18.790312706483128,13.887770502106406,2.786950145582239,0.7375405766660301,0.0,0.013276799478976212,0.03960168113708557,0.23172328280146814,0.013395382148549467,813.4806472649424,0.6468512837074116,-0.6886228443545679,12.182475959142929,-0.1010980264762903,0.7427065998161173,-0.04114556530272748,-0.6830730476683977,2.088410576867442,-0.11751758677601135,-0.003909627769827138,0.01543136086758224,REIT—Residential,Real Estate,AIRC
2017Q4,2017,Q4,2017-12-31,2017-12-31,264389000.0,255229000.0,17283000.0,2.132308,167114000.0,0.6547610185362949,6079040000.0,1663144000.0,208425000.0,287512000.0,4423287000.0,0.0,-2367073000.0,4649207973.3,8661332973.3,13.575713360742636,0.7249262639472439,0.6726244604411222,2.458542976434993,0.001261904859154196,13.575713360742636,0.1589693977190189,18.215829601260047,4.396181359001321,2.795433211616072,0.22141238856382073,0.0,0.012591176892103862,0.041985083171027004,0.30678023873786137,0.04349190003684792,263.6651717404866,0.6547610185362949,14.18186413767079,2.556579432599018,-0.03551230323021558,0.6845320985238672,0.015328906197787243,12.465189712248536,-0.708082087661515,5.276224683193997,-0.01799834188334027,0.26224048934449,REIT—Residential,Real Estate,AIRC
2017Q3,2017,Q3,2017-09-30,2017-09-30,19635000.0,254635000.0,59205000.0,0.140451,164591000.0,0.6463801127103501,6169338000.0,1454186000.0,133596000.0,583888000.0,4733649000.0,0.0,-2572723000.0,4645730500.950001,8980571500.95,11.878941038167197,0.22880415422135753,0.711668253546815,3.019230002214297,0.012947493354174557,11.878941038167197,0.013502399280422175,18.244665898050155,59.15113955882354,3.194729216860842,2.9780494015788133,0.0,0.012586610434686799,0.041274282589153,0.0953624667744499,0.0031826753534982197,247.41601432337438,0.6463801127103501,0.0999976504311459,-0.5304504421873893,-0.11702526477504772,0.5400968403131858,0.01790396793983772,0.08769111455794372,-0.008391116470706462,-0.8570690179407602,-0.03861417330449284,0.10340072780857919,REIT—Residential,Real Estate,AIRC
2017Q2,2017,Q2,2017-06-30,2017-06-30,18052000.0,249092000.0,59706000.0,0.127683,161696000.0,0.6491416825911711,6199202000.0,1494502000.0,133381000.0,508358000.0,4721103000.0,0.0,-2530585000.0,4645700748.150001,8923511748.150002,12.208352189405538,0.26237612076528743,0.7003438507085267,2.9050299029375672,0.013642712546617034,12.208352189405538,0.012078940008109725,18.650541760273313,64.33775687112231,3.108527622010543,3.23964103700421,0.0,0.01258841306627177,0.040181300754516466,0.12542735631189045,0.0029119877042238663,350.3545058936652,0.6491416825911711,0.42857302691937604,-0.3546876295942603,-0.25049388946753925,0.061378623067854896,0.027443654409475337,0.3178566214045846,0.033172403052484034,-0.7816484554603652,-0.05801097429012784,0.22155010392498226,REIT—Residential,Real Estate,AIRC
2017Q1,2017,Q1,2017-03-31,2017-03-31,13698000.0,246481000.0,57789000.0,0.089378,157377000.0,0.6384954621248696,6187440000.0,1688136000.0,138623000.0,331253000.0,4351063000.0,0.0,-2489961000.0,4644333561.450001,8550295561.450001,13.794177431992727,0.41848073828765325,0.6417898193760263,2.3523199552642677,0.014263192115358347,13.794177431992727,0.00811427515318671,18.842562150632304,84.76298659384582,2.7511607841133654,4.268944371441086,0.0,0.01259082691333292,0.03983569941688323,0.19644803216876527,0.0022138396493541755,-340.6185230253026,0.6384954621248696,-0.9320389678329846,4.421020187526146,-0.30563584784721765,0.5105193565347436,-0.03972835106902275,-0.9166823797040272,-0.038356574699637234,-0.8035874751464884,-0.07816322566565352,0.5986333007247739,REIT—Residential,Real Estate,AIRC
2016Q4,2016,Q4,2016-12-31,2016-12-31,164407000.0,249493000.0,60094000.0,1.315136,163888000.0,0.6568841610786675,6232818000.0,1793903000.0,238505000.0,268583000.0,4287852000.0,0.0,-2385399000.0,4641718009.5,8465106009.5,14.66668563464357,0.8880122718116932,0.6232545214700638,2.1654637959800502,0.01822831531162443,14.66668563464357,0.09164765318972096,18.6046021712032,7.05827308067783,2.587496653665221,0.32702987099089453,0.0,0.011583211192485086,0.04002892431641675,0.6174999906918904,0.026377635284713912,332.8350788398107,0.6568841610786675,13.714314484548773,10.809972741608293,-0.21429236742689955,0.5241795441321152,0.047589217798175695,9.59801456842648,0.023190083770346658,0.24174923702006823,0.057901492702870955,0.7256592245941145,REIT—Residential,Real Estate,AIRC
2016Q3,2016,Q3,2016-09-30,2016-09-30,15513000.0,248904000.0,58732000.0,0.089378,156443000.0,0.6285274644039469,6293847000.0,1682907000.0,208387000.0,555788000.0,4466240000.0,0.0,-2495877000.0,4638983598.150001,8646616598.150002,13.767309001797187,0.3749397252189684,0.6443659974575169,2.4098426116238154,0.013168986495989923,13.767309001797187,0.009217978177047217,18.637641814313955,74.75961448704312,2.756529979464106,3.47850190163089,0.0,0.011632289457009446,0.039547195856524636,0.08619833461679634,0.0024647882288844963,725.0677708893405,0.6285274644039469,-0.9503547123530549,9.294542886211497,-0.3180472662818548,0.36395193632753475,-0.03368211691456244,-0.9308791487882798,-0.08852194425476442,-0.7851464597548328,-0.08936790700166171,0.7764046762215164,REIT—Residential,Real Estate,AIRC
2016Q2,2016,Q2,2016-06-30,2016-06-30,224433000.0,251218000.0,64436000.0,1.800332,161896000.0,0.6444442675286006,6274228000.0,1771156000.0,439269000.0,416272000.0,4355387000.0,0.0,-2455302000.0,4647781318.950001,8548194318.950001,14.461818572648532,1.0552451281854172,0.6304581217003908,2.233365101662417,0.014846087538473517,14.461818572648532,0.12671554623082326,18.50098846002277,5.17724813078959,2.6241512994620466,0.24187619467725335,0.0,0.011679766382008643,0.04003966703154555,0.13266566091401777,0.03577061592278763,284.1289472398827,0.6444442675286006,8.399984336248531,8.292458050163404,-0.3188560004712808,0.37812830182248425,0.03205900539947854,7.613155773880339,0.014197122800390342,18.050789496722942,-0.10090950126394786,0.9332989458415576,REIT—Residential,Real Estate,AIRC
2016Q1,2016,Q1,2016-03-31,2016-03-31,26057000.0,246239000.0,63534000.0,0.191525,156867000.0,0.6370518073903809,6142213000.0,1603162000.0,154612000.0,449476000.0,4407148000.0,0.0,-2625295000.0,4630423634.1,8483559634.1,13.139186110738066,0.3439827710489548,0.637814090784543,2.4436644581146507,0.015311120305034702,13.139186110738066,0.016253504012694913,18.804590800401236,44.425908912192504,2.888306755087758,2.083125455731665,0.0,0.011722469538265091,0.04008962242110457,0.14339809022061245,0.004242282056971974,-823.4792164502935,0.6370518073903809,-0.6511619435484312,2.018820840665858,-0.3528848474169261,0.19009254522253755,-0.0025244175399328516,-0.6259188009647411,-0.029778266446765622,3.120910640949606,-0.10178055166055938,0.6815514500007075,REIT—Residential,Real Estate,AIRC
2015Q4,2015,Q4,2015-12-31,2015-12-31,69656000.0,245875000.0,65484000.0,0.549037,157264000.0,0.6396095577020844,6144194000.0,1622391000.0,279751000.0,382151000.0,4380289000.0,0.0,-2596917000.0,4628461998.6,8450832998.6,13.302418485584063,0.7320430929135342,0.6303772309272787,2.38731600458829,0.016053655611476245,13.302418485584063,0.0429341632195938,18.824451443213015,16.61185683429999,2.852864690817442,0.7116544159871367,0.0,0.010710037160290837,0.04001745387596811,0.49646605661113014,0.011336881615391701,390.85137633845636,0.6396095577020844,2.583324631249184,3.4450166427658506,-0.32825217988673255,0.16847686965350225,0.00900161040927493,2.177012542759407,0.022851876727948642,-0.058782629819229215,-0.06669559057964018,0.6506205111668472,REIT—Residential,Real Estate,AIRC
2015Q3,2015,Q3,2015-09-30,2015-09-30,21925000.0,246387000.0,64021000.0,0.15322,155861000.0,0.6325861348204248,6217662000.0,1601690000.0,158430000.0,507568000.0,4468898000.0,0.0,-2616919000.0,4625905914.3,8516563914.3,13.139942019161875,0.31213551681745105,0.6330191316285768,2.4573413082431683,0.01774031092110644,13.139942019161875,0.013688666346171855,18.774959370015463,52.74693174800456,2.8881405979309354,2.2600684150513115,0.0,0.010711847780306247,0.03962695302510815,0.08913288465781925,0.003526245074113067,-1376.7577125892858,0.6325861348204248,-0.6923070744069854,2.0991929961120666,-0.36940955069816295,0.003735280495645025,0.0006034654323444632,-0.6567192221578544,-0.02470941303718599,-0.4734406248187445,-0.14196463901134518,0.7035847825650967,REIT—Residential,Real Estate,AIRC
2015Q2,2015,Q2,2015-06-30,2015-06-30,63869000.0,244783000.0,65643000.0,0.497964,155767000.0,0.6363472953595634,6157694000.0,1628910000.0,135918000.0,362877000.0,4339609000.0,0.0,-2589336000.0,4622487871.650001,8441659871.650001,13.3731307071952,0.37455666796187137,0.6278335688652278,2.3733705361253845,0.015784898090040755,13.3731307071952,0.039209655536524425,18.88402328450097,18.09362864476507,2.837779786268118,0.7746011367016863,0.0,0.010702678162428704,0.03975238132976403,0.12906577159753857,0.010372227005758974,-532.5446856739632,0.6363472953595634,-0.32758634658543107,7.104835246794436,-0.3793587102791892,0.06895700822371463,0.058415437928925736,-0.31515119022088783,0.07493408878772496,1.2946171388957002,-0.2597607615990033,0.16264298702218524,REIT—Residential,Real Estate,AIRC
2015Q1,2015,Q1,2015-03-31,2015-03-31,93260000.0,244265000.0,61067000.0,0.740562,147170000.0,0.6025013816961088,6215453000.0,1615527000.0,266098000.0,327919000.0,4380827000.0,0.0,-2603564000.0,4571871262.200001,8295665262.200001,13.410099745568466,0.8114747849316447,0.6255833645592687,2.4068208083182765,0.017752067401736515,13.410099745568466,0.05772729270386691,18.716849578122126,12.255713226999786,2.82995657899868,0.49951747801844304,0.0,0.01018948201476328,0.03929962948798744,0.5016177775609221,0.015004537883240368,-644.7428095050064,0.6025013816961088,1.3199982456580037,3.5565360422945447,-0.371069621561156,0.04402092401413874,-0.0438539501039501,1.3759298889228575,-0.04295699598796389,36.492869894176934,-0.30097211939966906,0.46846126480602807,REIT—Residential,Real Estate,AIRC
2014Q4,2014,Q4,2014-12-31,2014-12-31,39252000.0,242178000.0,63808000.0,0.319208,153920000.0,0.6355655757335513,6097028000.0,1227735000.0,306012000.0,462295000.0,4654923000.0,0.0,-2649542000.0,4332073978.650001,8438241978.650001,10.755251059798288,0.6619409684292498,0.6782220780353969,3.3681038660623015,0.018570998342540182,10.755251059798288,0.031971068675243436,17.887974872407902,27.59142195716142,3.52850898496011,1.0599714664220932,0.0,0.009604175783943014,0.039720663903790504,0.40550081657815895,0.00643789072315233,-2087.7464957349403,0.6355655757335513,-0.705882027741485,4.034444390821056,-0.17548152738464307,-0.21158798668274142,0.02347230533945076,-0.693410816383916,-0.05423392176916122,3.5095287452666177,-0.1828153812174528,0.1176985766047057,REIT—Residential,Real Estate,AIRC
2014Q3,2014,Q3,2014-09-30,2014-09-30,128028000.0,246843000.0,67467000.0,1.085306,150390000.0,0.6092536551573268,5937463000.0,1228251000.0,242260000.0,380360000.0,4493908000.0,0.0,-2647921000.0,4329666506.55,8262716506.55,10.76575421674725,0.6369229151330319,0.667328116402578,3.225917178166352,0.017933791579717088,10.76575421674725,0.10423602341866606,17.540163207180274,8.4545304670658,3.525066543035585,0.3132908426281751,0.0,0.00926399295172523,0.04157381696525941,0.07673256914502051,0.021562744896262934,-762.2652300264085,0.6092536551573268,0.6666656428904889,4.693034860070331,-0.3868001231753944,-0.22691794850774297,-0.0037692353552951463,0.6617948651384958,0.025381096402571544,74.34491618842391,-0.27537784938466087,0.06658253316184638,REIT—Residential,Real Estate,AIRC
2014Q2,2014,Q2,2014-06-30,2014-06-30,77042000.0,246418000.0,65797000.0,0.651184,150959000.0,0.6126135266092574,6078665000.0,1140102000.0,312849000.0,403842000.0,4728855000.0,0.0,-2735097000.0,4329220669.950001,8501596669.950001,9.99414772278164,0.7746816824401622,0.6919614750936266,3.689320780070555,0.017531329316985183,9.99414772278164,0.06757465560099009,17.568605661721143,14.048248585025052,3.7972222397206568,0.5022325484800498,0.0,0.008937636343782605,0.040538177379408145,0.08376048058399077,0.012674164475258959,3340.4480478009264,0.6126135266092574,0.1590905045513931,4.312536388544485,-0.416315989685418,-0.3105574617117217,0.017230226007735744,0.18659417499653458,0.009574517054608503,3.6875140043660224,-0.2827070333559969,-0.04761508656945566,REIT—Residential,Real Estate,AIRC
2014Q1,2014,Q1,2014-03-31,2014-03-31,64927000.0,248924000.0,65173000.0,0.561806,148402000.0,0.596173932605936,6083152000.0,983096000.0,199218000.0,435470000.0,4901701000.0,0.0,-2772345000.0,4323751809.3,8680172809.3,8.628731445628492,0.4574781270810848,0.7224581927264023,4.4703904806855075,0.015719487354388162,8.628731445628492,0.06604339759291056,17.369766713133327,16.64851221102161,4.398097245131707,0.595530364871317,0.0,0.008942696460243838,0.04092023345791787,0.08818517923163478,0.010673249657414445,-109.62581601125733,0.596173932605936,-0.4761901210027057,3.09419415265013,-0.43611936417426583,-0.4382182110210067,0.07176542808652006,-0.47307211608693533,0.033622508048784354,3.718683885476597,-0.29943010484630744,-0.21844558090417981,REIT—Residential,Real Estate,AIRC
2013Q4,2013,Q4,2013-12-31,2013-12-31,123218000.0,219483000.0,63053000.0,1.072538,138465000.0,0.6308689055644401,6079413000.0,967457000.0,331998000.0,381156000.0,4906669000.0,0.0,-2798853000.0,4319828500.35,8652262500.35,8.49917841576935,0.8710291849006706,0.7218106419155929,4.5357933220804645,0.013042043203256705,8.49917841576935,0.12736276651055292,19.681836408058942,8.764605212610983,4.465137469003791,0.2898845947832297,0.0,0.008268615292738122,0.03610266320120051,0.5377352055326428,0.020268075223709922,1919.0708575521992,0.6308689055644401,0.8260876967763244,10.942145289298537,-0.41826653317827145,-0.4598604923539178,-0.1105679672143784,0.8327284626368396,-0.07109709925013627,5.63412389284417,-0.3575150224991888,-0.2534370046584245,REIT—Residential,Real Estate,AIRC
2013Q3,2013,Q3,2013-09-30,2013-09-30,67232000.0,254514000.0,67879000.0,0.587342,155678000.0,0.6116677275120426,6489506000.0,882147000.0,466054000.0,672016000.0,5394346000.0,0.0,-2886352000.0,4319620458.450001,9081519458.45,7.75009725322318,0.6935162258041475,0.74420472066749,5.474734936467505,0.011996992604154783,7.75009725322318,0.07621405502711,16.972034773922065,16.062367839905104,4.896712745664838,0.5313094954783436,0.0,0.008269476530078684,0.03921931808060583,0.4707745053689198,0.010360110615507559,-117.85818827453551,0.6116677275120426,5.571438161516257,-0.7640919856423767,-0.6035178100885755,-0.6566110732922582,-0.003648046694997696,5.141030325173547,0.051996156468910794,4.609620855510824,-0.30242247187984966,-0.4079847514556476,REIT—Residential,Real Estate,AIRC
2013Q2,2013,Q2,2013-06-30,2013-06-30,10948000.0,259662000.0,64524000.0,0.089378,156248000.0,0.6017361030878604,6470715000.0,851371000.0,416954000.0,554938000.0,5407657000.0,0.0,-2917863000.0,4319234051.55,9115858051.55,7.480384036703314,0.7513524033315433,0.7485335082753606,5.689114381391896,0.011024736486148361,7.480384036703314,0.012859258772027706,16.634062941631814,98.6306643119748,5.0732689409787275,3.262513701132627,0.0,0.008269521765596897,0.040128795658594146,0.5295041968652354,0.0016919304899072204,160.98524232389119,0.6017361030878604,1.3333246312491842,-0.9741687548659104,-0.6298450250079868,-0.677261717729516,0.026994695709900686,0.858112695179905,0.1161970003632778,2.1199217065352403,-0.2954093893033725,-0.40206903564200003,REIT—Residential,Real Estate,AIRC
2013Q1,2013,Q1,2013-03-31,2013-03-31,5892000.0,255450000.0,57807000.0,0.038305,152141000.0,0.5955803484047759,6370393000.0,888380000.0,342926000.0,393852000.0,5261794000.0,0.0,-2893093000.0,4314716331.75,8978618331.75,7.813728275000172,0.8706976224571666,0.739900976281997,5.305680001801031,0.00963316507934627,7.813728275000172,0.00663229699002679,16.89064917498532,183.07520077011202,4.856836412064657,6.058723693143245,0.0,0.008273545061888527,0.040099566855608434,0.4742466713384723,0.0009249036911851435,-251.26463613731656,0.5955803484047759,-0.9361701418570897,1.1504252134010278,-0.6299537460893699,-0.6410231137211588,0.013678641863440115,-0.914517018251458,0.031015909253049867,1.1711437292273945,-0.30307028661842444,-0.39167523221765044,REIT—Residential,Real Estate,AIRC
2012Q4,2012,Q4,2012-12-31,2012-12-31,68926000.0,245361000.0,56068000.0,0.600111,150088000.0,0.6117027563467706,6401380000.0,915425000.0,372589000.0,349416000.0,5246486000.0,0.0,-2863287000.0,4310733555.150001,8914767555.150002,8.059041067035084,1.0663192298005815,0.7324119174303041,5.121606903897097,0.010408017465884689,8.059041067035084,0.07529398913073163,17.568943536870165,15.635368203399299,4.7089969742469355,0.4351913646519456,0.0,0.006958444454114778,0.03832939147496321,0.6460207889736017,0.010767365786752232,52.30330213242254,0.6117027563467706,1.7647113023527945,4.520375912907992,-0.6516517605927844,-0.6718307530220202,-0.05109092173561191,0.7773136329645961,0.10520194752715302,7.884183455098181,-0.16050924240108783,-0.4092332426513563,REIT—Residential,Real Estate,AIRC
2012Q3,2012,Q3,2012-09-30,2012-09-30,38781000.0,267448000.0,50731000.0,0.217061,158169000.0,0.5914009452304747,6565388000.0,875672000.0,297704000.0,397423000.0,5462410000.0,0.0,-2902175000.0,4308474695.25,9144140695.25,7.713113050573858,0.7490859864678189,0.7521537188662727,5.639304442759389,0.008949171402057638,7.713113050573858,0.04428713034104094,16.109579040598547,27.774391423957614,4.920192372543601,0.934916582862742,0.0,0.008415275141333093,0.04073605398492823,0.34989167712990943,0.00590688623429415,461.243410261214,0.5914009452304747,-0.05012618389723686,11.858597153214124,-0.5934511796532609,-0.7182210901707333,-0.022181420278565997,0.700921052631579,0.05656565656565657,2.1241605716504917,-0.3323459358546468,-0.44612619418215255,REIT—Residential,Real Estate,AIRC
2012Q2,2012,Q2,2012-06-30,2012-06-30,22800000.0,270872000.0,48015000.0,0.22851561577997748,161757000.0,0.5971713576892407,6947106000.0,1147640000.0,517420000.0,398422000.0,5497483000.0,0.0,-2897490000.0,3786437075.8500004,8563916075.85,11.50235356551462,1.2986732660345062,0.732742958002944,4.435574744693458,0.007545649642780493,11.50235356551462,0.01986685720260709,13.978695014065686,41.51795039309211,3.2993247672179433,1.7775,0.0,0.010703201766769695,0.03899062429736929,0.8748412487262249,0.003281942149723928,1359.5824329802515,0.5971713576892407,10.067546859362782,-0.11136759257743421,-0.5344391534382776,-0.6197097098530481,-7.41798490440072e-05,10.698306824012313,0.11158698923486515,2.1208485532791803,-0.26641834606516995,-0.20651444640739855,REIT—Residential,Real Estate,AIRC
2012Q1,2012,Q1,2012-03-31,2012-03-31,1949000.0,273799000.0,43195000.0,0.02064735922817989,161769000.0,0.590831230209022,6823630000.0,862019000.0,300154000.0,446123000.0,5659357000.0,0.0,-2873679000.0,3582276512.1000004,8700237512.1,9.132075913040739,0.6728054818962483,0.7622328584638968,6.0337359153336525,0.006991064480390819,9.132075913040739,0.0022609710458818193,13.083599692109907,459.5018614802463,4.155681617342542,17.570548999486917,0.0,0.009559563558069646,0.04012512401756836,0.2828614530073545,0.00028562509983689035,-74.744434496213,0.590831230209022,1.150688652957086,-0.9384351641809398,-0.49387970837370293,-0.7075971411798916,0.08639794767098265,1.150688108860368,0.27021702052578955,1.0758761168242723,-0.2513929401055526,-0.4054474894894208,REIT—Residential,Real Estate,AIRC
2011Q4,2011,Q4,2011-12-31,2011-12-31,-12934000.0,245063000.0,34006000.0,-0.13702,148904000.0,0.6076151846668,6871862000.0,908329000.0,319579000.0,424833000.0,5727188000.0,0.0,-2841467000.0,3582276512.1000004,8663530512.1,9.622675813429149,0.7522461767329751,0.7526810055265952,5.694324413290779,0.005402403357201086,9.622675813429149,-0.01423933398581351,14.61777792690043,-69.24146652427712,3.9438094700268294,-2.077779495902273,0.0,0.007501933451878045,0.035661804617147436,0.312739358759795,-0.0018821681809093372,-5713.359668421053,0.6076151846668,-7.955538070485438,-1.1248355229011413,-0.5169319271737092,-0.6908945630137089,-0.0642089981837721,-7.969486823855756,-0.2291860280617449,-2.511640265672961,-0.2167357457245196,-0.3884600226229048,REIT—Residential,Real Estate,AIRC
2011Q3,2011,Q3,2011-09-30,2011-09-30,-1442000.0,281410000.0,44117000.0,-0.015300029872194245,159121000.0,0.5654418819516008,7042702000.0,951312000.0,326160000.0,453962000.0,5841588000.0,0.0,-2803679000.0,3576718506.9,8760612506.9,10.093690719678815,0.7184742335261541,0.7468333886624764,5.528916906335671,0.006815471745935974,10.093690719678815,-0.001515801335418874,12.709990785331012,-620.0968285194175,3.759774403034967,-18.731622746185852,0.0,0.007551894270653933,0.03995767533540394,0.2570237156413973,-0.00020475096063982262,-91.1010546572935,0.5654418819516008,0.9391145655441975,0.9537253785687541,-0.48438970852263985,-0.6800421715617394,-0.014541490936340721,0.9385100848577885,-0.11395633749071117,-1.0061107251782617,-0.47056535067014066,-0.5527718544036457,REIT—Residential,Real Estate,AIRC
2011Q2,2011,Q2,2011-06-30,2011-06-30,-23451000.0,281035000.0,49791000.0,-0.25129211951835106,161469000.0,0.574551212482431,7164972000.0,979300000.0,328222000.0,401466000.0,5923636000.0,0.0,-2774353000.0,3541557338.55,8825857338.55,10.493811464087724,0.8175586475567047,0.7494270738252711,5.483124680894517,0.007455089253709214,10.493811464087724,-0.023946696620034718,12.601837274894587,-37.754864809069986,3.6164171740528954,-1.1410600827256834,0.0,0.00755571559119689,0.039223461026784194,0.3282868287725486,-0.0032730065100045054,98.60942053598775,0.574551212482431,-0.1988399930488254,-1.5388025500131657,-0.47905906509970747,-0.7093675695054241,0.02560372972217635,-0.217601246105919,0.20053527511211844,-1.067481445913393,-0.5114060737443697,-0.5472485543827019,REIT—Residential,Real Estate,AIRC
2011Q1,2011,Q1,2011-03-31,2011-03-31,-19260000.0,286553000.0,41474000.0,-0.2096127264484049,157438000.0,0.5494201770702104,7261832000.0,1014440000.0,347999000.0,401461000.0,5984833000.0,0.0,-2726882000.0,3486987705.3,8846206705.3,11.040474258479744,0.8668313983176448,0.7492019920042216,5.363135325894089,0.005934542850567702,11.040474258479744,-0.018985844406766296,12.168735645063915,-45.2620418652648,3.437352337545838,-1.3860332294911735,0.0,0.007655604853273584,0.03946015275484203,0.3705415968176236,-0.002652223295719317,-1364.236191431925,0.5494201770702104,0.10264683227704567,-1.1858649092763673,-0.4594121592480479,-0.6898540384519918,-0.003121616402099651,0.10264175557936915,0.2975222124890502,0.3915624437302655,-0.48636229468446457,-0.49278053537756683,REIT—Residential,Real Estate,AIRC
2010Q4,2010,Q4,2010-12-31,2010-12-31,-21463000.0,275754000.0,31964000.0,-0.23359,157931000.0,0.5727242397209107,7378566000.0,1046042000.0,370978000.0,428243000.0,6071794000.0,0.0,-2680955000.0,3486987705.3,8880463705.3,11.38440890963356,0.8662791919541009,0.7460529593419643,5.262504756023181,0.00423211867478191,11.38440890963356,-0.020518296588473504,12.645284221806394,-40.616266427107114,3.3335064034713713,-0.8770442156268928,0.0,0.005398355712980781,0.03737230242299113,0.3959714461182086,-0.0029088307944931304,181.68964700396,0.5727242397209107,-0.42749176759884727,-2.158406519300819,-0.4117851135100999,-0.6875430265981706,-0.022214104842154792,-0.43834606621096367,-0.1461010338471402,-0.35518053367798896,-0.516016370849177,-0.5364196722553336,REIT—Residential,Real Estate,AIRC
2010Q3,2010,Q3,2010-09-30,2010-09-30,-14922000.0,292302000.0,37433000.0,-0.1636366704887669,161519000.0,0.552575760685866,7617072000.0,1193770000.0,420600000.0,465841000.0,6154264000.0,0.0,-2637513000.0,3460654010.55,8858154010.55,13.091043300454045,0.9028831725846372,0.7276499421299943,4.642906087437279,0.005067880315612384,13.091043300454045,-0.012499895289712423,11.839310064761788,-57.9790579438078,2.8989286131750673,-2.761158021712907,0.0,0.011905842038641645,0.03837458803067635,0.43841353594896115,-0.0019590204740089104,126.12172493713328,0.552575760685866,-0.9051468894169622,-1.4573523044751133,-0.4002838970363262,-0.6597867815248181,0.029412889410085147,-0.906964856230032,-0.0581945352991496,-4.201721765481893,-0.44681486341580434,-0.5217521271187358,REIT—Residential,Real Estate,AIRC
2010Q2,2010,Q2,2010-06-30,2010-06-30,-7825000.0,294991000.0,39746000.0,-0.08589189179992579,156904000.0,0.531894193382171,7707801000.0,1139738000.0,350496000.0,490112000.0,6254482000.0,0.0,-2597379000.0,3457354865.2500005,9022947865.25,12.510447664698251,0.7151344998694176,0.7322336163063888,4.951937199602014,0.005331152821275975,12.510447664698251,-0.006865612974209862,11.720204566410501,-110.45862189297125,3.0334645903268997,-5.262236421725239,0.0,0.01190997210435976,0.0382717457287753,0.28299857991642724,-0.001015205244660572,78.18708847441147,0.531894193382171,0.7163447085261465,-1.2289181595698628,-0.4025415597024547,-0.6796676201279432,0.05070580987330244,0.7156406715604332,0.562711331288826,-1.334009202512165,-0.444725299144697,-0.5863801486210446,REIT—Residential,Real Estate,AIRC
2010Q1,2010,Q1,2010-03-31,2010-03-31,-27518000.0,292976000.0,25434000.0,-0.30280377056827457,149332000.0,0.5097072797771831,7885080000.0,1167289000.0,343790000.0,547373000.0,6385844000.0,0.0,-2567772000.0,3448794901.2000003,9089876901.2,12.844665693105265,0.6280726305462637,0.7252883927620265,4.89934968975121,0.0033577458635356485,12.844665693105265,-0.02357428194731553,11.771595288351266,-31.332172588850938,2.9545338825260927,-1.330365578893815,0.0,0.010615012214052505,0.03715574223723792,0.22421273975881165,-0.003489882157188006,-280.86936242365016,0.5097072797771831,-5.452996626004038,-11.906217818436014,-0.3965800955575755,-0.6767979894161801,0.10276481361139009,-5.433381665861124,-0.33913630930728056,-1.9028788725187287,-0.4374700174881854,-0.5887225418385772,REIT—Residential,Real Estate,AIRC
2009Q4,2009,Q4,2009-12-31,2009-12-31,6207000.0,233833000.0,38486000.0,0.068,135416000.0,0.5791141541185376,7906468000.0,1239718000.0,361119000.0,498632000.0,6371765000.0,0.0,-2492082000.0,3448794901.2000003,9057844901.2,13.64166308748311,0.7242194644547482,0.7197031594891676,4.590003533061551,0.00424784803323258,13.64166308748311,0.0050067838008321245,14.748965719979644,138.90747950700825,2.7819188728404365,36.834380538102145,0.0,0.06629301148654806,0.029574899942679842,0.2829381186927433,0.0007850534524391928,246.55382479267945,0.5791141541185376,1.2237845112355465,-0.9308368683601512,-0.5058896777271932,-0.6681032655957917,-0.19402434306460734,1.2256926768962257,156.81376518218624,-0.9377730075394256,-0.5212286782533636,-0.5617942127914678,REIT—Residential,Real Estate,AIRC
2009Q3,2009,Q3,2009-09-30,2009-09-30,-27502000.0,319346000.0,-247000.0,-0.3038637465326005,168015000.0,0.5261221371177344,8474538000.0,1260388000.0,442151000.0,510026000.0,6886265000.0,0.0,-2465312000.0,3434766114.4500003,9500328114.45,13.925758845346932,0.8669185492504303,0.7283696173171919,4.897377632919387,-3.2242582650121707e-05,13.925758845346932,-0.02182026487081756,10.755625918126421,-31.222875740400703,2.7251656747366684,-5.083375754490582,0.0,0.04070233469808941,0.03768299817641976,0.3830922345135346,-0.0032452506555519607,463.15616430016183,0.5261221371177344,-0.49042436129609496,-1.135968684169094,-0.31123101943358983,-0.6562499838198431,-0.10006106183314051,-0.4911082194751681,-1.0066285591605615,0.08097043241526841,-0.3907000760918378,-0.5585702313203148,REIT—Residential,Real Estate,AIRC
2009Q2,2009,Q2,2009-06-30,2009-06-30,-18444000.0,334798000.0,37263000.0,-0.2038773348205045,186696000.0,0.5576377397714443,8841421000.0,1311396000.0,464919000.0,550466000.0,7227127000.0,0.0,-2413472000.0,3433190847.9,9807881847.9,14.495983592185551,0.8445916732368575,0.7336835334501094,4.9464883223679195,0.00448897436019259,14.495983592185551,-0.01406440159951685,10.254514208268867,-46.535334633214056,2.6179665393977105,-2.5690197354153113,0.0,0.013801446554881455,0.037866989932953087,0.37692972862992447,-0.002086090007477305,-1915.8431070870536,0.5576377397714443,0.25077970970985347,-2.062498654623874,-0.29050934440503307,-0.6283306130062395,-0.004633060539013142,0.2481043620057073,-0.11248987757824036,-1.4371391673631606,-0.3598123949985544,-0.5985250013091753,REIT—Residential,Real Estate,AIRC
2009Q1,2009,Q1,2009-03-31,2009-03-31,-24530000.0,349276000.0,41986000.0,-0.272119345221617,187565000.0,0.5370108452914027,9082218000.0,1384578000.0,472394000.0,556729000.0,7379145000.0,0.0,-2372038000.0,3420975084.4500003,10062911084.45,15.359578425122546,0.8485169624718669,0.7415775529721925,4.864420061563885,0.0047737513367105714,15.359578425122546,-0.017716589459026506,9.794475098346295,-34.86521692264574,2.4707709384736725,-5.368935996738688,0.0,0.03849779573041637,0.038457125781389524,0.3713745826066183,-0.0027008820973026633,-39.712285062801826,0.5370108452914027,-3.9903224749628246,-2.410034359260443,-0.25180114978251744,-0.6271503182824095,0.0,-4.002080528699057,36.88547008547008,-1.241289917215068,-0.32836926318214904,-0.5685229539869758,REIT—Residential,Real Estate,AIRC
2008Q4,2008,Q4,2008-12-31,2008-12-31,8171000.0,298786000.0,-1170000.0,0.091,0.0,0.0,9403157000.0,1418434000.0,0.0,0.0,7548091000.0,0.0,-2332171000.0,3420975084.4500003,3217280084.4500003,15.735154150838937,0.0,0.01020731654273134,0.06766687769751713,,15.735154150838937,0.005760578215130207,11.449582927078245,104.66818885234366,2.411797154079781,1.6651572634928404,0.0,0.003977228615854557,0.031775072988784514,0.0,0.0008689634768408099,-25.10788973622212,0.0,-0.9606241973394072,-0.8227353089444515,-0.3263944852688744,-0.6001737999603817,0.0,-0.9535207822570094,-1.0163152610441768,-0.5504828321316048,-0.3503567360893842,-0.5681322867960282,REIT—Residential,Real Estate,AIRC
2008Q3,2008,Q3,2008-09-30,2008-09-30,175799000.0,395978000.0,71712000.0,2.311064,0.0,0.0,9897215000.0,1584666000.0,0.0,0.0,7801665000.0,0.0,0.0,2664579327.3,2527043327.3,22.56944429608613,0.0,0.008235751168384237,0.051437337584071346,,22.56944429608613,0.11093757296490238,6.729109514417468,3.7892413029937604,1.6814769341299682,0.07796403847575925,0.0,0.005143776302538605,0.04000903284408796,0.0,0.017762471563970268,-27.504767151129784,0.0,-0.344203011645111,3.4091373363484063,0.028617026616723936,-0.44440180555561004,0.0,-0.3133897570292026,-0.1986859307431866,5.99793273681106,0.05515074150672346,-0.41345979025968976,REIT—Residential,Real Estate,AIRC
2008Q2,2008,Q2,2008-06-30,2008-06-30,256039000.0,423781000.0,89493000.0,3.524054,0.0,0.0,10326678000.0,1593621000.0,0.0,0.0,8192885000.0,0.0,0.0,2609296385.8500004,2366972385.8500004,23.177864070163427,0.0,0.008506026817142938,0.05511912807373899,,23.177864070163427,0.16066492597675358,6.157181152175299,2.54775286758072,1.6373381035076722,0.1599756287128133,0.0,0.015697718443225813,0.04103749531068946,0.0,0.02479393663673836,-96.45484200243976,0.0,11.229182360501182,3.5987772160538585,0.1426986778041644,-0.43355138847508695,0.0,11.430986718813656,0.2867803531374015,8.924818358215898,0.13726313505359503,-0.40652640441499605,REIT—Residential,Real Estate,AIRC
2008Q1,2008,Q1,2008-03-31,2008-03-31,-24546000.0,432602000.0,69548000.0,-0.3445098421167787,0.0,0.0,10551763000.0,1550854000.0,0.0,0.0,8471778000.0,0.0,-2057487000.0,2703901561.3500004,10321782561.35,21.76666123548337,0.0,0.7374089050332158,5.017212451978072,,21.76666123548337,-0.01582740864065863,6.250321453321992,-27.539126144280132,1.7434920123686692,-2.8054672859121648,0.0,0.025468012957401517,0.040998077761981576,0.0,-0.0023262463343803304,-27.99881499140538,0.0,-0.9986647451225777,-2.1599193152272136,0.12245699373787301,-0.4831772173326918,0.0,-0.9986971744971908,-0.2701820662154363,-13.40836391062513,0.13645593383945356,-0.4522995893321405,REIT—Residential,Real Estate,AIRC
2007Q4,2007,Q4,2007-12-31,2007-12-31,-12281000.0,441806000.0,95295000.0,-0.17237,0.0,0.0,10606532000.0,1749704000.0,0.0,0.0,8301787000.0,0.0,-2018733000.0,2703901561.3500004,10025222561.35,24.557575523144145,0.0,0.7101078844621409,4.304603521509924,,24.557575523144145,-0.007018901482765085,6.120110549313501,-55.042373612694405,1.5453479910602024,-6.122791303639769,0.0,0.027809444350650563,0.041654142937578464,0.0,-0.0011578713947216677,-25.70884022049176,0.0,-4.4793389405809485,-2.91628227589694,0.21600051916463017,-0.4296075578641326,0.0,-4.246048697137975,0.16691565438871472,-1.1745432774848046,0.19076545208928988,-0.4025230597803861,REIT—Residential,Real Estate,AIRC
2007Q3,2007,Q3,2007-09-30,2007-09-30,-2341000.0,431204000.0,81664000.0,-0.03145817440191506,0.0,0.0,10519010000.0,2036991000.0,0.0,132572000.0,8079024000.0,0.0,-1700714000.0,2824097446.5,9932911446.5,27.372925302490973,0.0,0.7078905714511157,3.6555429061787708,,27.372925302490973,-0.0011492441547360788,6.549330355237892,-301.59092764844087,1.3864064428856093,-31.45194361384024,0.0,0.02607169242380461,0.04099283107440719,3.5969737199408622,-0.00022254946045302743,-26.48650816420318,0.0,-1.8212550424726555,-1.049589454500438,0.07850123296737996,-0.46135072231974283,0.0,-1.1211133529929123,-0.14347146618000273,-1.0140764623243113,0.1311296112978725,-0.3243137684540967,REIT—Residential,Real Estate,AIRC
2007Q2,2007,Q2,2007-06-30,2007-06-30,19329000.0,438313000.0,95343000.0,0.038305,0.0,0.0,10399641000.0,2273459000.0,0.0,0.0,7708010000.0,0.0,-1607931000.0,2852511674.1000004,9753115674.1,30.246245732621453,0.0,0.6883536652851767,3.1487838575492235,,30.246245732621453,0.008502022688775122,6.507933084576548,36.8941962090641,1.2547011730143363,3.857157638781106,0.0,0.026136615207200842,0.042146935649028654,0.0,0.0018586218505042627,-12.705838978815525,0.0,-0.6666666666666667,-0.6274744393751965,0.0019409613082255644,-0.4642660243972777,0.0,-0.23321961282132656,0.19982633645424344,0.3401492787668985,0.1179405064374562,-0.2245021844280958,REIT—Residential,Real Estate,AIRC
2007Q1,2007,Q1,2007-03-31,2007-03-31,25208000.0,430762000.0,79464000.0,0.114915,0.0,0.0,10306066000.0,2347440000.0,0.0,0.0,7588149000.0,0.0,-1552706000.0,2852452244.4,9662025244.4,31.23114442139896,0.0,0.685686759622925,3.010399839825512,,31.23114442139896,0.010738506628497428,6.621875291692397,28.28915666058394,1.2151331852571312,2.9565217391304346,0.0,0.02612769421339659,0.041796937842237765,0.0,0.002445938149435488,-14.95395647893305,0.0,-0.8955318181818182,-0.7167157077717751,-0.07579592510798676,-0.4626435040106114,0.0,-0.6944484848484849,0.17529432645092588,0.7378090974517006,0.10666762574949394,-0.24187227442723266,REIT—Residential,Real Estate,AIRC
