Quarters,Year,Quarter,FillingDate,Date,NetIncome,Revenue,OperatingIncome,EPSDiluted,GrossProfit,GrossProfitRatio,TotalAssets,CommonStockEquity,CurrentAssets,CurrentLiability,TotalLiability,Inventory,RetainedEarnings,MarketCap,EnterpriseValue,bookValuePerShare,currentRatio,debtToAssets,debtToEquity,roic,shareholdersEquityPerShare,roe,priceToSalesRatio,peRatio,pbRatio,payoutRatio,inventoryTurnover,dividendYield,assetTurnover,quickRatio,returnOnAssets,priceToFreeCashFlowsRatio,grossProfitMargin,epsdilutedGrowth,fiveYNetIncomeGrowthPerShare,fiveYRevenueGrowthPerShare,fiveYShareholdersEquityGrowthPerShare,grossProfitGrowth,netIncomeGrowth,operatingIncomeGrowth,threeYNetIncomeGrowthPerShare,threeYRevenueGrowthPerShare,threeYShareholdersEquityGrowthPerShare,Industry,Sector,Symbol
2023Q1,2023,Q1,2023-05-22,2023-03-31,1844901.0,0.0,-447393.0,0.49,-447393.0,0.0,154305282.0,147369643.0,234850.0,405889.0,6935639.0,0.0,-6704539.0,153600000.0,153534006.0,9.824642866666666,0.5786064662998998,0.0,0.0,-0.008015486971783935,9.824642866666666,0.012518867267663802,0.0,20.81412498556833,1.042277071947579,0.0,0.0,0.0,0.0,0.16766160206361838,0.011956175291523721,-919.5292201961183,0.0,1.1304347826086956,0.0,0.0,0.0,0.0,-0.4584204579513574,-0.8576589145355572,0.0,0.0,0.0,Shell Companies,Financial Services,MITAU
2022Q4,2022,Q4,2023-04-17,2022-12-31,3406519.0,0.0,-240837.0,0.23,0.0,0.0,152820389.0,146670889.0,471854.0,195500.0,6149500.0,0.0,-5681396.0,150600000.0,150366964.0,9.778059266666666,2.4135754475703326,0.0,0.0,-0.003533888224474754,9.778059266666666,0.023225597275816606,0.0,11.052338178650992,1.0267886219739215,0.0,0.0,0.0,0.0,1.2025268542199488,0.022290998094501645,-2072.610167625444,0.0,2.2258064516129035,-0.5967742355502401,0.0,14.387152609967806,1.0,2.1838232957551127,0.4133881857773361,-0.5967742355502401,0.0,14.387152609967806,Shell Companies,Financial Services,MITAU
2022Q3,2022,Q3,2022-11-14,2022-09-30,1069946.0,0.0,-410556.0,0.0713,-410556.0,0.0,151712909.0,145088048.0,694552.0,177361.0,6624861.0,0.0,-5934059.0,147750000.0,147444302.0,9.672536533333334,3.916035656091249,0.0,0.0,-0.009183120100386341,9.672536533333334,0.007374459955516115,0.0,34.52277030803423,1.0183471487603168,0.0,0.0,0.0,0.0,1.7350714080322056,0.007052438761160396,-852.5087703101921,0.0,-0.7257692307692307,-0.9045250537564461,0.0,0.03219445658374772,-0.4472351180719324,-0.7215293650392923,-0.4472351180719324,-0.9045250537564461,0.0,0.03219445658374772,Shell Companies,Financial Services,MITAU
2022Q2,2022,Q2,2022-08-12,2022-06-30,3842222.0,0.0,-283683.0,0.26,-283683.0,0.0,151277686.0,144758353.0,999580.0,71833.0,6519333.0,0.0,-5523503.0,147000000.0,146520990.0,9.650556866666667,13.915331393649158,0.0,0.0,-0.003808666375567529,9.650556866666667,0.02654231635254927,0.0,9.564777881132324,1.0154854414515202,0.0,0.0,0.0,0.0,6.678462545069815,0.025398471523420844,-774.7076400929649,0.0,-0.5,3.4749848590729098,0.0,0.07168296153879622,0.0,-0.5029440647744703,0.10362206416264057,3.4749848590729098,0.0,0.07168296153879622,Shell Companies,Financial Services,MITAU
2022Q1,2022,Q1,2022-05-16,2022-03-31,7729959.0,0.0,-316477.0,0.52,0.0,0.0,151409186.0,142781387.0,1226492.0,124049.0,8627799.0,0.0,-7296070.0,147225000.0,146556241.0,9.518759133333333,9.887157494215995,0.0,0.0,-0.004622272075831399,9.518759133333333,0.054138422118003376,0.0,4.761506496994357,1.0311217946075841,0.0,0.0,0.0,0.0,5.396923796241808,0.05105343476319858,-1105.4089769194961,0.0,-0.07142857142857148,0.0,0.0,0.0,0.0,-0.08501357927541214,0.36230409323731266,0.0,0.0,0.0,Shell Companies,Financial Services,MITAU
2021Q4,2021,Q4,2022-04-18,2021-12-31,8448168.0,0.0,-496282.0,0.56,0.0,0.0,151585642.0,-10956093.0,1321753.0,26996.0,12510996.0,0.0,-10959843.0,148500000.0,147698055.0,-0.7304062,48.96106830641577,0.0,0.0,0.09624877387634707,-0.7304062,-0.7710931259893468,0.0,4.3944438604914104,-13.55410181348406,0.0,0.0,0.0,0.0,29.70606756556527,0.05573198020957684,-117.94213607901567,0.0,-0.25333333333333324,0.0,0.0,0.0,0.0,-0.24614103360682485,-1.1336560660713595,0.0,0.0,0.0,Shell Companies,Financial Services,MITAU
2021Q3,2021,Q3,2021-11-23,2021-09-30,11206563.0,0.0,-232597.0,0.75,0.0,0.0,151789916.0,140562708.0,1417750.0,9208.0,11227208.0,0.0,-9453136.0,149250000.0,148348906.0,9.3708472,153.9693744569939,0.0,0.0,-0.0033796584761117752,9.3708472,0.07972643071162232,0.0,3.3295221737476512,1.061803675552409,,0.0,,0.0,97.85990443092963,0.07382943014475349,0.0,0.0,12.111888111888112,0.0,0.0,0.0,0.0,12.052134870719776,-5.312337168910117,0.0,0.0,0.0,Shell Companies,Financial Services,MITAU
2021Q2,2021,Q2,2021-08-20,2021-06-30,858600.0,0.0,-36848.0,0.0572,0.0,0.0,152052884.0,135075725.0,2052870.0,51659.0,16977159.0,0.0,387898.0,148200000.0,147189941.0,9.005048333333333,39.73886447666428,0.0,0.0,-0.0005700549529894843,9.005048333333333,0.006356434511086281,0.0,43.15164220824599,1.097162350970169,,0.0,,0.0,19.55243036063416,0.005646719597899899,0.0,0.0,0.0,0.0,0.0,0.0,0.0,0.0,0.0,0.0,0.0,0.0,Shell Companies,Financial Services,MITAU
2021Q1,2021,Q1,2021-08-05,2021-03-31,,,,,,,401763.0,2022.0,0.0,399741.0,399741.0,0.0,-22978.0,0.0,95045.0,0.0,0.0,0.2365698185248517,47.00544015825915,,0.0,,0.0,0.0,0.0,0.0,0.0,,,0.0,,0.0,0.0,0.0,0.0,0.0,0.0,0.0,0.0,0.0,0.0,0.0,0.0,Shell Companies,Financial Services,MITAU
