Quarters,Year,Quarter,FillingDate,Date,NetIncome,Revenue,OperatingIncome,EPSDiluted,GrossProfit,GrossProfitRatio,TotalAssets,CommonStockEquity,CurrentAssets,CurrentLiability,TotalLiability,Inventory,RetainedEarnings,MarketCap,EnterpriseValue,bookValuePerShare,currentRatio,debtToAssets,debtToEquity,roic,shareholdersEquityPerShare,roe,priceToSalesRatio,peRatio,pbRatio,payoutRatio,inventoryTurnover,dividendYield,assetTurnover,quickRatio,returnOnAssets,priceToFreeCashFlowsRatio,grossProfitMargin,epsdilutedGrowth,fiveYNetIncomeGrowthPerShare,fiveYRevenueGrowthPerShare,fiveYShareholdersEquityGrowthPerShare,grossProfitGrowth,netIncomeGrowth,operatingIncomeGrowth,threeYNetIncomeGrowthPerShare,threeYRevenueGrowthPerShare,threeYShareholdersEquityGrowthPerShare,Industry,Sector,Symbol
2023Q1,2023,Q1,2023-05-02,2023-03-31,3653000.0,15401000.0,5418000.0,0.26,11289000.0,0.7330043504,524502000.0,208398000.0,14866000.0,17396000.0,316104000.0,3187000.0,73719000.0,638131210.2,787563210.2,14.597923516513815,0.8545642676477351,0.2852191221387144,0.7178475801111335,0.013175740091402354,14.597923516513815,0.017528959011122947,41.43440102590741,43.67172257049001,3.062079339533009,0.7916780728168629,1.2902416065265139,0.00453198331906318,0.029363091084495387,0.571280754196367,0.006964701755188731,-146.46114532935508,0.7330043503668593,-0.3157894736842105,0.2702100424954718,0.19300582906644584,0.5605935053410549,0.01794409377817854,-0.27100379165835164,-0.05855777584708949,-0.16817123325509625,0.08992238566044536,0.39345866055766826,Utilities—Regulated Water,Utilities,YORW
2022Q4,2022,Q4,2023-03-07,2022-12-31,5011000.0,15111000.0,5755000.0,0.38,11090000.0,0.7339024552,510595000.0,207183000.0,14234000.0,16981000.0,303412000.0,2335000.0,72963000.0,586254971.38,725718971.38,15.895969833848167,0.8382309640186091,0.27314211850879855,0.67314885873841,0.01608194429401899,15.895969833848167,0.024186347335447406,38.79657013963338,29.248402084414288,2.8296480472818715,0.5565755338255837,1.7220556745182012,0.004757315734883927,0.029594884399573047,0.6403627583770096,0.009814040482182552,-47.52005928345627,0.7339024551651115,-0.050000000000000044,0.40362197873306244,0.20851482164932486,0.7142052519502835,-0.08081226688769166,-0.11793698292554128,-0.16058926487747957,0.47587493351835497,0.15854338370971494,0.5411569517200266,Utilities—Regulated Water,Utilities,YORW
2022Q3,2022,Q3,2022-11-03,2022-09-30,5681000.0,15811000.0,6856000.0,0.4,12065000.0,0.7630763393,493655000.0,204576000.0,13320000.0,25756000.0,289079000.0,2347000.0,70846000.0,547803125.1,672090125.1,14.351607940471022,0.5171610498524616,0.25177097365569073,0.6075394963241045,0.02115284542794004,14.351607940471022,0.027769630846238073,34.64696256403769,24.106808884879424,2.6777487344556543,0.4891744411195212,1.5960801022582018,0.0050729904096343025,0.03202844091521407,0.3655847181239323,0.011508036989395428,-47.330492923794715,0.763076339257479,0.11111111111111122,0.30248854419659704,0.12274580749119893,0.5681920566652476,0.006759012016021362,0.12964804136011135,0.04289625798600548,0.15290365310602125,0.05150224963044268,0.4120493569458308,Utilities—Regulated Water,Utilities,YORW
2022Q2,2022,Q2,2022-08-04,2022-06-30,5029000.0,14899000.0,6574000.0,0.36,11984000.0,0.8043492852,486983000.0,201184000.0,15606000.0,22633000.0,285799000.0,2337000.0,67945000.0,573644248.97,688137248.97,14.179291668319992,0.6895241461582645,0.24053611727719448,0.5822381501511055,0.019992195637142923,14.179291668319992,0.02499701765547956,38.502198064970806,28.516814921952676,2.851341304328376,0.5080532909127063,1.2473256311510483,0.004453979979033346,0.030594497138503807,0.5223788273759554,0.010326849191860906,-98.56430394673541,0.8043492851869253,0.24137931034482762,0.5505956768413268,0.10028269598390627,0.5797106402073345,0.11076096023727872,0.30318735423684895,0.2408456021140053,0.2354056407673698,0.042638308197871344,0.42278935807441426,Utilities—Regulated Water,Utilities,YORW
2022Q1,2022,Q1,2022-05-03,2022-03-31,3859000.0,14240000.0,5298000.0,0.29,10789000.0,0.7576544944,468912000.0,154420000.0,11994000.0,21096000.0,314492000.0,2107000.0,65695000.0,589362159.78,740860159.78,11.78268282882666,0.5685437997724687,0.3230862080731566,0.9810840564693692,0.018420991543570815,11.78268282882666,0.02499028623235332,41.38779211938202,38.18101579295154,3.8166180532314464,0.661052086032651,1.6378737541528239,0.004328408191242292,0.030368171426621626,0.39694728858551387,0.008229689152762138,-271.4703637862736,0.7576544943820225,-0.06451612903225812,0.46616012124081846,0.23683189485192618,0.32502522106106857,0.011721680420105027,-0.03549112721819545,0.06836055656382335,0.3547481213101711,0.18861729714941947,0.1992129066489631,Utilities—Regulated Water,Utilities,YORW
2021Q4,2021,Q4,2022-03-08,2021-12-31,4001000.0,13734000.0,4959000.0,0.31,10664000.0,0.7764671618,458853000.0,152622000.0,11262000.0,20086000.0,306231000.0,1917000.0,64392000.0,651309672.36,797677672.36,11.664993600464454,0.5606890371402967,0.31898887007385807,0.9590294977133048,0.0164094262754175,11.664993600464454,0.026215093498971314,47.423159484491045,40.6966803524119,4.267469122144907,0.6158460384903774,1.6014606155451225,0.003783146642167579,0.029931154422004433,0.4138703574629095,0.008719568140559178,-44.97063262859905,0.7764671617882627,-0.13888888888888887,0.33581783323255915,0.13506102401185963,0.31432061424445645,-0.07317921084651487,-0.1654151022110972,-0.2580789946140036,0.07635407121534668,0.12565678149899032,0.19634166650835874,Utilities—Regulated Water,Utilities,YORW
2021Q3,2021,Q3,2021-11-05,2021-09-30,4794000.0,14503000.0,6684000.0,0.36,11506000.0,0.7933530993587533,430748000.0,150660000.0,10173000.0,13211000.0,280088000.0,1379000.0,62946000.0,571498724.16,703694724.16,11.515036730261526,0.7700401180834153,0.30690101869306413,0.8774525421478826,0.020904914179973748,11.515036730261526,0.0318199920350458,39.405552241605186,29.802812065081348,3.7933009701314218,0.5100125156445557,2.173313995649021,0.00427822477398127,0.033669337988800875,0.5301642570585119,0.011129477095656858,-113.91244252740681,0.7933530993587533,0.0285714285714286,0.3203766479256821,0.13198974044078596,0.3041773572398675,0.06026538886841135,0.06913470115967886,0.1324974584886479,0.24509741645286812,0.12722710492089168,0.19650240027305543,Utilities—Regulated Water,Utilities,YORW
2021Q2,2021,Q2,2021-08-05,2021-06-30,4484000.0,13801000.0,5902000.0,0.35,10852000.0,0.7863198318962394,420976000.0,147706000.0,10885000.0,13918000.0,273270000.0,1033000.0,60606000.0,592016911.8,719006911.8,11.302180168563218,0.7820807587297025,0.30167040401353046,0.8597890403910471,0.020744872820009464,11.302180168563218,0.030357602263956777,42.89666776320556,33.007187321587864,4.008076258242725,0.5466101694915254,2.8547918683446274,0.004140084431959634,0.032783341568165404,0.5779566029601955,0.01065143856181825,-190.5429391052462,0.7863198318962394,0.2499999999999998,0.54860776592318,0.14803829594072843,0.2969779875611761,0.05615571776155718,0.21025641025641026,0.10235338064998133,0.3387599526895791,0.1323949626363861,0.19260441262569244,Utilities—Regulated Water,Utilities,YORW
2021Q1,2021,Q1,2021-05-04,2021-03-31,3705000.0,13081000.0,5354000.0,0.28,10275000.0,0.7854904059322682,409389000.0,145010000.0,10437000.0,12356000.0,264379000.0,1020000.0,58574000.0,639346002.87,761378002.87,11.10688057503019,0.8446908384590482,0.29821758767333756,0.8419212468105648,0.018580757734030576,11.10688057503019,0.02554996207158127,48.87592713630456,43.1407559291498,4.408978710916489,0.6607287449392713,2.7509803921568627,0.0038289126529469503,0.031952495059710935,0.6093395921010035,0.009050072180737636,-766.6019219064748,0.7854904059322682,0.0,0.4635471841084786,0.1390125147401736,0.2911173153734839,-0.026712134129013923,-0.0013477088948787063,-0.026722414106526086,0.4086746348674154,0.10797816786041496,0.18738296377444472,Utilities—Regulated Water,Utilities,YORW
2020Q4,2020,Q4,2021-03-09,2020-12-31,3710000.0,13398000.0,5501000.0,0.28,10557000.0,0.7879534258844604,406957000.0,143252000.0,16290000.0,11993000.0,263705000.0,1010000.0,57317000.0,608403588.6,738474588.6,10.972228509304358,1.3582923371966982,0.3036512457090061,0.862626699801748,0.02093820098450134,10.972228509304358,0.02589841677603105,45.41003049708912,40.99754640161726,4.247086174015022,0.6350404312668464,2.8128712871287127,0.0038724294927671306,0.03292239720658448,0.7299257900441924,0.009116442277685358,-49.710236833074596,0.7879534258844604,-0.22222222222222213,0.036202614296360576,0.1325714887634635,0.2897781679106369,-0.08975685463010864,-0.2113095238095238,-0.21649337701182167,0.03743501973087814,0.0696950498812153,0.18323398527077345,Utilities—Regulated Water,Utilities,YORW
2020Q3,2020,Q3,2020-11-06,2020-09-30,4704000.0,14257000.0,7021000.0,0.36,11598000.0,0.8134951252016553,398417000.0,141428000.0,21782000.0,11920000.0,256989000.0,1158000.0,56053000.0,550879083.0300001,656807083.0300001,10.85203948408845,1.8273489932885907,0.2932329694767041,0.8260669740079758,0.022828169040844722,10.85203948408845,0.033260740447436155,38.639200605316695,29.277162150829085,3.8951203653449107,0.5012755102040817,2.296200345423143,0.004280431173807314,0.03578411563763594,1.5893456375838926,0.011806725114641193,-347.33863999369487,0.8134951252016553,0.12499999999999993,0.31614322871759243,0.13529095344851905,0.3011495995334295,0.08372266866006355,0.12482065997130559,0.11568409343715239,0.17963193813364012,0.10733834597335278,0.18579619706407652,Utilities—Regulated Water,Utilities,YORW
2020Q2,2020,Q2,2020-08-06,2020-06-30,4182000.0,13320000.0,6293000.0,0.32,10702000.0,0.8034534534534534,376149000.0,138572000.0,10215000.0,16247000.0,237577000.0,1058000.0,53700000.0,624539340.48,727612340.48,10.641304220951357,0.6287314581153444,0.27402704779223125,0.7438371388159224,0.022736564273394086,10.641304220951357,0.030179256992754668,46.887337873873875,37.334967747489245,4.5069663458707385,0.5593017694882831,2.4744801512287333,0.003745160390060173,0.03541149916655368,0.47147165630577953,0.0111179346482378,-5077.5556136585365,0.8034534534534534,0.03225806451612906,0.412147497902538,0.10601669167990502,0.27519399402803735,0.047777560211474446,0.044977511244377814,0.12054843304843305,0.4049447261409831,0.07178991032668448,0.18554451778985112,Utilities—Regulated Water,Utilities,YORW
2020Q1,2020,Q1,2020-05-05,2020-03-31,4002000.0,12877000.0,5616000.0,0.31,10214000.0,0.79319717325464,369436000.0,136289000.0,9936000.0,15683000.0,233147000.0,1078000.0,51865000.0,565397042.16,666779042.16,10.47603630427878,0.6335522540330294,0.27442912980868134,0.7438898223627732,0.020687743080025283,10.47603630427878,0.02936407193537263,43.90751278713986,35.31965530734632,4.148515596709933,0.5849575212393803,2.4703153988868274,0.004140453213297015,0.034855834298768935,0.4835809475227954,0.010832728808237421,639.5894142081447,0.79319717325464,0.19230769230769226,0.5619904119382242,0.13351213926643773,0.2716362063289715,-0.005549605685911791,0.18087931543228092,-0.016634564874803012,0.531719562746546,0.12670684589695083,0.17808588430815517,Utilities—Regulated Water,Utilities,YORW
2019Q4,2019,Q4,2020-03-10,2019-12-31,3389000.0,13019000.0,5711000.0,0.26,10271000.0,0.7889238804823719,363529000.0,134185000.0,9384000.0,15156000.0,229344000.0,1007000.0,50209000.0,599872471.56,700905471.56,10.314309529673327,0.6191607284243864,0.27792830833303533,0.7529530126318142,0.02240819168223175,10.314309529673327,0.025256176174684206,46.07669341424072,44.251436379462966,4.470488292730186,0.6656830923576276,2.7288977159880834,0.0037607993481233656,0.035812823736208116,0.4780944840327263,0.00932250246885393,3680.1992120245395,0.7889238804823719,-0.25714285714285706,-0.05832889248727883,0.11710990364031862,0.26620575910019545,-0.07418424373535244,-0.24403301360695961,-0.14951600893521966,0.1379392561384248,0.08210304785496159,0.16213605432307646,Utilities—Regulated Water,Utilities,YORW
2019Q3,2019,Q3,2019-11-07,2019-09-30,4483000.0,13680000.0,6715000.0,0.35,11094000.0,0.8109649122807018,360939000.0,131808000.0,9913000.0,16939000.0,229131000.0,1022000.0,49164000.0,566206456.4,666916456.4,10.163673011765395,0.5852175453096404,0.2790277581530397,0.7640810876426317,0.025510466179507623,10.163673011765395,0.034011592619567856,41.38936084795321,31.575198327013158,4.295691129521728,0.5014499219272809,2.5303326810176126,0.003970283232538569,0.03790114119006259,0.4397544128933231,0.01242038128326393,-238.8049162378743,0.8109649122807018,0.2499999999999998,0.4463048623848659,0.12147180521849676,0.2668587040125548,0.06652566814074216,0.2060801721818671,0.10553177477774119,0.2456903313022663,0.07723955229149362,0.15112374531117181,Utilities—Regulated Water,Utilities,YORW
2019Q2,2019,Q2,2019-08-02,2019-06-30,3717000.0,13048000.0,6074000.0,0.28,10402000.0,0.7972103004291845,351851000.0,129114000.0,9309000.0,10206000.0,222737000.0,981000.0,46931000.0,457852883.04,553942883.04,9.96584040206069,0.9121105232216343,0.2731042401471077,0.7442415229951825,0.0228830620678654,9.96584040206069,0.028788512477345603,35.08988987124464,30.794517288135598,3.546113380733306,0.6034436373419424,2.697247706422018,0.004898953535264823,0.03708387925570767,0.6767587693513619,0.010564130839474665,-259.5537885714286,0.7972103004291845,0.2727272727272728,0.3419324843983442,0.10361135277037514,0.26499467347120836,0.10377758913412563,0.321365090650551,0.14907302307983353,0.294925827605046,0.0948793645646848,0.1436267548603128,Utilities—Regulated Water,Utilities,YORW
2019Q1,2019,Q1,2019-05-07,2019-03-31,2813000.0,11831000.0,5286000.0,0.22,9424000.0,0.7965514326768659,346730000.0,127163000.0,8650000.0,10380000.0,219567000.0,1040000.0,45460000.0,439004240.64000005,533110240.64000005,9.825346911710415,0.8333333333333334,0.2714157990367144,0.7400580357493926,0.01912364333126125,9.825346911710415,0.022121214504218993,37.10626664187305,39.015663050124424,3.452295405424534,0.7959473871311766,2.314423076923077,0.005100178523870033,0.03412165085224815,0.6041425818882467,0.008112940905026966,189.55278093264252,0.7965514326768659,-0.21428571428571436,0.3376028617406455,0.1234430759502409,0.22769378530617665,-0.01792413505627345,-0.23497416372042426,-0.061101243339254,0.12093705725211182,0.03920680767338481,0.14214566741447293,Utilities—Regulated Water,Utilities,YORW
2018Q4,2018,Q4,2019-03-12,2018-12-31,3677000.0,12069000.0,5630000.0,0.28,9596000.0,0.795094871157511,345140000.0,126195000.0,9011000.0,10841000.0,218945000.0,876000.0,44890000.0,414931484.52000004,509287484.52000004,9.750553647863732,0.831196384097408,0.27339050819957117,0.7477158366020841,0.022904304098980338,9.750553647863732,0.029137446016086217,34.37993906040269,28.211278523252656,3.2880184200641867,0.5866195267881426,2.8230593607305936,0.005198448612534803,0.03496841861273686,0.667835070565446,0.010653647795097641,-183.92353037234045,0.795094871157511,-0.034482758620689495,0.39915081263983737,0.13594189687762756,0.2237743158122463,-0.07890190055672874,-0.03236842105263158,-0.1242806035153212,0.03599433931571682,0.029176632304150206,0.14617110000868788,Utilities—Regulated Water,Utilities,YORW
2018Q3,2018,Q3,2018-11-02,2018-09-30,3800000.0,12698000.0,6429000.0,0.29,10418000.0,0.8204441644353442,340350000.0,124272000.0,9047000.0,21138000.0,216078000.0,953000.0,43455000.0,391387968.22999996,482715968.22999996,9.62391444232261,0.42799697227741507,0.2683414132510651,0.7349201750997811,0.023960999117738323,9.62391444232261,0.030578086777391527,30.82280423925027,25.749208436184208,3.149446120043131,0.5642105263157895,2.3924449108079746,0.005477940493919511,0.03730865285735273,0.33385372315261613,0.011164977229322757,214.93024065348706,0.8204441644353442,0.11538461538461527,0.4988933082584569,0.1635794784991419,0.2208283182866715,0.1009193701785903,0.14977307110438728,0.20891312523505076,0.07305488884936827,0.02050902679037278,0.15389853132513626,Utilities—Regulated Water,Utilities,YORW
2018Q2,2018,Q2,2018-08-02,2018-06-30,3305000.0,12026000.0,5318000.0,0.26,9463000.0,0.7868784300681856,336790000.0,122211000.0,9021000.0,18891000.0,214579000.0,876000.0,41807000.0,410082846.6,502117846.6,9.476889443734173,0.4775289820549468,0.27327711630392826,0.7530991481945161,0.022947055931261152,9.476889443734173,0.02704339216600797,34.09968789289872,31.01988249621785,3.355531389154822,0.6478063540090772,2.925799086757991,0.005220896259746164,0.03570771103655097,0.3819279021756392,0.009813236735057454,-842.0592332648871,0.7868784300681856,0.3,0.41332880180062487,0.12175207799979634,0.21991469999793453,0.018622174381054898,0.27409406322282187,0.03463035019455253,0.12694738084825485,0.008358116272992652,0.135657082044884,Utilities—Regulated Water,Utilities,YORW
2018Q1,2018,Q1,2018-05-08,2018-03-31,2594000.0,11644000.0,5140000.0,0.2,9290000.0,0.797835795259361,333102000.0,120448000.0,8354000.0,20831000.0,212654000.0,868000.0,40652000.0,399171934.0,489206934.0,9.354084498335496,0.40103691613460707,0.2702985872195304,0.7475176009564294,0.018281368382325695,9.354084498335496,0.02153626461211477,34.28134094812779,38.47069525828836,3.3140602915781088,0.825366229760987,2.7119815668202767,0.005363603544331351,0.03495625964419307,0.3134271038356296,0.007787404458694334,165.49416832504147,0.797835795259361,-0.25925925925925924,0.21846452790927443,0.16190216035970112,0.20114464628701764,-0.08128955696202532,-0.2645307626878367,-0.13468013468013468,0.022908428181923422,0.035569336631918094,0.1354478143881249,Utilities—Regulated Water,Utilities,YORW
2017Q4,2017,Q4,2018-03-06,2017-12-31,3527000.0,12353000.0,5940000.0,0.27,10112000.0,0.8185865781591516,332030000.0,119405000.0,8611000.0,9145000.0,212625000.0,906000.0,40204000.0,436513824.59999996,527653824.59999996,9.273084314590113,0.9416074357572444,0.2744992922326296,0.7633013692893933,0.021468075227628305,9.273084314590113,0.029538126544114567,35.33666515016595,30.940872171817407,3.6557415903856625,0.5843493053586617,2.4735099337748343,0.004721499947655953,0.03720446947564979,0.7663203936577365,0.010622534108363703,605.4283281553397,0.8185865781591516,-0.12903225806451607,0.47778067916934236,0.19330386794365256,0.2018129997609918,-0.021103581800580834,-0.1027728313406258,-0.03367496339677892,-0.009855356888223905,0.07091800990309463,0.13838281951652545,Utilities—Regulated Water,Utilities,YORW
2017Q3,2017,Q3,2017-11-02,2017-09-30,3931000.0,12692000.0,6147000.0,0.31,10330000.0,0.8138985187519697,334779000.0,117573000.0,8594000.0,10078000.0,217206000.0,881000.0,38820000.0,435517876.5,525489876.5,9.151690240664553,0.8527485612224648,0.2687564034781154,0.7652607316305614,0.02310497156422749,9.151690240664553,0.033434547047366314,34.31436152694611,27.69765177435767,3.704233765405322,0.5217501907911473,2.6810442678774122,0.004709335966832581,0.037911577488432664,0.6751339551498313,0.011742074622362812,-612.542723628692,0.8138985187519697,0.3478260869565217,0.425813701016732,0.15244521006685147,0.1929979916052207,0.03382706164931946,0.3393526405451448,0.11177428106348346,0.28020332061886377,0.05030908885723612,0.14071934667630767,Utilities—Regulated Water,Utilities,YORW
2017Q2,2017,Q2,2017-08-03,2017-06-30,2935000.0,12254000.0,5529000.0,0.23,9992000.0,0.8154072139709483,329256000.0,115250000.0,8400000.0,9799000.0,214006000.0,775000.0,36948000.0,447472884.8,535680884.8,8.975879067611384,0.857230329625472,0.26790703889982265,0.7653796095444686,0.01852688900145942,8.975879067611384,0.025466377440347073,36.5164750122409,38.11523720613288,3.882628067678959,0.7022146507666098,2.918709677419355,0.0046058656736735525,0.037217241295526886,0.6866006735381162,0.008914036494399495,-149.10792562479173,0.8154072139709483,0.15,0.33083490673019816,0.18299056473944594,0.18645768976569946,0.07858376511226252,0.1371561410306083,0.13835701050030882,0.06915747639114023,0.04579257490867493,0.13933584646833178,Utilities—Regulated Water,Utilities,YORW
2017Q1,2017,Q1,2017-05-02,2017-03-31,2581000.0,11290000.0,4857000.0,0.2,9264000.0,0.8205491585473871,321679000.0,114281000.0,9004000.0,8118000.0,207398000.0,882000.0,36069000.0,450445250.24999994,534683250.24999994,8.89242154907149,1.109140182310914,0.263237575346852,0.7409630647264199,0.017808801368500094,8.89242154907149,0.022584681618116748,39.897719242692645,43.63088437136768,3.9415585289768202,0.7965904688105385,2.2970521541950113,0.004564372693149516,0.035097099903941505,0.8770633160877064,0.008023526559085298,-228.4205122971602,0.8205491585473871,-0.13043478260869565,0.3245743131681694,0.16312460039042834,0.18502421614005013,-0.06168337891218475,-0.12270564242012237,-0.12722371967654986,0.23595979576135673,0.07964863939498668,0.11112317663878898,Utilities—Regulated Water,Utilities,YORW
2016Q4,2016,Q4,2017-03-07,2016-12-31,2942000.0,11885000.0,5565000.0,0.23,9873000.0,0.8307109802271772,320494000.0,114061000.0,12620000.0,8184000.0,206433000.0,746000.0,35548000.0,490927491.00000006,571371491.0,8.87530293144655,1.5420332355816226,0.2641328698821195,0.7421730477551486,0.019710747282057118,8.87530293144655,0.02579321591078458,41.30647799747582,41.71715593133923,4.304078440483601,0.6784500339904826,2.6970509383378016,0.004065773533957583,0.03708337753592891,1.370478983382209,0.009179579024880341,1040.100616525424,0.8307109802271772,-0.14814814814814817,0.3804050321263969,0.17438212113031915,0.19266277005528668,-0.05998286203941731,-0.17614113693643238,-0.1323666978484565,0.1273855131764556,0.1265303561297934,0.11392318475546906,Utilities—Regulated Water,Utilities,YORW
2016Q3,2016,Q3,2016-11-03,2016-09-30,3571000.0,12601000.0,6414000.0,0.27,10503000.0,0.8335052773589398,318145000.0,113619000.0,14841000.0,6204000.0,204526000.0,779000.0,34663000.0,381674756.78000003,460113756.78000003,8.829348758693142,2.392166344294004,0.26603592701441164,0.744928225032785,0.02334386815976972,8.829348758693142,0.03142960244325333,30.28924345528133,26.72043942733128,3.359251153240215,0.5581069728367404,2.693196405648267,0.005221723377291045,0.03960772603686998,2.103159252095422,0.011224441685395024,154.71210246453182,0.8335052773589398,0.1739130434782609,0.4964397856263376,0.1944391562549076,0.19170967909851533,0.07261029411764706,0.25430277485072006,0.12625109745390695,0.4134362256277504,0.15868393505334866,0.12003479054625249,Utilities—Regulated Water,Utilities,YORW
2016Q2,2016,Q2,2016-08-03,2016-06-30,2847000.0,11820000.0,5695000.0,0.23,9792000.0,0.8284263959390863,314039000.0,111977000.0,13013000.0,6014000.0,202062000.0,765000.0,33092000.0,411710283.36,491314283.36,8.714242089656217,2.1637845028267377,0.26943468804829973,0.7556283879725301,0.019060438060801703,8.714242089656217,0.02542486403457853,34.83166525888325,36.15299291886196,3.676739717620583,0.6979276431331226,2.6509803921568627,0.004826209303746161,0.03763863723932378,1.8751247090123047,0.009065752979725448,226.2144414065934,0.8284263959390863,0.21052631578947373,0.14662512712968526,0.11952537468590212,0.18731305797414974,0.04336707511987214,0.14521319388576026,0.09225163022631377,0.2218122893794682,0.10646692444434785,0.12174274983665495,Utilities—Regulated Water,Utilities,YORW
2016Q1,2016,Q1,2016-05-03,2016-03-31,2486000.0,11278000.0,5214000.0,0.19,9385000.0,0.832151090618904,311218000.0,110294000.0,11559000.0,6543000.0,200924000.0,752000.0,32244000.0,391300155.12,472670155.12,8.602533977957908,1.7666208161393857,0.2717934052657623,0.7669229513844815,0.01750787180998472,8.602533977957908,0.0225397573757412,34.69588181592481,39.35037762670957,3.5477918573993144,0.7964601769911505,2.5172872340425534,0.005060054216929185,0.03623826385363314,1.4884609506342656,0.007987969847502394,279.8999678969957,0.832151090618904,-0.29629629629629634,0.15084866016953496,0.15786449004459252,0.18570785461462314,-0.03237447159500979,-0.29294653014789535,-0.0506190823015295,0.1727808249633264,0.13024414587935146,0.10463911609575244,Utilities—Regulated Water,Utilities,YORW
2015Q4,2015,Q4,2016-03-08,2015-12-31,3516000.0,11617000.0,5492000.0,0.27,9699000.0,0.8348971335112335,313491000.0,109070000.0,11792000.0,6197000.0,204421000.0,771000.0,31753000.0,319758383.64000005,404184383.64000005,8.507066395052034,1.9028562207519768,0.2784928434947096,0.8004492527734482,0.022953226102662577,8.507066395052034,0.03223617860089851,27.525039480072312,22.73594877986348,2.9316804221142387,0.5466439135381115,2.4876783398184177,0.00601078845258326,0.03705688520563589,1.626109407777957,0.011215632984678986,97.995214109715,0.8348971335112335,-0.03571428571428574,0.67706306354213,0.17934023335354277,0.18349656632683722,-0.059080325960419094,-0.0011363636363636363,-0.13552652290256573,0.4795382745613112,0.12705577811876423,0.10253532013262256,Utilities—Regulated Water,Utilities,YORW
2015Q3,2015,Q3,2015-11-06,2015-09-30,3520000.0,12368000.0,6353000.0,0.28,10308000.0,0.8334411384217335,310209000.0,107050000.0,10159000.0,6260000.0,203159000.0,792000.0,30227000.0,269795840.94,355959840.94,8.340347249831849,1.6228434504792333,0.28146185313772326,0.8156188696870621,0.0234521474260756,8.340347249831849,0.03288183092013078,21.814023361901683,19.161636430397724,2.5202787570294256,0.546875,2.601010101010101,0.007135024740533719,0.039869894168125364,1.3186900958466454,0.011347188508392728,217.05216487530168,0.8334411384217335,0.2727272727272728,0.2991590590256495,0.1621953472756868,0.16645139270266554,0.05506653019447288,0.20341880341880342,0.11809222104892643,0.27792731280978417,0.1240702384388449,0.08723276866689461,Utilities—Regulated Water,Utilities,YORW
2015Q2,2015,Q2,2015-08-06,2015-06-30,2925000.0,11895000.0,5682000.0,0.22,9770000.0,0.8213535098781001,307072000.0,107330000.0,10093000.0,6834000.0,199742000.0,788000.0,28617000.0,268297627.78,352131627.78,8.344851270305927,1.4768803043605503,0.27636189558149227,0.7906736234044536,0.020228021886990244,8.344851270305927,0.027252399142830522,22.555496240437158,22.931421177777775,2.4997449713966273,0.657094017094017,2.696700507614213,0.007163686149234279,0.03873684347644852,1.1934445419959028,0.009525453313880784,158.1943560023585,0.8213535098781001,0.09999999999999995,0.22380723921041393,0.19672311784476706,0.18263704738592723,0.05667315595933377,0.15704113924050633,0.10673938449552006,0.32404687637237406,0.14638175068912582,0.10304660802880977,Utilities—Regulated Water,Utilities,YORW
2015Q1,2015,Q1,2015-05-05,2015-03-31,2528000.0,11209000.0,5134000.0,0.2,9246000.0,0.8248728700151664,304302000.0,105749000.0,9667000.0,6146000.0,198553000.0,807000.0,27616000.0,311667015.04,396073015.04,8.23823374337663,1.572892938496583,0.2789137107215858,0.8025986061333913,0.018088727613723075,8.23823374337663,0.023905663410528705,27.805068698367386,30.821500696202534,2.947233685803176,0.7567246835443038,2.4324659231722427,0.006137961053576624,0.03683511774487187,1.2541490400260331,0.008307536591938272,998.9327405128206,0.8248728700151664,-0.28571428571428575,0.3462486713431879,0.21753908995123178,0.1801960104319573,-0.027658008202755286,-0.2880878625739228,-0.053989312695780355,0.29890450817408454,0.1561415219947734,0.09784566894973214,Utilities—Regulated Water,Utilities,YORW
2014Q4,2014,Q4,2015-03-10,2014-12-31,3551000.0,11499000.0,5427000.0,0.28,9509000.0,0.8269414731715802,304339000.0,104563000.0,11233000.0,5930000.0,199776000.0,771000.0,27007000.0,297932101.28000003,381329101.28000003,8.145840007079885,1.8942664418212478,0.2789159457052826,0.8118072358291174,0.028997521852721538,8.145840007079885,0.03396038751757314,25.909392232368035,20.975225378766545,2.8493071285253864,0.5212616164460715,2.5810635538262,0.006212824976051872,0.03778352429363309,1.4861720067453625,0.011667909797955569,-3009.4151644444446,0.8269414731715802,0.21739130434782614,0.729292862699975,0.2097259336358686,0.17808946359312597,-0.050144840675257214,0.15856443719412724,-0.10915955351280368,0.6681164611461015,0.1375805267506245,0.09463757826772273,Utilities—Regulated Water,Utilities,YORW
2014Q3,2014,Q3,2014-11-05,2014-09-30,3065000.0,12062000.0,6092000.0,0.23,10011000.0,0.829961863704195,284770000.0,102881000.0,11734000.0,11603000.0,181889000.0,794000.0,25372000.0,256473600.0,338137600.0,8.022736063282927,1.0112901835732138,0.29812129086631317,0.8251863803812172,0.019927252855882448,8.022736063282927,0.029791701091552377,21.262941469076438,20.919543230016313,2.492915115521816,0.5980424143556281,2.5831234256926954,0.007146934421320557,0.042356989851459075,0.8411617685081444,0.010763071952804017,108.35386565272496,0.829961863704195,0.0454545454545455,0.30945277782163483,0.1051674966536267,0.08756666524985662,0.029938271604938272,0.11171563293434893,0.0503448275862069,0.28887112310262175,0.14732897959282926,0.08284002373942947,Utilities—Regulated Water,Utilities,YORW
2014Q2,2014,Q2,2014-08-06,2014-06-30,2757000.0,11768000.0,5800000.0,0.22,9720000.0,0.8259687287559483,279934000.0,101592000.0,10228000.0,8772000.0,178342000.0,797000.0,24140000.0,268481894.88,351305894.88,7.878167877746021,1.1659826721386228,0.3033107803982367,0.835764627135995,0.01912153039934938,7.878167877746021,0.027137963619182612,22.81457298436438,24.345474689880305,2.6427464257028115,0.6750090678273486,2.5696361355081554,0.006931566096223315,0.04203848049897476,0.9627222982216143,0.009848750062514736,129.0158072465161,0.8259687287559483,0.375,0.27529453669017545,0.13065923062149112,0.2644362486148525,0.11826967326277037,0.30601610611084795,0.21899957965531736,0.10645990686100479,0.11066747163589395,0.07339817943127187,Utilities—Regulated Water,Utilities,YORW
2014Q1,2014,Q1,2014-05-07,2014-03-31,2111000.0,10571000.0,4758000.0,0.16,8692000.0,0.8222495506574591,281414000.0,103972000.0,13433000.0,8146000.0,177442000.0,747000.0,23217000.0,265026151.2,344204151.2,8.003092488783802,1.6490301988706113,0.3017511566588727,0.816729504097257,0.01573685023852916,8.003092488783802,0.020303543261647367,25.071057723961783,31.38632771198484,2.549014650098103,0.8796778777830412,2.5153949129852746,0.007006855706849204,0.0375638738655504,1.417137245273754,0.007501403625974543,-2912.375287912088,0.8222495506574591,-0.20000000000000004,0.23459949964714968,0.054819394595111426,0.2952222876002133,-0.013057794935846486,-0.19977255496588325,-0.10563909774436091,-0.035566574076974194,0.07104728862195327,0.10308539896181246,Utilities—Regulated Water,Utilities,YORW
2013Q4,2013,Q4,2014-03-11,2013-12-31,2638000.0,10665000.0,5320000.0,0.2,8807000.0,0.8257852789498359,282529000.0,103511000.0,15232000.0,7843000.0,179018000.0,722000.0,22966000.0,271911634.54,349274634.54,7.967607688670989,1.9421139869947723,0.3005992305214686,0.8204731864246312,0.017774672586069237,7.967607688670989,0.0254852141318314,25.495699441162685,25.768729581122063,2.6268863651206154,0.680439727065959,2.5734072022160666,0.006601409325631278,0.03774833733882185,1.736962896850695,0.009337094599138495,179.59817340819023,0.8257852789498359,0.05263157894736847,0.1753626887546666,0.04866161656831066,0.2989796406208045,-0.015317531305903399,0.04063116370808678,-0.008757220048444196,0.241773098946383,0.06849603227051695,0.10844748394887146,Utilities—Regulated Water,Utilities,YORW
2013Q3,2013,Q3,2013-11-08,2013-09-30,2535000.0,10912000.0,5367000.0,0.19,8944000.0,0.8196480938416423,286976000.0,101785000.0,14290000.0,6850000.0,185191000.0,790000.0,22183000.0,259139725.65,337288725.65,7.883102233268109,2.086131386861314,0.29599687778768957,0.8345434003045635,0.018129247640470292,7.883102233268109,0.024905437932897775,23.748142013379766,25.55618596153846,2.5459520130667586,0.7041420118343196,2.491139240506329,0.006888175850007889,0.03802408563782337,1.849051094890511,0.008833491302408564,69.94324578947369,0.8196480938416423,0.05555555555555561,0.27526328205842165,0.11505792152219634,0.30020614615228375,0.0029154518950437317,0.08240819812126388,0.01245048104131296,-0.06993448299521239,0.01929508443929225,0.1025027260104147,Utilities—Regulated Water,Utilities,YORW
2013Q2,2013,Q2,2013-08-08,2013-06-30,2342000.0,10737000.0,5301000.0,0.18,8918000.0,0.8305858247182639,283725000.0,100332000.0,12161000.0,6089000.0,183393000.0,878000.0,21435000.0,246939752.08,327716752.08000004,7.768485324219979,1.997208080144523,0.2994343113930743,0.8467587609137663,0.017462372908055798,7.768485324219979,0.02334250289040386,22.998952415013505,26.3599222971819,2.4612262496511583,0.7638770281810419,2.071753986332574,0.007244682093227441,0.03784298176050754,1.7217933979306947,0.0082544717596264,141.26988105263158,0.8305858247182639,0.058823529411764594,0.3948915069743227,0.23636596402061408,0.3407658474929864,0.0662362505978001,0.0949041608228144,0.11062225015713388,-0.02417161446493638,0.07575059808403671,0.10095413913346016,Utilities—Regulated Water,Utilities,YORW
2013Q1,2013,Q1,2013-05-08,2013-03-31,2139000.0,10069000.0,4773000.0,0.17,8364000.0,0.8306683881219585,283280000.0,100753000.0,11682000.0,5887000.0,182527000.0,755000.0,20875000.0,239344656.5,319754656.5,7.787642002360726,1.984372345846781,0.29992939847500705,0.8432900261034411,0.01607401810848028,7.787642002360726,0.021230137067878872,23.770449548117988,27.973896271622255,2.3755586086766645,0.8354371201496026,2.2582781456953644,0.007466220579693619,0.03554433775769557,1.7334805503652115,0.007550833097994917,150.43661627906977,0.8306683881219585,-0.1052631578947368,0.503024560563791,0.1367903580319209,0.2718167251902066,1.630188679245283,-0.10800667222685571,-0.10163749294184077,0.13018399863356525,0.08515690108872351,0.11564496810348415,Utilities—Regulated Water,Utilities,YORW
2012Q4,2012,Q4,2013-03-12,2012-12-31,2398000.0,10401000.0,5313000.0,0.19,3180000.0,0.30573983270839344,282490000.0,99825000.0,11645000.0,5474000.0,182665000.0,728000.0,20526000.0,227312735.93,308275735.93,7.715912805431693,2.127329192546584,0.30080710821622003,0.8512396694214877,0.018185834872065418,7.715912805431693,0.024022038567493114,21.85489240746082,23.698158458090077,2.2771123058352116,0.6997497914929107,9.918956043956044,0.007381900504319886,0.036819002442564336,1.8947753014249178,0.008488796063577471,178.70498107704404,0.30573983270839344,-0.13636363636363635,0.21684512961615524,0.12914352908638332,0.25749880197544167,-0.7115646258503401,-0.13115942028985508,-0.08095485210171251,0.158663182236393,0.08565582009716698,0.11591138178282795,Utilities—Regulated Water,Utilities,YORW
2012Q3,2012,Q3,2012-11-07,2012-09-30,2760000.0,11025000.0,5781000.0,0.22,11025000.0,1.0,280720000.0,98659000.0,11573000.0,6468000.0,182061000.0,820000.0,19912000.0,237157042.84,318417042.84000003,7.671169863706671,1.789270253555968,0.3027393844400114,0.8614013926757822,0.019498002672957086,7.671169863706671,0.027975146717481424,21.51084288798186,21.48161619927536,2.403805459613416,0.6394927536231884,0.0,0.007442325890320583,0.03927400968937019,1.5349412492269636,0.009831860929039612,136.68993823631124,1.0,0.29411764705882343,0.43068064216570484,0.21270073769269868,0.34204031294860426,0.06501159196290572,0.25226860254083483,0.14429928741092637,0.17572568784088285,0.007221390054256,0.03990815121278198,Utilities—Regulated Water,Utilities,YORW
2012Q2,2012,Q2,2012-08-08,2012-06-30,2204000.0,10352000.0,5052000.0,0.17,10352000.0,1.0,276639000.0,97077000.0,10365000.0,5402000.0,179562000.0,775000.0,18872000.0,229563030.91,311660030.90999997,7.565275310730998,1.918733802295446,0.3072451823495603,0.8755523965511913,0.017029973761614366,7.565275310730998,0.022703627017728194,22.175717823608963,26.039363760208712,2.364752010362908,0.7758620689655172,0.0,0.007448934583331949,0.0374206095308326,1.6382821177341724,0.007967061766417606,-6558.943740285714,1.0,0.13333333333333347,0.14506122513939648,0.12198962461609135,0.26025322691021635,0.07063812183266108,0.1354971664090675,0.141179128077705,0.024537815778451426,-0.00046960357934705435,0.21421737668988158,Utilities—Regulated Water,Utilities,YORW
2012Q1,2012,Q1,2012-05-08,2012-03-31,1941000.0,9669000.0,4427000.0,0.15,9669000.0,1.0,274596000.0,96064000.0,11024000.0,5929000.0,178532000.0,728000.0,18383000.0,221469513.8,302385513.8,7.50399985751899,1.8593354697250801,0.3095675100875468,0.8848892405063291,0.015452855350957728,7.50399985751899,0.020205279813457693,22.905110538835455,28.525182096857293,2.3054371439873416,0.880473982483256,0.0,0.0077166377018523975,0.03521172923130708,1.623882610895598,0.00706856618450378,177.74439309791333,1.0,-0.11764705882352951,0.26350347367764887,0.13012241666380042,0.26262636170034165,-0.040868961412558275,-0.08572774375883184,-0.08683993399339934,0.1520043309470644,-0.020883640669468406,0.21444902395279358,Utilities—Regulated Water,Utilities,YORW
2011Q4,2011,Q4,2012-03-12,2011-12-31,2123000.0,10081000.0,4848000.0,0.17,10081000.0,1.0,274219000.0,95265000.0,11389000.0,5283000.0,178954000.0,692000.0,18152000.0,225822093.84,306833093.84000003,7.44158630107581,2.1557826992239257,0.31003322162213415,0.8924263895449536,0.017432068893593423,7.44158630107581,0.022285204429748597,22.40076320206329,26.59233323598681,2.3704623297118563,0.7885068299576071,0.0,0.00741291505863933,0.036762587566871736,1.9242854438765853,0.007741987243772314,20.57979530119384,1.0,-0.1052631578947368,0.12630722533009028,0.18179797962615102,0.25808247466972195,-0.03540331068797244,-0.10194585448392555,-0.08164425080507672,-0.040073864415754515,0.005932501114134042,0.21322101648713848,Utilities—Regulated Water,Utilities,YORW
2011Q3,2011,Q3,2011-11-07,2011-09-30,2364000.0,10451000.0,5279000.0,0.19,10451000.0,1.0,267541000.0,94449000.0,11443000.0,5375000.0,173092000.0,722000.0,17736000.0,206261264.7,287478264.7,7.408976291417067,2.1289302325581394,0.31799985796569497,0.9007824328473568,0.018706548111778697,7.408976291417067,0.025029380935743098,19.736031451535737,21.812739498730963,2.183837464663469,0.7047377326565144,0.0,0.00807713461091757,0.03906317162603115,1.8695813953488372,0.008836028870341368,101.6566114834894,1.0,0.0,0.0908358482779702,0.09410045872717762,0.4490463450115146,-9.567546880979717e-05,-0.03824247355573637,0.022665633475397132,0.20452779816988872,0.08167895665170097,0.22200578220883696,Utilities—Regulated Water,Utilities,YORW
2011Q2,2011,Q2,2011-08-08,2011-06-30,2458000.0,10452000.0,5162000.0,0.19,10452000.0,1.0,264762000.0,93364000.0,11444000.0,5803000.0,171398000.0,701000.0,17042000.0,210529554.45000002,292473554.45000005,7.339464542338036,1.972083405135275,0.3213754239656748,0.9113576967567799,0.0189654441850966,7.339464542338036,0.026327063964697313,20.142513820321472,21.412688613710333,2.2549328911571913,0.6769731489015459,0.0,0.007903878409599703,0.03947696421691935,1.7168705841805962,0.009283809610140428,119.6190650284091,1.0,0.11764705882352934,0.38018971700770476,0.22631121448621938,0.48528683234984243,0.08367029548989113,0.14913510986442263,0.12559965111208024,0.4863581350590051,0.22194465318070197,0.26672098698218877,Utilities—Regulated Water,Utilities,YORW
2011Q1,2011,Q1,2011-05-06,2011-03-31,2139000.0,9645000.0,4586000.0,0.17,9645000.0,1.0,261740000.0,92109000.0,10118000.0,5439000.0,169631000.0,627000.0,16252000.0,221030465.64000002,303489465.64,7.25518848886591,1.860268431697003,0.32537250706808285,0.9245893452322792,0.016753136105462547,7.25518848886591,0.023222486401980262,22.916585343701403,25.833387755960732,2.399661983519526,0.777466105656849,0.0,0.007523849688253319,0.03684954535034767,1.6254826254826256,0.008172231985940246,81.50090915929204,1.0,0.06250000000000006,0.4040293448285309,0.20511688594219865,0.4922079874422053,-0.011174902604059872,0.030346820809248554,-0.053066281230642165,0.5316682767119636,0.10967272794434475,0.18486058575240033,Utilities—Regulated Water,Utilities,YORW
2010Q4,2010,Q4,2011-03-08,2010-12-31,2076000.0,9754000.0,4843000.0,0.16,9754000.0,1.0,259931000.0,91257000.0,8793000.0,5331000.0,168674000.0,608000.0,15776000.0,219506993.16,303352993.15999997,7.188078645175133,1.6494091164884637,0.32767542155418167,0.9333311417206351,0.016682130801091277,7.188078645175133,0.022748939807357243,22.50430522452327,26.43388645953757,2.4053715677701435,0.7827552986512524,0.0,0.007402953211679809,0.037525343264173956,1.4293753517163759,0.007986734941195932,-323.756627079646,1.0,-0.23809523809523805,0.2345206520663758,0.20865754058156286,0.4958827236931201,-0.0698960617907886,-0.22247191011235956,-0.1357958600999286,0.07352489159117052,0.07908447688879848,0.1714751725097116,Utilities—Regulated Water,Utilities,YORW
2010Q3,2010,Q3,2010-11-05,2010-09-30,2670000.0,10487000.0,5604000.0,0.21,10487000.0,1.0,256022000.0,90438000.0,8200000.0,10120000.0,165584000.0,648000.0,15361000.0,202752858.14000002,283482858.14,7.150188427918356,0.8102766798418972,0.31727742147159227,0.8981843915168403,0.02022756225184003,7.150188427918356,0.029522988124460955,19.333733016115193,18.984350013108614,2.2418989599504635,0.6048689138576779,0.0,0.007965362435901393,0.04096132363625001,0.7230237154150198,0.01042879127574974,96.77940722673031,1.0,0.16666666666666666,0.2665695682705507,0.19763873193085546,0.49213671483535454,0.07581042265080017,0.13907849829351535,0.110802775024777,0.40729948025224755,0.1729188303572142,0.2508967062304596,Utilities—Regulated Water,Utilities,YORW
2010Q2,2010,Q2,2010-08-06,2010-06-30,2344000.0,9748000.0,5045000.0,0.18,9748000.0,1.0,252181000.0,89005000.0,7202000.0,9118000.0,163176000.0,660000.0,14310000.0,179116513.79999998,260568513.79999998,7.0561388963344145,0.7898661987277912,0.32497293610541633,0.9207572608280433,0.01831407148323674,7.0561388963344145,0.026335599123644738,18.374693660237995,19.103723741467576,2.012432040896579,0.6710750853242321,0.0,0.008781993165389534,0.038654775736474994,0.7021276595744681,0.009294911194737113,-1035.3555710982657,1.0,0.2,0.3273403238187154,0.21876287967943822,0.5281846118924892,0.08118899733806566,0.27460576400217507,0.18011695906432748,0.23885093160514487,0.07479199736598806,0.175439286527815,Utilities—Regulated Water,Utilities,YORW
2010Q1,2010,Q1,2010-05-07,2010-03-31,1839000.0,9016000.0,4275000.0,0.15,9016000.0,1.0,249171000.0,87751000.0,7192000.0,15694000.0,161420000.0,686000.0,13582000.0,172852157.5,253125157.5,6.980394502741454,0.4582643048298713,0.32416693756496545,0.9204795386947158,0.015524285219095768,6.980394502741454,0.020957026130756343,19.171712233806566,23.498118202827623,1.9698027088010392,0.8950516585100599,0.0,0.009522588689701487,0.03618398609790064,0.3751115075825156,0.007380473650625474,58.19937962962963,1.0,-0.06250000000000006,0.21906921033542284,0.179331061139834,0.4760356401097713,-0.03147491674723386,-0.08552958727001492,-0.01791867677463818,0.21906924997450497,0.07313306129204647,0.17452429125491936,Utilities—Regulated Water,Utilities,YORW
2009Q4,2009,Q4,2010-03-11,2009-12-31,2011000.0,9309000.0,4353000.0,0.16,9309000.0,1.0,248837000.0,86922000.0,7146000.0,14605000.0,161915000.0,716000.0,13353000.0,182406167.66,264474167.66,6.9144494190071075,0.48928449161246146,0.3318156062000426,0.9499091139182255,0.016532770337826765,6.9144494190071075,0.023135684866892155,19.594603895155227,22.67605266782695,2.098504034191574,0.7717553455992043,0.0,0.008508484224573397,0.03741003146638161,0.4032180760013694,0.00808159558265049,2026.7351962222222,1.0,-0.11111111111111106,0.1430568565401784,0.2498886681819636,0.47557843018999035,-0.045230769230769234,-0.03825920612147298,-0.09987593052109181,0.08646237049026718,0.11131813479052562,0.16896415415964472,Utilities—Regulated Water,Utilities,YORW
2009Q3,2009,Q3,2009-11-09,2009-09-30,2091000.0,9750000.0,4836000.0,0.18,9750000.0,1.0,249890000.0,84507000.0,7736000.0,16166000.0,165383000.0,780000.0,12960000.0,158777623.62,242070623.62,7.376776357373726,0.47853519732772487,0.3335427588138781,0.9862969931484966,0.01758393609333394,7.376776357373726,0.024743512371756187,16.284884473846155,18.983455717360112,1.8788694856047428,0.6886657101865137,0.0,0.009069288021631622,0.03901716755372364,0.35599406161078806,0.008367681779983193,80.63871184357542,1.0,0.058823529411764594,0.5210613579642094,0.5777415135929408,0.5999219766169419,0.05863192182410423,0.0930475692629378,0.14380321665089876,0.07369036035764363,0.13583974074920127,0.44274868729203065,Utilities—Regulated Water,Utilities,YORW
2009Q2,2009,Q2,2009-08-07,2009-06-30,1913000.0,9210000.0,4228000.0,0.17,9210000.0,1.0,247665000.0,71097000.0,7972000.0,20296000.0,176568000.0,723000.0,12430000.0,175044448.54,271039448.53999996,6.230577371042858,0.39278675601103663,0.3896190418508873,1.3572302628802904,0.015648845237699438,6.230577371042858,0.026906901838333545,19.005911893593918,22.875646698902248,2.462051120863046,0.7449032932566649,0.0,0.008140789450254222,0.0371873296590152,0.3233149389042176,0.0077241435002927345,-201.43204665132336,1.0,0.30769230769230776,0.5716768386900913,0.44480292095784224,0.5220607038674342,0.04969227262366081,0.27788911155644624,0.06471921430370184,0.197468147000983,0.2046281842881042,0.2608814272163333,Utilities—Regulated Water,Utilities,YORW
2009Q1,2009,Q1,2009-05-08,2009-03-31,1497000.0,8774000.0,3971000.0,0.13,8774000.0,1.0,245412000.0,70280000.0,7344000.0,9200000.0,175132000.0,750000.0,11955000.0,140584259.16,234628259.16,6.178933581827042,0.7982608695652174,0.38524603523870066,1.3452475811041549,0.014678986849301854,6.178933581827042,0.021300512236767218,16.022824157738775,23.47766519038076,2.0003451787137165,0.9565798263193053,0.0,0.010186062142065494,0.035752122960572424,0.6903260869565218,0.006099946212899125,-878.65161975,1.0,-0.23529411764705885,-0.21031329778072705,0.3610523745539114,0.4641131396014634,0.0,-0.2381679389312977,-0.08290993071593533,0.0967871212619502,0.2236570352940546,0.2708496903735778,Utilities—Regulated Water,Utilities,YORW
2008Q4,2008,Q4,2009-03-11,2008-12-31,1965000.0,8904000.0,4330000.0,0.17,0.0,0.0,240442000.0,69766000.0,7347000.0,14196000.0,170676000.0,741000.0,11891000.0,137626985.1,229979985.1,6.133743316302581,0.5175401521555367,0.38409678841466965,1.3237536909096121,0.016661188621292004,6.133743316302581,0.0281655820886965,15.456759332884097,17.509794541984732,1.9726942221139236,0.7002544529262087,0.0,0.009998039258072798,0.0370317997687592,0.41772330233868693,0.008172449072957303,-24.51495993943712,0.0,0.13333333333333347,0.42545606144592646,0.3985614269893043,0.48615716732269104,-1.0,0.12931034482758622,0.07577639751552795,0.30427360890112004,0.23151812375037514,0.27646915279425477,Utilities—Regulated Water,Utilities,YORW
2008Q3,2008,Q3,2008-11-07,2008-09-30,1740000.0,8566000.0,4025000.0,0.15,8566000.0,1.0,226802000.0,68524000.0,6920000.0,20817000.0,158278000.0,706000.0,11355000.0,139919552.32000002,224619552.32000002,6.062963366691252,0.33242061776432724,0.37345349688274354,1.2360632770999942,0.016872495939470693,6.062963366691252,0.025392563189539433,16.33429282278777,20.10338395402299,2.0419057895044075,0.7839080459770115,0.0,0.009748458863565351,0.037768626378956095,0.26511985396550897,0.007671890018606538,-35.53061257491113,1.0,0.15384615384615377,-0.03778634671299479,0.22328847134848348,0.4665988175436937,0.0,0.14473684210526316,0.18486900206064175,-0.07627491757257787,0.09478373170494356,0.2652492072541905,Utilities—Regulated Water,Utilities,YORW
2008Q2,2008,Q2,2008-08-08,2008-06-30,1520000.0,7862000.0,3397000.0,0.13,0.0,0.0,218691000.0,67746000.0,6858000.0,15933000.0,150945000.0,805000.0,10983000.0,170356927.56,249678927.56,5.794065636998273,0.4304274147994728,0.36271268593586387,1.170873557110383,0.014971940804198723,5.794065636998273,0.02243674903315325,21.668395772068177,28.01923150657895,2.514641861659729,0.8973684210526316,0.0,0.008006718714268881,0.03595026772935329,0.31820749388062514,0.006950446063166751,-72.24636452926208,0.0,0.18181818181818185,0.2187499834094106,0.31082672423854096,0.5102190964798002,0.0,0.2603648424543947,0.13536096256684493,-0.07142859586466115,0.06043431709668017,0.25485085779073546,Utilities—Regulated Water,Utilities,YORW
2008Q1,2008,Q1,2008-05-09,2008-03-31,1206000.0,7506000.0,2992000.0,0.11,0.0,0.0,213173000.0,67133000.0,6395000.0,11424000.0,146040000.0,794000.0,10829000.0,164564176.35999998,239813176.35999998,6.123242325812349,0.5597864145658263,0.35299498529363477,1.1208943440632775,0.013661861994503149,6.123242325812349,0.01796433944557818,21.924350700772713,34.11363523217247,2.451315692133526,1.1243781094527363,0.0,0.00823994644517054,0.03521083814554376,0.42970938375350143,0.005657376872305592,-130.60648917460315,0.0,-0.26666666666666666,0.3750000456053082,0.3625980777113625,0.5529278057608245,0.0,-0.2778443113772455,-0.13400868306801736,-0.08333333273599823,0.12576538903775847,0.294786978354601,Utilities—Regulated Water,Utilities,YORW
2007Q4,2007,Q4,2008-03-11,2007-12-31,1670000.0,7806000.0,3455000.0,0.15,0.0,0.0,210969000.0,67272000.0,6812000.0,21360000.0,143697000.0,802000.0,10986000.0,169936358.0,243441358.0,6.135920601523071,0.31891385767790265,0.348416118007859,1.0926537043643716,0.015935359024024088,6.135920601523071,0.024824592698299442,21.769966436074814,25.439574550898204,2.5261083065762873,0.8005988023952095,0.0,0.007867651253300368,0.03700069678483569,0.24204119850187267,0.007915854936033256,-41.80476211562116,0.0,0.0,0.642067273052586,0.4281049244070088,0.5612575708253913,0.0,-0.04951622083096187,-0.1172713336739908,0.08840300432787947,0.20175059426075345,0.3094364482697979,Utilities—Regulated Water,Utilities,YORW
2007Q3,2007,Q3,2007-11-08,2007-09-30,1757000.0,8280000.0,3914000.0,0.15,0.0,0.0,206373000.0,66954000.0,7091000.0,13201000.0,139419000.0,770000.0,10677000.0,202289260.91,269629260.90999997,5.716050248037856,0.537156276039694,0.32630237482616425,1.0057651521940436,0.017768141195014693,5.716050248037856,0.026241897422110704,24.43107015821256,28.783332514228796,3.0213170372195832,0.7495731360273193,0.0,0.006510479073755394,0.04012152752540303,0.4192106658586471,0.008513710611368736,-116.45898728267127,0.0,0.0,0.25000008039322164,0.24548652238140203,0.4372638258735327,-1.0,0.057796508127633955,0.08631695809048015,0.25000007593135964,0.31040985716797537,0.23973317994668977,Utilities—Regulated Water,Utilities,YORW
2007Q2,2007,Q2,2007-08-09,2007-06-30,1661000.0,7962000.0,3603000.0,0.15,7962000.0,1.0,202513000.0,66473000.0,7032000.0,10181000.0,136040000.0,805000.0,10245000.0,196551660.75,261402660.75,6.002980313154134,0.6906983596896179,0.32023129379348486,0.9755991154303251,0.017656384897467993,6.002980313154134,0.024987588945887804,24.6862171250942,29.58333244280554,2.956864602921487,0.785671282360024,0.0,0.00663947582544148,0.039315994528746304,0.5294175424810922,0.008201942591339816,-193.6469564039409,1.0,0.25,0.5000000451535233,0.3579427418898243,0.5160058572364898,0.0,0.2526395173453997,0.1287593984962406,0.4062500066099971,0.28711033030171035,0.4664612758371734,Utilities—Regulated Water,Utilities,YORW
2007Q1,2007,Q1,2007-05-09,2007-03-31,1326000.0,7385000.0,3192000.0,0.12,0.0,0.0,197790000.0,65672000.0,6335000.0,7060000.0,132118000.0,814000.0,9908000.0,187850000.0,251738000.0,5.94316742081448,0.8973087818696884,0.3230092522372213,0.9728346936289438,0.015774491504060323,5.94316742081448,0.020191253502253623,25.436696005416383,35.41666666666667,2.86042757948593,0.9969834087481146,0.0,0.007037529944104339,0.037337580261893925,0.6539660056657224,0.006704080084938571,-144.83423284502697,0.0,-0.2,0.2857142465506193,0.3395823072615781,0.5422832794201502,-1.0,-0.18500307314074985,0.02176696542893726,-0.27999999999999997,0.17918964015014657,0.40824778198908745,Utilities—Regulated Water,Utilities,YORW
