Quarters,Year,Quarter,FillingDate,Date,NetIncome,Revenue,OperatingIncome,EPSDiluted,GrossProfit,GrossProfitRatio,TotalAssets,CommonStockEquity,CurrentAssets,CurrentLiability,TotalLiability,Inventory,RetainedEarnings,MarketCap,EnterpriseValue,bookValuePerShare,currentRatio,debtToAssets,debtToEquity,roic,shareholdersEquityPerShare,roe,priceToSalesRatio,peRatio,pbRatio,payoutRatio,inventoryTurnover,dividendYield,assetTurnover,quickRatio,returnOnAssets,priceToFreeCashFlowsRatio,grossProfitMargin,epsdilutedGrowth,fiveYNetIncomeGrowthPerShare,fiveYRevenueGrowthPerShare,fiveYShareholdersEquityGrowthPerShare,grossProfitGrowth,netIncomeGrowth,operatingIncomeGrowth,threeYNetIncomeGrowthPerShare,threeYRevenueGrowthPerShare,threeYShareholdersEquityGrowthPerShare,Industry,Sector,Symbol
2023Q1,2023,Q1,2023-05-02,2023-03-31,0.0,12941798000000.0,0.0,0.0,12941798000000.0,1.0,335216919000000.0,139839148000000.0,14811120000000.0,186557410000000.0,195377771000000.0,0.0,0.0,1167799653.34,175795410799653.34,2810434.815743563,0.07939175399143888,0.556527428736376,1.3340857168265927,,2810434.815743563,0.0,9.023473039372118e-05,0.0,8.351020941145894e-06,0.0,0.0,0.0,0.038607233902773264,0.07939175399143888,0.0,0.00017059875437745606,1.0,-1.0,0.0,0.0,0.0,299.2269678832388,-1.0,-1.0,0.0,0.0,0.0,,Industrials,OXSQZ
2022Q4,2022,Q4,2023-03-23,2022-12-31,8330720689.0,43106713868.0,33033323619.0,0.0002,43106713868.0,1.0,327994435000000.0,138671962000000.0,322858977000000.0,186324790000000.0,189322473000000.0,0.0,20687578000000.0,1181731647500000.0,1359037273500000.0,2.7869771487185293,1.7327752093535165,0.5680730223364918,1.3436370792821117,4.09414128922126e-05,2.7869771487185293,6.007501854628695e-05,27414.097282355153,35463.06771094771,8.521777801773656,0.0,0.0,0.0,0.0001314251379539412,1.7327752093535165,2.539896961666438e-05,79.7930020568582,1.0,-0.9999959620432062,0.0,0.0,0.0,2.781910392685398,2.379176375313297,2.820479761301289,0.0,0.0,0.0,,Industrials,OXSQZ
2022Q3,2022,Q3,2022-11-08,2022-09-30,2465311000.0,11398132000.0,8646381000.0,49.53,11398132000.0,1.0,358030685000000.0,166547815000000.0,354985139000000.0,186086999000000.0,191482870000000.0,0.0,8599457846000.0,1201041309.886218,171720318041309.88,3346095.2394575924,1.9076299844031555,0.5197515374974075,1.1173187651846408,1.0880045134560154e-05,3346095.2394575924,1.4802421754977693e-05,0.10537176704798805,0.12179409716321979,7.211390373906845e-06,0.0,0.0,0.0,3.183562883723221e-05,1.9076299844031555,6.885753381724809e-06,0.00021594618933464216,1.0,0.9623613312202854,0.0,0.0,0.0,0.1467451598165752,0.9634900635246293,0.163480356537325,0.0,0.0,0.0,,Industrials,OXSQZ
2022Q2,2022,Q2,2022-07-28,2022-06-30,1255576000.0,9939551000.0,7431480000.0,25.24,9939551000.0,1.0,396707523000000.0,182792502000000.0,394219634000000.0,185849210000000.0,213915021000000.0,0.0,8593902000000.0,1261809931.0,162642811809931.0,3675233.220002292,2.1211800362239903,0.4684791672075248,1.0167222832805254,5.827351555541638e-06,3675233.220002292,6.868859424004164e-06,0.12694838338271014,0.2512412492354107,6.902963290036918e-06,0.0,0.0,0.0,2.505511094126642e-05,2.1211800362239903,3.1649916555779557e-06,9.551920433386402e-05,1.0,0.0,0.0,0.0,0.0,0.007468271931416084,0.07774023869363987,0.013051171388298932,0.0,0.0,0.0,,Industrials,OXSQZ
2022Q1,2022,Q1,2022-04-28,2022-03-31,1165008000.0,9865870000.0,7335740000.0,0.0,9865870000.0,1.0,425178035000000.0,231304127000000.0,423576230000000.0,185614005000000.0,193873908000000.0,0.0,4250374000000.0,0.0,170540144000000.0,0.0,2.2820273179278687,0.4365559594347342,0.8024673290848805,4.822751762049424e-06,0.0,5.036693530332037e-06,0.0,0.0,0.0,0.0,0.0,,2.3204091434309394e-05,2.2820273179278687,2.740047472113652e-06,0.0,1.0,0.0,0.0,0.0,0.0,-0.49497414331825507,-0.8952917659178566,-0.6519082920461974,0.0,0.0,0.0,,Industrials,OXSQZ
2021Q4,2021,Q4,2022-03-07,2021-12-31,11126231000.0,19535376000.0,21074159000.0,0.0,19535376000.0,1.0,433506494000000.0,244595125000000.0,12852668000000.0,63639864000000.0,188911369000000.0,0.0,0.0,0.0,54624164000000.0,0.0,0.20195938822245127,0.14680256208572506,0.2601845151247393,4.724819837097823e-05,0.0,4.548835959015945e-05,0.0,0.0,0.0,0.0,0.0,,4.506362942742906e-05,0.20195938822245127,2.566566165442495e-05,0.0,1.0,0.0,0.0,0.0,0.0,0.9938877061199795,0.0,0.0,0.0,0.0,0.0,,Industrials,OXSQZ
2021Q3,2021,Q3,2021-10-28,2021-09-30,0.0,9797631000.0,0.0,0.0,9797631000.0,1.0,444694585000000.0,249644716000000.0,22819490000000.0,63558021000000.0,195049869000000.0,0.0,0.0,0.0,44016935000000.0,0.0,0.35903399194886826,0.14292510667742897,0.25459389655177,,0.0,0.0,0.0,0.0,0.0,0.0,0.0,,2.2032269630627502e-05,0.35903399194886826,0.0,0.0,1.0,0.0,0.0,0.0,0.0,0.2493781565584112,0.0,0.0,0.0,0.0,0.0,,Industrials,OXSQZ
2021Q2,2021,Q2,2021-07-29,2021-06-30,0.0,7842006000.0,0.0,0.0,7842006000.0,1.0,472470501000000.0,243462936000000.0,67099894000000.0,63476178000000.0,229007565000000.0,0.0,0.0,0.0,-115914000000.0,0.0,1.0570878101702972,0.1343495051345015,0.2607221412954619,,0.0,0.0,0.0,0.0,0.0,0.0,0.0,,1.65978743295129e-05,1.0570878101702972,0.0,0.0,1.0,0.0,0.0,0.0,0.0,0.0,0.0,0.0,0.0,0.0,0.0,,Industrials,OXSQZ
