Quarters,Year,Quarter,FillingDate,Date,NetIncome,Revenue,OperatingIncome,EPSDiluted,GrossProfit,GrossProfitRatio,TotalAssets,CommonStockEquity,CurrentAssets,CurrentLiability,TotalLiability,Inventory,RetainedEarnings,MarketCap,EnterpriseValue,bookValuePerShare,currentRatio,debtToAssets,debtToEquity,roic,shareholdersEquityPerShare,roe,priceToSalesRatio,peRatio,pbRatio,payoutRatio,inventoryTurnover,dividendYield,assetTurnover,quickRatio,returnOnAssets,priceToFreeCashFlowsRatio,grossProfitMargin,epsdilutedGrowth,fiveYNetIncomeGrowthPerShare,fiveYRevenueGrowthPerShare,fiveYShareholdersEquityGrowthPerShare,grossProfitGrowth,netIncomeGrowth,operatingIncomeGrowth,threeYNetIncomeGrowthPerShare,threeYRevenueGrowthPerShare,threeYShareholdersEquityGrowthPerShare,Industry,Sector,Symbol
2023Q1,2023,Q1,2023-05-15,2023-03-31,763803.0,0.0,-253083.0,0.25,0.0,0.0,107022893.0,102225912.0,309532.0,1174481.0,4796981.0,0.0,-4487757.0,31996264.75,31940277.75,33.19535058166438,0.26354789902944364,0.001308131335975005,0.0013695157838259247,-0.002341613952271751,33.19535058166438,0.007471716173097091,0.0,10.472682337592286,0.31299563998998614,0.0,0.0,0.0,0.0,91.02688591812043,0.007136818848655119,-112.33381344090552,0.0,5.187604690117253,0.0,0.0,0.0,1.0,5.153563795944336,0.6670591361636743,0.0,0.0,0.0,Shell Companies,Financial Services,AOGOU
2022Q4,2022,Q4,2023-03-31,2022-12-31,-183891.0,0.0,-760144.0,-0.0597,-1462908.0,0.0,106076198.0,101462108.0,134534.0,991590.0,4614090.0,0.0,-4479864.0,31257178.75,31204189.75,32.94732401912633,0.13567502697687553,0.0,0.0,-0.07614929487315487,32.94732401912633,-0.0018124105996299624,0.0,-42.494166041296204,0.30806750782272335,0.0,0.0,0.0,0.0,106.8936284149699,-0.0017335745762682784,-179.32153859834315,0.0,-2.356818181818182,0.0,0.0,0.0,0.0,-1.4496618201558122,-4.585597766184143,0.0,0.0,0.0,Shell Companies,Financial Services,AOGOU
2022Q3,2022,Q3,2022-11-14,2022-09-30,408954.0,0.0,-136090.0,0.044,0.0,0.0,105550529.0,101645999.0,235149.0,282030.0,3904530.0,0.0,-3406809.0,0.0,-111529.0,0.0,0.8337730028720349,0.0,0.0,-0.004013230833672103,0.0,0.004023316254681111,0.0,0.0,0.0,0.0,0.0,,0.0,373.8145197319434,0.0038744855556337382,0.0,0.0,0.0,0.0,0.0,0.0,0.0,2.1867257484612908,0.7887463870028345,0.0,0.0,0.0,Shell Companies,Financial Services,AOGOU
2022Q2,2022,Q2,2022-08-09,2022-06-30,-344607.0,0.0,-644202.0,0.0,0.0,0.0,105519549.0,101509567.0,379188.0,387482.0,4009982.0,0.0,-3543241.0,0.0,-213493.0,0.0,0.9785951347417429,0.0,0.0,-0.004423365442769776,0.0,-0.0033948228741828837,0.0,0.0,0.0,0.0,0.0,,0.0,0.5509752711093676,-0.0032658119113075437,0.0,0.0,0.0,0.0,0.0,0.0,0.0,-0.39875470334906865,-4.2578904840802805,0.0,0.0,0.0,Shell Companies,Financial Services,AOGOU
2022Q1,2022,Q1,2022-05-16,2022-03-31,-246367.0,0.0,-122521.0,0.0,0.0,0.0,105823213.0,102003976.0,832636.0,196737.0,3819237.0,0.0,-3048832.0,0.0,-624866.0,0.0,4.23222881308549,0.0,0.0,-0.0016043955009146667,0.0,-0.0024152685969809646,0.0,0.0,0.0,0.0,0.0,,0.0,3.1761488687943804,-0.0023280997903550706,0.0,0.0,0.0,0.0,0.0,0.0,0.0,-0.7219310017053874,0.14367089049952123,0.0,0.0,0.0,Shell Companies,Financial Services,AOGOU
2021Q4,2021,Q4,2022-03-31,2021-12-31,-143076.0,0.0,-143077.0,0.0,0.0,0.0,996587.0,-2864080.0,105052500.0,238167.0,3860667.0,0.0,-2864388.0,0.0,-969787.0,0.0,441.08755621055815,0.0,0.0,0.04995530851093545,0.0,0.04995530851093545,0.0,0.0,0.0,0.0,0.0,,0.0,445.15943434648796,-0.14356599072634904,0.0,0.0,0.0,0.0,0.0,0.0,0.0,-32.944483985765125,-32.94472123368921,0.0,0.0,0.0,Shell Companies,Financial Services,AOGOU
2021Q3,2021,Q3,2021-09-30,2021-09-30,-4215.0,0.0,-4215.0,0.0,0.0,0.0,201935.0,20785.0,25902.0,181150.0,181150.0,0.0,-4215.0,0.0,-25902.0,0.0,0.14298647529671543,0.0,0.0,-0.2027904738994467,0.0,-0.2027904738994467,0.0,0.0,0.0,0.0,0.0,,0.0,0.14298647529671543,-0.020873053210191398,0.0,0.0,0.0,0.0,0.0,0.0,0.0,0.0,0.0,0.0,0.0,0.0,Shell Companies,Financial Services,AOGOU
2021Q2,2021,Q2,2021-06-30,2021-06-30,,,,,,,81314.0,20883.0,26000.0,60431.0,60431.0,0.0,-4117.0,0.0,-1000.0,0.0,0.43024275620128744,0.0,0.0,,0.0,,0.0,0.0,0.0,0.0,0.0,,,0.43024275620128744,,0.0,0.0,0.0,0.0,0.0,0.0,0.0,0.0,0.0,0.0,0.0,0.0,Shell Companies,Financial Services,AOGOU
