Year,Date,FillingDate,NetIncome,Revenue,OperatingIncome,EPSDiluted,GrossProfit,GrossProfitRatio,TotalAssets,CommonStockEquity,CurrentAssets,CurrentLiability,TotalLiability,Inventory,RetainedEarnings,EnterpriseValue,bookValuePerShare,currentRatio,debtToAssets,debtToEquity,roic,shareholdersEquityPerShare,roe,priceToSalesRatio,peRatio,pbRatio,payoutRatio,inventoryTurnover,dividendYield,assetTurnover,quickRatio,returnOnAssets,priceToFreeCashFlowsRatio,grossProfitMargin,epsdilutedGrowth,fiveYNetIncomeGrowthPerShare,fiveYRevenueGrowthPerShare,fiveYShareholdersEquityGrowthPerShare,grossProfitGrowth,netIncomeGrowth,operatingIncomeGrowth,threeYNetIncomeGrowthPerShare,threeYRevenueGrowthPerShare,threeYShareholdersEquityGrowthPerShare,Industry,Sector,Price,MarketCap,AvgVolume,Symbol
2022,2022-09-30,2022-09-30,2223979.0,99213379.0,1820107.0,0.19,5438086.0,0.0548120229,163782853.0,154684091.0,153254380.0,8289321.0,9098762.0,716278.0,14903491.0,-30113695.0709,13.244892335864392,18.488170502746847,0.02779431983639948,0.029429225530374678,0.012030188090277123,13.244892335864392,0.014377554832060914,0.06553121156270668,2.9233967268126184,0.042031296735615814,0.0,130.92024744582412,0.0,0.6057616971661862,11.612196825288827,0.013578826838484735,0.31511256558753475,0.0548120228825187,-0.6666666666666666,-0.3200850250858399,2.7210412994773967,14.856394323658746,0.06435445613580462,-0.05700229052235952,-0.36200977539858026,1.2984084617622227,-0.8657618695595813,-0.6997494190846442,Packaged Foods,Consumer Defensive,0.412,9849684,233377,FAMI
2021,2021-09-30,2021-09-30,2358414.0,39289951.0,2852876.0,0.57,5109281.0,0.1300404014,165686901.0,159875912.0,155305536.0,4146426.0,4894483.0,1371540.0,9127377.0,-8610892.75,38.86426137054234,37.455277388285715,0.018567279497852397,0.019242141993222845,0.017242896497878264,38.86426137054234,0.014751528047577298,1.2106061483762094,20.168068986191567,0.29750983531527875,0.0,24.921380346180207,0.0,0.23713371885686968,20.86586809941863,0.01423416085258303,-50.51552037256329,0.13004040142478163,-0.544,1.4773859464286867,3.6106176755495216,59.802532603922195,0.02915579623151086,1.8635221210141744,1.5462945029600956,0.9881747148332561,2.57891580709301,22.68039942763235,Packaged Foods,Consumer Defensive,0.412,9849684,233377,FAMI
2020,2020-09-30,2020-09-30,823606.0,30167779.0,1120403.0,1.25,4964536.0,0.1645641862,38191746.0,28285176.0,37022171.0,8367387.0,9036589.0,583639.0,6770426.0,19801883.42,43.52945087212255,4.42457974036578,0.1597217367333769,0.21566250816328666,0.0305105364402856,43.52945087212255,0.029117937961566864,0.4723576906341034,17.301941000915484,0.5037968446793472,0.0,43.18293157242748,0.0,0.7899031115257208,1.3512306769126372,0.02156502611847073,-7.646222745206617,0.16456418618022892,2.953125,15.658840112972822,39.70552404504324,278.0843179442167,-0.08439275826226032,3.6482167431930135,0.2166695443582585,3.525483090244542,19.335699109387146,51.112174279570006,Packaged Foods,Consumer Defensive,0.412,9849684,233377,FAMI
2019,2019-09-30,2019-09-30,-311004.0,30841875.0,920877.0,-0.64,5422124.0,0.1758039678,30482631.0,21498503.0,29705028.0,8145080.0,8145080.0,1459247.0,6321384.0,23198897.0,44.112795037683156,3.646990330358941,0.1419580547361545,0.20128168924133927,0.04011563206788912,44.112795037683156,-0.014466309584439438,0.616264964435528,-61.11422039587915,0.8840972322584507,0.0,17.419772663572378,0.0,1.0117852031866934,1.714251548173867,-0.010202662624495897,-1.7488435058931606,0.17580396781972563,-3.206896551724138,-9.387321412236949,54.48592596983127,281.8243653215771,0.0699557878804921,-1.0965241810137205,-0.7008126895755846,-3.757582872979715,29.549729506405892,68.01378191537822,Packaged Foods,Consumer Defensive,0.412,9849684,233377,FAMI
2018,2018-09-30,2018-09-30,3222032.0,29819088.0,3077928.0,0.29,5067615.0,0.16994533836849737,22076000.0,18338270.0,21339630.0,2221900.0,3737730.0,1808140.0,7226350.0,1463718863.75,1.6411995705271818,9.604226112786353,0.09494654828773329,0.11429867702896729,0.15020394174122856,1.6411995705271818,0.17569988881175813,49.18151734721062,455.16245454731677,79.97199265525046,0.0,13.688914022144303,0.0,1.3507468744337743,6.088347810432513,0.14595180286283746,-525.6962581437239,0.16994533836849737,0.035714285714285546,2.7899531058622724,1.3398234965551261,9.522371717862786,0.11998372496697035,-0.01506369008134356,-0.11279192004909448,2.7899531058622724,1.3398234965551261,9.522371717862786,Packaged Foods,Consumer Defensive,0.412,9849684,233377,FAMI
2017,2017-09-30,2017-09-30,3271310.0,26665601.0,3469229.0,0.28,4524722.0,0.16968385599109503,13843930.0,9756338.0,13741410.0,2529850.0,4087590.0,1591620.0,4004320.0,1804283547.0,0.8353029109589041,5.431709389884776,0.16715535256245878,0.23718807199996556,0.2869074262538307,0.8353029109589041,0.33530101150657143,67.6737044104125,551.6322207311445,184.96284159076902,0.0,13.910907754363478,0.0,1.9261583235396307,3.0574935272842265,0.23629923005967235,930.9456793588167,0.16968385599109503,0.20994226846890454,2.681118629938938,1.0016781240755668,4.355453342763874,0.35316198807708804,0.413604579108982,0.20902102247362128,2.681118629938938,1.0016781240755668,4.355453342763874,Packaged Foods,Consumer Defensive,0.412,9849684,233377,FAMI
2016,2016-09-30,2016-09-30,2314162.0,20715230.0,2869453.0,0.231416,3343814.0,0.1614181450073207,13135055.0,6391882.0,13053584.0,5847672.0,5847672.0,1473425.0,733007.0,1548910647.0,0.6391882,2.23227020940983,0.3013225296734578,0.6192054233792176,0.24829560057146138,0.6391882,0.36204704655060904,74.58280694928321,667.6282818575364,241.7128476401786,0.0,11.78982031660926,0.0,1.5770950331003564,1.2921908068715209,0.17618213246918266,-2387.8742355324957,0.1614181450073207,2.041545639745022,2.041548268384044,0.8162493372714339,3.098085302271427,0.9441389438970759,2.041548268384044,1.1541130006358473,2.041548268384044,0.8162493372714339,3.098085302271427,Packaged Foods,Consumer Defensive,0.412,9849684,233377,FAMI
2015,2015-09-30,2015-09-30,760850.0,11405499.0,1332081.0,0.076085,1719946.0,0.1507997151198733,9037840.0,1559724.0,8694706.0,6786436.0,7478116.0,1816570.0,-1581155.0,1550262670.0,0.1559724,1.2811888301901027,0.5996078709072079,3.4744352205903097,0.1369843823596158,0.1559724,0.4878106639379788,135.4609736934789,2030.6236446080043,990.5598682843887,0.0,5.331780773655846,0.0,1.2619717764421587,1.0082638368651822,0.08418493799403397,-2098.905308803991,0.1507997151198733,0.0,0.0,0.0,0.0,0.0,0.0,0.0,0.0,0.0,0.0,Packaged Foods,Consumer Defensive,0.412,9849684,233377,FAMI
TTM,,,,,,,,,,,,,,,,-26765584.0,13.244892335864392,18.488170502746847,0.02779431983639948,0.029429225530374678,0.012030188090277123,13.244892335864392,0.014140252917024546,0.0992777798647499,2.163534132291717,0.031106330618059487,0.0,130.92024744582412,0.0,0.6057616971661862,11.612196825288827,0.013578826838484735,0.47738589250834396,0.0548120228825187,,,,,,,,,,,Packaged Foods,Consumer Defensive,0.412,9849684,233377,FAMI
