Year,Date,FillingDate,NetIncome,Revenue,OperatingIncome,EPSDiluted,GrossProfit,GrossProfitRatio,TotalAssets,CommonStockEquity,CurrentAssets,CurrentLiability,TotalLiability,Inventory,RetainedEarnings,EnterpriseValue,bookValuePerShare,currentRatio,debtToAssets,debtToEquity,roic,shareholdersEquityPerShare,roe,priceToSalesRatio,peRatio,pbRatio,payoutRatio,inventoryTurnover,dividendYield,assetTurnover,quickRatio,returnOnAssets,priceToFreeCashFlowsRatio,grossProfitMargin,epsdilutedGrowth,fiveYNetIncomeGrowthPerShare,fiveYRevenueGrowthPerShare,fiveYShareholdersEquityGrowthPerShare,grossProfitGrowth,netIncomeGrowth,operatingIncomeGrowth,threeYNetIncomeGrowthPerShare,threeYRevenueGrowthPerShare,threeYShareholdersEquityGrowthPerShare,Industry,Sector,Price,MarketCap,AvgVolume,Symbol
2022,2022-06-30,2022-09-13,47166000.0,124771000.0,77684000.0,5.21,124771000.0,1.0,3214782000.0,320772000.0,2872578000.0,17923000.0,2894010000.0,0.0,240115000.0,376504435.71999997,35.665022834055776,160.27328014283324,0.018978580818232775,0.19020363373361765,0.1602144117834892,35.665022834055776,0.14703901836818675,3.2625324451996054,8.63056938727049,1.269030450662776,0.15252512403002164,0.0,0.01767266065376705,0.038811651925387165,18.85878480165151,0.01467160137141492,6.489747879155042,1.0,-0.0019157088122604958,1.5234436813820458,0.6688267521269395,0.5420301149082024,0.10683237527499823,-0.00031792458828765814,0.01554349957513563,0.6679018454769396,0.4500314260110682,0.3753688722517566,Banks—Regional,Financial Services,39.97,452888079,27936,SMBC
2021,2021-06-30,2021-09-13,47181000.0,112728000.0,76495000.0,5.22,112728000.0,1.0,2700530000.0,283423000.0,341710000.0,13532000.0,2417107000.0,0.0,200140000.0,353192317.44,31.464126590535727,25.251995270469997,0.026947302936830918,0.256761095606214,0.16970490500802296,31.464126590535727,0.16646849408834147,3.592641734440423,8.583779857145885,1.4289289064049142,0.11864945634895403,0.0,0.01382251855517705,0.04174291713108168,25.251995270469997,0.017471014948917434,8.281014956038113,1.0,0.7458193979933109,1.6210694170644941,0.668214798541095,0.8559278652112542,0.1562794895991466,0.7128698493374478,0.24690291452044077,1.1858727303383578,0.4334451376031909,0.3693261765343591,Banks—Regional,Financial Services,39.97,452888079,27936,SMBC
2020,2020-06-30,2020-09-14,27545000.0,97492000.0,61348000.0,2.99,97492000.0,1.0,2542157000.0,258347000.0,243859000.0,13797000.0,2283810000.0,0.0,165709000.0,253260986.8,28.11213121918076,17.67478437341451,0.033501471388273814,0.32965739876987155,0.14286891899633958,28.11213121918076,0.10662016590090073,2.2905878102818695,8.107242214557996,0.8643955099149593,0.20014521691777093,0.0,0.024687213188027683,0.03835010976898752,17.67478437341451,0.010835286726980278,6.203683273606134,1.0,-0.047770700636942644,0.6089652862699088,0.41021710542341777,0.5549912679532975,0.10845565245074074,-0.047050683272790175,0.011491978697795585,0.44228683941417146,0.27617687639608784,0.21546965316489322,Banks—Regional,Financial Services,39.97,452888079,27936,SMBC
2019,2019-06-30,2019-09-13,28905000.0,87953000.0,60651000.0,3.14,87953000.0,1.0,2214402000.0,238392000.0,212093000.0,14988000.0,1976010000.0,0.0,143677000.0,330602281.45,25.931241831629453,14.150854016546571,0.028427990942927254,0.26406506929762746,0.1618224815918005,25.931241831629453,0.1212498741568509,3.4566220759951336,10.51791321397682,1.2752956535873687,0.16478117972669087,0.0,0.01566671794816865,0.039718623809046415,14.150854016546571,0.013053185464969775,9.837252271477107,1.0,0.3138075313807531,1.063441413306568,0.6180843216432451,0.5440551597317419,0.15343658610153044,0.38109799799321514,0.0,0.5733864417207656,0.2753279364997785,0.5295677811482322,Banks—Regional,Financial Services,39.97,452888079,27936,SMBC
2018,2018-06-30,2018-09-13,20929000.0,76253000.0,0.0,2.39,76253000.0,1.0,1886115000.0,200694000.0,1664962000.0,0.0,1685421000.0,0.0,119536000.0,407128435.0,22.97781721384206,0.0,0.05015441794376271,0.4713494175212014,0.0,22.97781721384206,0.10428313751283048,4.469469201211756,16.28412418175737,1.698159561322212,0.18285632376128816,0.0,0.011229116268109572,0.04042860589094514,0.0,0.011096354145956106,11.955743878481723,1.0,0.150049177835136,0.5666478740334353,0.7277983904958465,0.48522983251703883,0.22575511581925445,0.34574331275720166,0.0,0.2862826401624685,0.16053426058871464,0.270992399885099,Banks—Regional,Financial Services,39.97,452888079,27936,SMBC
2017,2017-06-30,2017-09-13,15552000.0,62209000.0,0.0,2.078172,62209000.0,1.0,1707712000.0,173083000.0,1493739000.0,0.0,1534629000.0,0.0,102369000.0,271369710.0,23.128616289169507,0.0,0.036004314544841286,0.3552341939994107,0.0,23.128616289169507,0.0898528451667697,3.8807521419730264,15.52325810185185,1.3948089067094975,0.19167952674897118,0.0,0.012347892787153023,0.03642827361990781,0.0,0.009106922010268711,10.689767534537726,1.0,0.049581818181818144,0.15080560913757962,0.4050263882642463,0.36533153186488826,0.1160767146880999,0.04741379310344827,0.0,0.3638575596831453,0.40594169726015816,0.3771750520327375,Banks—Regional,Financial Services,39.97,452888079,27936,SMBC
2016,2016-06-30,2016-09-13,14848000.0,55739000.0,0.0,1.98,55739000.0,1.0,1403910000.0,125966000.0,1219892000.0,0.0,1277944000.0,0.0,89798000.0,276523900.1,16.95331331584607,0.0,0.0890149653467815,0.9920851658384008,0.0,16.95331331584607,0.11787307686201039,3.136617092161682,11.774777754579741,1.387929283298668,0.1892510775862069,0.0,0.016072581710733235,0.039702687494212595,0.0,0.010576176535532904,22.271579630573246,1.0,0.10614525139664802,-0.27215595606369297,0.14930065417271057,0.2708164677165521,0.009874261695111788,0.08633304067895815,0.0,0.30652505561167503,0.4846434666452092,0.09582065443250763,Banks—Regional,Financial Services,39.97,452888079,27936,SMBC
2015,2015-06-30,2015-09-14,13668000.0,55194000.0,0.0,1.79,55194000.0,1.0,1300064000.0,132643000.0,1121988000.0,0.0,1167421000.0,0.0,77760000.0,199035450.0,18.07864249693335,0.0,0.06111391439190686,0.5989912773384196,0.0,18.07864249693335,0.10304350776143482,2.5057515309635106,10.11870427275388,1.042666782265178,0.19878548434299093,0.0,0.01964534973892364,0.042454832992837276,0.0,0.01051332857459325,11.11577318759042,1.0,0.23024054982817865,0.6781634154686443,0.6149252494725688,0.6502411428729051,0.4109617056086712,0.3558042916145766,0.0,0.03158955568958434,0.2714795335649937,0.06722081190538877,Banks—Regional,Financial Services,39.97,452888079,27936,SMBC
2014,2014-06-30,2014-09-15,10081101.0,39118000.0,0.0,1.455,39118000.0,1.0,1021422019.0,111110730.0,864797914.0,0.0,910311289.0,0.0,66808414.0,196673963.0,16.79424576783555,0.0,0.09320217229427086,0.8567916977955234,0.0,16.79424576783555,0.0907302202046553,3.018112377933432,11.711272409630654,1.0625663246024932,0.23001713800903295,0.0,0.019640661574901165,0.03829758833503275,0.0,0.009869672684234547,15.03092885618295,1.0,0.010416666666666753,0.6871272016676176,0.577382391695872,0.6975964217630055,0.17619820794996693,0.001379328841193915,0.0,-0.44501455528049055,-0.09415398684822468,0.2588928008954996,Banks—Regional,Financial Services,39.97,452888079,27936,SMBC
2013,2013-06-30,2013-09-24,10067215.0,33258000.0,0.0,1.44,33258000.0,1.0,796391240.0,101829353.0,697830754.0,0.0,694561887.0,0.0,59046139.0,102131830.0,15.470883166210879,0.0,0.03982590265558421,0.31147207622933637,0.0,15.470883166210879,0.09886358602317742,2.531233988814721,8.362171663166029,0.8267142775619913,0.23705433925867284,0.0,0.02834841818697141,0.041760881247262335,0.0,0.0126410418577683,10.934526197002791,1.0,-0.1325301204819277,0.8652524562852479,0.568939339644624,1.2373347055660704,0.005228955720114855,-0.0030745881742236265,0.0,0.3778415076233045,0.0847191956029308,0.4122016031785437,Banks—Regional,Financial Services,39.97,452888079,27936,SMBC
2012,2012-06-30,2012-09-24,10098263.0,33085000.0,0.0,1.66,33085000.0,1.0,739188968.0,94728071.0,650256452.0,0.0,644460897.0,0.0,51365401.0,57136901.0,16.939926859799712,0.0,0.042907837336663285,0.3348215546371677,0.0,16.939926859799712,0.106602645798625,1.816956324618407,5.952904969894327,0.6345954199785194,0.16366062163364134,0.0,0.027492564128156503,0.044758514307264394,0.0,0.013661273959921977,15.77183858121143,1.0,-0.35156250000000006,1.7361225190268519,1.1631205974031356,1.6175957209848348,0.2133068646507693,-0.1195958406738395,0.0,0.9994699103576967,0.5784099825690199,0.7123221619871084,Banks—Regional,Financial Services,39.97,452888079,27936,SMBC
2011,2011-06-30,2011-09-21,11470031.0,27268452.0,0.0,2.56,27268452.0,1.0,688200382.0,55732108.0,614222213.0,0.0,632468274.0,0.0,43014191.0,49435243.74,13.340489163087714,0.0,0.059164454227228255,0.7305842441846987,0.0,13.340489163087714,0.2058065164159949,1.5918010211947493,3.7842922778499903,0.7788320108042568,0.12922798552157358,0.0,0.03414852131743725,0.03962283764033133,0.0,0.016666702460505174,3.254942202699912,1.0,1.6256410256410256,3.3928957575580956,1.4759134051998417,1.237964731497373,0.4048333647854586,1.479691446795521,0.0,2.348243472596386,1.0267242794207991,0.929245995405856,Banks—Regional,Financial Services,39.97,452888079,27936,SMBC
2010,2010-06-30,2010-09-17,4625588.0,19410453.0,0.0,0.975,19410453.0,1.0,552083707.0,45649198.0,475280578.0,0.0,506434509.0,0.0,33060723.0,47517426.58,10.955151963706491,0.0,0.09186469254018395,1.1110162329686493,0.0,10.955151963706491,0.10132900910986432,1.6111269829714947,6.760806319110133,0.6850658050991388,0.31988495300489367,0.0,0.04731461572870459,0.03515853258100225,0.0,0.008378417876403659,8.633423887642131,1.0,0.16766467065868265,43.40298772521452,0.6797189827369235,0.827221363832438,0.2195007376205187,0.20612650019804035,0.0,0.6819312038970586,0.7030903251585373,0.692814800221385,Banks—Regional,Financial Services,39.97,452888079,27936,SMBC
2009,2009-06-30,2009-09-28,3835077.0,15916721.0,0.0,0.835,15916721.0,1.0,465896636.0,42008338.0,396000907.0,0.0,423888298.0,0.0,29947297.0,99017817.8,9.892955447204711,0.0,0.18451946924982734,2.0464270688357153,0.0,9.892955447204711,0.09129323326240614,1.3272383677517496,5.508437718460411,0.5028830895428427,0.32239091940005377,0.0,0.05852674313074758,0.03416363152276549,0.0,0.008231604831763585,3.352553238626228,1.0,0.024539877300613522,0.4222991714681701,0.5428546154686386,0.7306301677254229,0.12152690140438176,0.061325093815380184,0.0,0.44505595263061687,0.42184691474718583,0.6596157090235623,Banks—Regional,Financial Services,39.97,452888079,27936,SMBC
2008,2008-06-30,2008-09-29,3613480.0,14192010.0,0.0,0.815,14192010.0,1.0,417820383.0,30471649.0,367862569.0,0.0,387348734.0,0.0,27364219.0,97374351.83500001,6.914872025058304,0.0,0.17056850957891156,2.338796958444881,0.0,6.914872025058304,0.11858498370075082,2.40485736939306,9.445122108050965,1.1200496512348248,0.24467134175365576,0.0,0.0259045186451427,0.03396677275076836,0.0,0.008648405264613431,9.365984479469333,1.0,0.2635658914728681,0.3957447787356829,0.4029713888406362,0.28358506703446595,0.16942483570836878,0.2339379725469051,0.0,31.799999455372667,0.161309030727772,0.15333880663750885,Banks—Regional,Financial Services,39.97,452888079,27936,SMBC
TTM,,,,,,,,,,,,,,,,405191079.0,40.26623017336776,16.668367346938776,0.015862869368359896,0.15594748160413333,0.1282500526152501,40.26623017336776,0.10349113667108202,3.1885218569809273,11.790932535364526,0.9926432106484184,0.2205930359085963,0.0,0.021015761821366025,0.03308829524589148,122.09703042893804,0.00856344285812127,8.036057259967706,1.0,,,,,,,,,,,Banks—Regional,Financial Services,39.97,452888079,27936,SMBC
