Quarters,Year,Quarter,FillingDate,Date,NetIncome,Revenue,OperatingIncome,EPSDiluted,GrossProfit,GrossProfitRatio,TotalAssets,CommonStockEquity,CurrentAssets,CurrentLiability,TotalLiability,Inventory,RetainedEarnings,MarketCap,EnterpriseValue,bookValuePerShare,currentRatio,debtToAssets,debtToEquity,roic,shareholdersEquityPerShare,roe,priceToSalesRatio,peRatio,pbRatio,payoutRatio,inventoryTurnover,dividendYield,assetTurnover,quickRatio,returnOnAssets,priceToFreeCashFlowsRatio,grossProfitMargin,epsdilutedGrowth,fiveYNetIncomeGrowthPerShare,fiveYRevenueGrowthPerShare,fiveYShareholdersEquityGrowthPerShare,grossProfitGrowth,netIncomeGrowth,operatingIncomeGrowth,threeYNetIncomeGrowthPerShare,threeYRevenueGrowthPerShare,threeYShareholdersEquityGrowthPerShare,Industry,Sector,Symbol
2023Q1,2023,Q1,2023-05-12,2023-03-31,-251028.0,0.0,-174694.0,-0.0794,0.0,0.0,26383347.0,25190023.0,796425.0,1193324.0,1193324.0,0.0,-578516.0,24770304.900000002,25066395.900000002,10.15927461474243,0.6674004712886022,0.013265943854659531,0.01389438985426889,-0.009828808689796404,10.15927461474243,-0.00996537398953546,0.0,-24.6688665208662,0.9833379231134485,0.0,0.0,0.0,0.0,0.4432232989531762,-0.009514638154135637,-54.18798844062147,0.0,-3.7474048442906573,0.0,0.0,0.0,0.0,-1.7104492311872235,-1.6510052357972014,0.0,0.0,0.0,Shell Companies,Financial Services,OHAAU
2022Q4,2022,Q4,2023-03-17,2022-12-31,353337.0,0.0,268345.0,0.0289,0.0,0.0,26667376.0,25523575.0,1127773.0,1143801.0,1143801.0,0.0,-327488.0,122320350.0,121854742.0,2.0866172309022986,0.9859870729261471,0.013124650884286477,0.013712812566421435,0.007624918204676743,2.0866172309022986,0.013843554439376146,0.0,86.54651932857301,4.792445807454481,0.0,0.0,0.0,0.0,23.036966220522626,0.013249785055717517,-665.0772894589466,0.0,1.89,0.0,0.0,0.0,0.0,1.230353107522945,1.301978454305144,0.0,0.0,0.0,Shell Companies,Financial Services,OHAAU
2022Q3,2022,Q3,2022-11-08,2022-09-30,158422.0,0.0,-888623.0,0.01,0.0,0.0,129130209.0,128705826.0,590125.0,424383.0,424383.0,0.0,-680825.0,125741000.0,125535999.0,10.174373596837945,1.390548160505958,0.0,0.0,-0.003094432736103229,10.174373596837945,0.0012308844511824974,0.0,198.42730176364392,0.9769643217238665,0.0,0.0,0.0,0.0,0.4830565786094165,0.0012268391821467586,-1136.9501333695014,0.0,1.1564945226917056,0.0,0.0,0.0,0.0,1.7844537315797813,-0.7713968476091945,0.0,0.0,0.0,Shell Companies,Financial Services,OHAAU
2022Q2,2022,Q2,2022-08-11,2022-06-30,-201952.0,0.0,-501651.0,-0.0639,0.0,0.0,128732570.0,128547404.0,661046.0,185166.0,185166.0,0.0,-839247.0,125488000.0,125231716.0,10.161850118577075,3.570018253891103,0.0,0.0,-0.004202376259545238,10.161850118577075,-0.0015710313372022666,0.0,-155.34384408176197,0.9762001883756439,0.0,0.0,0.0,0.0,1.384076990376203,-0.0015687716014680668,-681.2742947729593,0.0,0.0,0.0,0.0,0.0,0.0,0.2591092523295913,-0.5559122376060741,0.0,0.0,0.0,Shell Companies,Financial Services,OHAAU
2022Q1,2022,Q1,2022-05-09,2022-03-31,-272580.0,0.0,-322416.0,0.0,0.0,0.0,128871509.0,128749356.0,864879.0,122153.0,122153.0,0.0,-637295.0,0.0,-440480.0,0.0,7.080292747619788,0.0,0.0,-0.0023603653614238493,0.0,-0.0021171368033871952,0.0,0.0,0.0,0.0,0.0,,0.0,3.6059695627614547,-0.0021151300401084,0.0,0.0,0.0,0.0,0.0,0.0,0.0,0.05924824070654744,-0.06730578249758346,0.0,0.0,0.0,Shell Companies,Financial Services,OHAAU
2021Q4,2021,Q4,2022-03-01,2021-12-31,-289747.0,0.0,-302084.0,0.0,0.0,0.0,129137702.0,129038548.0,1059709.0,99154.0,99154.0,0.0,-348103.0,0.0,-670998.0,0.0,10.687506303326138,0.0,0.0,-0.0022973802579373524,0.0,-0.0022454297920339278,0.0,0.0,0.0,0.0,0.0,,0.0,6.767230772333945,-0.0022437057150049024,0.0,0.0,0.0,0.0,0.0,0.0,0.0,-5.0687625670241285,-5.327161528150134,0.0,0.0,0.0,Shell Companies,Financial Services,OHAAU
2021Q3,2021,Q3,2021-12-10,2021-09-30,-47744.0,0.0,-47744.0,0.0,0.0,0.0,214224.0,-33356.0,80034.0,247580.0,247580.0,0.0,-58356.0,0.0,124966.0,0.0,0.3232652072057517,0.956942266039286,-6.1458208418275575,-0.27815711589103026,0.0,1.431346684254707,0.0,0.0,0.0,0.0,0.0,,0.0,0.3232652072057517,-0.22286951975502278,0.0,0.0,0.0,0.0,0.0,0.0,0.0,-3.9655746229849194,-3.9640257849864837,0.0,0.0,0.0,Shell Companies,Financial Services,OHAAU
2021Q2,2021,Q2,2021-06-30,2021-06-30,-9615.0,0.0,-9618.0,0.0,0.0,0.0,163006.0,14388.0,100006.0,148618.0,148618.0,0.0,-10612.0,0.0,4994.0,0.0,0.6729063774239998,0.6441480681692698,7.297748123436197,-0.08056086038797869,0.0,-0.6682652210175146,0.0,0.0,0.0,0.0,0.0,,0.0,0.6729063774239998,-0.058985558813786,0.0,0.0,0.0,0.0,0.0,0.0,0.0,-3206.0,0.0,0.0,0.0,0.0,Shell Companies,Financial Services,OHAAU
2021Q1,2021,Q1,2021-03-31,2021-03-31,3.0,0.0,0.0,0.0,0.0,0.0,,,,,,,,0.0,,0.0,0.0,0.0,0.0,0.0,0.0,0.0,0.0,0.0,0.0,0.0,0.0,,0.0,0.0,0.0,0.0,0.0,0.0,0.0,0.0,0.0,0.0,0.0,0.0,0.0,0.0,0.0,Shell Companies,Financial Services,OHAAU
