Quarters,Year,Quarter,FillingDate,Date,NetIncome,Revenue,OperatingIncome,EPSDiluted,GrossProfit,GrossProfitRatio,TotalAssets,CommonStockEquity,CurrentAssets,CurrentLiability,TotalLiability,Inventory,RetainedEarnings,MarketCap,EnterpriseValue,bookValuePerShare,currentRatio,debtToAssets,debtToEquity,roic,shareholdersEquityPerShare,roe,priceToSalesRatio,peRatio,pbRatio,payoutRatio,inventoryTurnover,dividendYield,assetTurnover,quickRatio,returnOnAssets,priceToFreeCashFlowsRatio,grossProfitMargin,epsdilutedGrowth,fiveYNetIncomeGrowthPerShare,fiveYRevenueGrowthPerShare,fiveYShareholdersEquityGrowthPerShare,grossProfitGrowth,netIncomeGrowth,operatingIncomeGrowth,threeYNetIncomeGrowthPerShare,threeYRevenueGrowthPerShare,threeYShareholdersEquityGrowthPerShare,Industry,Sector,Symbol
2023Q1,2023,Q1,2023-05-15,2023-03-31,-712950.0,0.0,-712950.0,-0.0123,0.0,0.0,262815051.0,230056784.0,805805.0,1999347.0,32758267.0,0.0,-31853900.0,599641162.7096,604354160.7096,3.970815975945142,0.40303409063059087,0.017963202571682244,0.020521020584204984,-0.003036701291975735,3.970815975945142,-0.003099017501696451,0.0,-210.26760737414966,2.60649198116931,0.0,0.0,0.0,0.0,131.05141228611143,-0.0027127441799366355,-625.6291729236766,0.0,-1.1877862595419848,0.8778150020975063,0.0,-0.445776083375264,0.0,-1.1892873376209612,-1.2656654884153526,0.8778150020975063,0.0,-0.445776083375264,Shell Companies,Financial Services,SLAM
2022Q4,2022,Q4,2023-03-29,2022-12-31,3766496.0,0.0,2683638.0,0.0655,0.0,0.0,583885078.0,558861764.0,425008.0,1110564.0,25023314.0,0.0,-24499744.0,581325000.0,582679537.0,9.719335026086956,0.3826956393328075,0.0025244693785443856,0.002637503753074794,0.006166261921799323,9.719335026086956,0.006739584352741656,0.0,38.585265987273054,1.040194619576801,0.0,0.0,0.0,0.0,0.10756966730418058,0.006450748857808625,-940.7344954591648,0.0,-0.5633333333333334,-0.8489352692157024,0.0,0.1322598551417866,0.0,-0.6611907818607837,5.037342937608319,-0.8489352692157024,0.0,0.1322598551417866,Shell Companies,Financial Services,SLAM
2022Q3,2022,Q3,2022-11-14,2022-09-30,11116864.0,0.0,-664704.0,0.15,0.0,0.0,579275794.0,555095268.0,780305.0,1435946.0,24180526.0,0.0,-23301659.0,712281250.0,713017839.0,7.723064598260869,0.5434083175829731,0.0014155606163650607,0.0014772239060052662,-0.002543465958409241,7.723064598260869,0.020026947878791862,0.0,16.01803462739132,1.283169378413797,0.0,0.0,0.0,0.0,0.058087838957732396,0.019190969336447018,-6180.046418810463,0.0,-0.06250000000000006,1.7082120952857973,0.0,0.053742060640329575,0.0,-0.059969472522014296,0.31585041638490824,1.7082120952857973,0.0,0.053742060640329575,Shell Companies,Financial Services,SLAM
2022Q2,2022,Q2,2022-08-12,2022-06-30,11826067.0,0.0,-971577.0,0.16,0.0,0.0,577065129.0,549869188.0,1169755.0,1310691.0,27195941.0,0.0,-25927624.0,141450000.0,142071334.0,38.2517696,0.8924719861508166,0.0011610474560489342,0.0012184716194717934,-0.0038454741405309417,38.2517696,0.02150705523801781,0.0,2.9902164430490714,0.257243000857142,0.0,0.0,0.0,0.0,0.037130032936824924,0.0204934701573347,-500.7256894049347,0.0,0.23076923076923075,2.690346139150912,0.0,4.260095052019956,0.0,0.23444048566074915,0.07235355280004813,2.690346139150912,0.0,4.260095052019956,Shell Companies,Financial Services,SLAM
2022Q1,2022,Q1,2022-05-13,2022-03-31,9580103.0,0.0,-1047357.0,0.13,0.0,0.0,576628761.0,544441942.0,1550089.0,989449.0,32186819.0,0.0,-30559496.0,140443750.0,140782594.0,37.87422205217391,1.566618390639639,0.0006936872162018293,0.000734697254459503,-0.004316537951161661,37.87422205217391,0.017596188428848122,0.0,3.6649853869003284,0.25795909382749205,0.0,0.0,0.0,0.0,0.06180813766045547,0.016613987452491985,-342.3820563828024,0.0,-0.6976744186046512,7.617232914697432,0.0,4.286268568483458,0.0,-0.6489094835345449,-1.0735472298774114,7.617232914697432,0.0,4.286268568483458,Shell Companies,Financial Services,SLAM
2021Q4,2021,Q4,2022-03-29,2021-12-31,27286704.0,0.0,-505104.0,0.43,0.0,0.0,577387397.0,540175569.0,2355655.0,747658.0,37211828.0,0.0,-34825869.0,611660957.0400001,611589605.0400001,8.584014510405703,3.150711956536277,0.0006927757725200226,0.0007404999836266198,-0.001904008793534587,8.584014510405703,0.05051450966306105,0.0,5.604020157949454,1.1323373216829067,0.0,0.0,0.0,0.0,0.630437981002009,0.04725891860781298,-2127.9308562363453,0.0,6.166666666666667,0.0,0.0,0.0,0.0,5.647394608163178,0.5400292499376208,0.0,0.0,0.0,Shell Companies,Financial Services,SLAM
2021Q3,2021,Q3,2021-11-15,2021-09-30,4104872.0,0.0,-1098122.0,0.06,0.0,0.0,577662931.0,526784769.0,2642092.0,928992.0,50878162.0,0.0,-48216669.0,700781250.0,700422454.0,7.329179394782608,2.84404171402983,0.0,0.0,-0.002084574316916137,7.329179394782608,0.0077923133726746,0.0,42.67984787345379,1.3302989973121262,0.0,0.0,0.0,0.0,0.3862207640108849,0.0071059986364262655,-931.5282496690115,0.0,-0.7272727272727273,0.0,0.0,0.0,0.0,-0.7438134159580073,0.07163116909906658,0.0,0.0,0.0,Shell Companies,Financial Services,SLAM
2021Q2,2021,Q2,2021-08-16,2021-06-30,16022978.0,0.0,-1182851.0,0.22,0.0,0.0,578812918.0,522679897.0,3800914.0,989691.0,56133021.0,0.0,4997995.0,696540625.0,695429536.0,7.272068132173913,3.8405057740244177,0.0,0.0,-0.0022630504957033004,7.272068132173913,0.030655431922992058,0.0,10.867839689351133,1.332633278987579,0.0,0.0,0.0,0.0,1.122662528001164,0.027682481682276484,-6711.315832578575,0.0,3.1999999999999997,0.0,0.0,0.0,0.0,3.2497686061440687,-0.9140324504157841,0.0,0.0,0.0,Shell Companies,Financial Services,SLAM
2021Q1,2021,Q1,2021-05-26,2021-03-31,-7122056.0,0.0,-617989.0,-0.1,0.0,0.0,579399925.0,506656919.0,4396660.0,402586.0,72743006.0,0.0,-7135223.0,695848313.28,694468439.28,7.164642045994154,10.921045441222496,0.0,0.0,-0.0012197385979051437,7.164642045994154,-0.014056959912946535,0.0,-24.425822869126556,1.373411251648179,0.0,0.0,0.0,0.0,3.4275260441247335,-0.01229212447688874,-202.29536482154006,0.0,0.0,0.0,0.0,0.0,0.0,0.0,0.0,0.0,0.0,0.0,Shell Companies,Financial Services,SLAM
