Quarters,Year,Quarter,FillingDate,Date,NetIncome,Revenue,OperatingIncome,EPSDiluted,GrossProfit,GrossProfitRatio,TotalAssets,CommonStockEquity,CurrentAssets,CurrentLiability,TotalLiability,Inventory,RetainedEarnings,MarketCap,EnterpriseValue,bookValuePerShare,currentRatio,debtToAssets,debtToEquity,roic,shareholdersEquityPerShare,roe,priceToSalesRatio,peRatio,pbRatio,payoutRatio,inventoryTurnover,dividendYield,assetTurnover,quickRatio,returnOnAssets,priceToFreeCashFlowsRatio,grossProfitMargin,epsdilutedGrowth,fiveYNetIncomeGrowthPerShare,fiveYRevenueGrowthPerShare,fiveYShareholdersEquityGrowthPerShare,grossProfitGrowth,netIncomeGrowth,operatingIncomeGrowth,threeYNetIncomeGrowthPerShare,threeYRevenueGrowthPerShare,threeYShareholdersEquityGrowthPerShare,Industry,Sector,Symbol
2023Q1,2023,Q1,2023-04-27,2023-03-31,292000000.0,3231000000.0,551000000.0,0.51,1974000000.0,0.6109563603,46479000000.0,10253000000.0,2507000000.0,3700000000.0,35748000000.0,457000000.0,-907000000.0,22914320000.0,45463320000.0,17.924825174825173,0.6775675675675675,0.48895199982787924,2.2165219935628597,0.012948391400588254,17.924825174825173,0.028479469423583342,7.092021046115754,19.618424657534245,2.2348893006924806,0.7636986301369864,2.75054704595186,0.009731905638046425,0.0695152649583683,0.45756756756756756,0.006282407108586674,-30.110801576872536,0.6109563602599815,1.7611940298507465,-0.8225032819627415,-0.0965274644710129,0.15691075026668244,0.03404924044002095,1.7584415584415585,-0.21398002853067047,2.732092232092232,0.1280521803777617,0.42314799230707645,Utilities—Regulated Electric,Utilities,FE
2022Q4,2022,Q4,2023-02-13,2022-12-31,-385000000.0,3177000000.0,701000000.0,-0.67,1909000000.0,0.6008813346,46108000000.0,10166000000.0,2415000000.0,3958000000.0,35465000000.0,421000000.0,-1199000000.0,23947740000.0,45441740000.0,17.80385288966725,0.6101566447700859,0.46963650559555825,2.130041314184537,-0.022433905658313377,17.80385288966725,-0.03787133582530002,7.537847025495751,-15.55048051948052,2.3556698799921305,-0.5818181818181818,3.01187648456057,0.009353701017298502,0.06890344408779388,0.4373420919656392,-0.00834996096122148,-196.29295081967214,0.6008813345923828,-2.1551724137931036,0.8799344606494086,-0.2806665574427771,1.0185259964081343,-0.11497450162262401,-2.1526946107784433,0.38811881188118813,-2.28623720042284,0.12610636428499816,0.38091532807311573,Utilities—Regulated Electric,Utilities,FE
2022Q3,2022,Q3,2022-10-25,2022-09-30,334000000.0,3475000000.0,505000000.0,0.58,2157000000.0,0.6207194245,44851000000.0,10774000000.0,2312000000.0,3493000000.0,33613000000.0,361000000.0,-796000000.0,21127000000.0,42134000000.0,18.86865148861646,0.6618952190094475,0.4739693652315444,1.973083348802673,0.012078678559747601,18.86865148861646,0.031000556896231667,6.0797122302158275,15.813622754491016,1.9609244477445704,0.6646706586826348,3.6509695290858724,0.010507880910683012,0.07747876301531738,0.485828800458059,0.007446879668234822,-242.83908045977012,0.6207194244604316,0.7575757575757573,-0.34415963487767337,-0.2724551491162799,0.3077866470411658,0.18127053669222343,0.786096256684492,-0.18548387096774194,-0.19514827936809373,0.10501792983279482,0.39594808867927056,Utilities—Regulated Electric,Utilities,FE
2022Q2,2022,Q2,2022-07-26,2022-06-30,187000000.0,2818000000.0,620000000.0,0.33,1826000000.0,0.6479772889,45120000000.0,10858000000.0,2539000000.0,3370000000.0,33806000000.0,304000000.0,-1130000000.0,21920690000.0,42558690000.0,19.015761821366024,0.7534124629080119,0.4679964539007092,1.9447412046417387,0.01544823633932861,19.015761821366024,0.017222324553324737,7.778811213626685,29.30573529411765,2.018851538036471,1.1925133689839573,3.263157894736842,0.010173037436321575,0.06245567375886525,0.5537091988130564,0.004144503546099291,72.82621262458471,0.6479772888573456,-0.33999999999999997,-0.16432151699981884,-0.33779709215275006,0.33591744441242316,-0.07497467071935157,-0.3506944444444444,0.10912343470483005,-0.4415779783555615,0.04353225173251967,0.39171623180172294,Utilities—Regulated Electric,Utilities,FE
2022Q1,2022,Q1,2022-04-21,2022-03-31,288000000.0,2989000000.0,559000000.0,0.5,1974000000.0,0.6604215457,44617000000.0,8755000000.0,2250000000.0,4360000000.0,35862000000.0,273000000.0,-1317000000.0,26140200000.0,49016200000.0,15.359649122807017,0.5160550458715596,0.5190622408499003,2.645231296402056,0.013597189346638634,15.359649122807017,0.03289548829240434,8.745466711274673,22.691145833333334,2.985745288406625,0.7708333333333334,3.717948717948718,0.008492666467739343,0.06699240199923796,0.3795871559633027,0.006454938700495327,-158.42545454545456,0.6604215456674473,-0.3670886075949367,0.09186136071887038,-0.3459938556978031,0.10837670001686077,0.1071228266965788,-0.3302325581395349,-0.24561403508771928,-0.16315789473684206,-0.03598834060524193,0.17435286138022496,Utilities—Regulated Electric,Utilities,FE
2021Q4,2021,Q4,2022-02-16,2021-12-31,430000000.0,2660000000.0,741000000.0,0.79,1783000000.0,0.6703007519,45432000000.0,8675000000.0,3237000000.0,4416000000.0,36757000000.0,260000000.0,-1605000000.0,22624960000.0,45016960000.0,15.946691176470589,0.733016304347826,0.5250484240183131,2.7497406340057635,0.02044122456683247,15.946691176470589,0.04956772334293948,8.505624060150376,13.154046511627909,2.6080645533141213,0.49534883720930234,3.373076923076923,0.009414381285093984,0.058549040324000705,0.620697463768116,0.009464694488466279,754.1653333333334,0.6703007518796993,-0.07058823529411758,1.0587784932813706,-0.3755664488017429,0.10126965182804415,-0.15816808309726157,-0.07127429805615551,0.17432646592709986,1.9326513213981245,-0.07618840894291297,0.1982251074776844,Utilities—Regulated Electric,Utilities,FE
2021Q3,2021,Q3,2021-10-28,2021-09-30,463000000.0,3124000000.0,631000000.0,0.85,2118000000.0,0.6779769526248399,43854000000.0,7479000000.0,2532000000.0,4094000000.0,36375000000.0,245000000.0,-2032000000.0,19377280000.0,42533280000.0,13.748161764705882,0.618466047874939,0.541182104255028,3.1732851985559565,0.016686703730148557,13.748161764705882,0.06190667201497527,6.202714468629962,10.462894168466523,2.5908918304586175,0.45788336933045354,4.106122448979592,0.0109406480166463,0.07123637524513157,0.47410845139228136,0.010557759839467324,90.12688372093024,0.6779769526248399,6.7272727272727275,-0.048108552631579024,-0.3769147306612204,-0.49204827001651746,0.11708860759493671,6.982758620689655,1.0224358974358974,1.9347265926021062,-0.05726126939026264,0.006158208591162289,Utilities—Regulated Electric,Utilities,FE
2021Q2,2021,Q2,2021-07-22,2021-06-30,58000000.0,2622000000.0,312000000.0,0.11,1896000000.0,0.7231121281464531,44363000000.0,7430000000.0,3196000000.0,3871000000.0,36933000000.0,274000000.0,-2495000000.0,20242240000.0,43246240000.0,13.658088235294118,0.8256264531128907,0.546807023871244,3.264872139973082,0.0037082331957363516,13.658088235294118,0.007806191117092867,7.720152555301297,87.25103448275863,2.724393001345895,3.6551724137931036,2.6496350364963503,0.010473149216687481,0.05910330680972883,0.6644277964350297,0.0013073958028086469,105.42833333333333,0.7231121281464531,-0.8225806451612904,1.04160927456382,-0.3976955307262569,-0.4911293503988779,0.0031746031746031746,-0.826865671641791,-0.4418604651162791,-0.8299109777690341,-0.14975227332057078,-0.1537981441440064,Utilities—Regulated Electric,Utilities,FE
2021Q1,2021,Q1,2021-04-22,2021-03-31,335000000.0,2726000000.0,559000000.0,0.62,1890000000.0,0.6933235509904622,44117000000.0,7360000000.0,3188000000.0,4624000000.0,36757000000.0,303000000.0,-2553000000.0,18836670000.0,41748670000.0,13.554327808471454,0.6894463667820069,0.5483827096130743,3.287092391304348,0.014063826709682634,13.554327808471454,0.04551630434782609,6.910003668378577,14.057216417910448,2.5593301630434784,0.6328358208955224,2.759075907590759,0.011254643203920865,0.06179023959018066,0.553416955017301,0.0075934447038556565,-265.3052112676056,0.6933235509904622,0.38859504132231404,-0.20248843372411632,-0.4498347586972426,-0.5388722626340451,0.040748898678414094,0.384297520661157,0.41878172588832485,-0.7854895361241486,-0.19702865403275308,-0.12517152042950339,Utilities—Regulated Electric,Utilities,FE
2020Q4,2020,Q4,2021-02-18,2020-12-31,242000000.0,2537000000.0,394000000.0,0.44649446494464945,1816000000.0,0.7158060701616082,44464000000.0,7237000000.0,3714000000.0,5004000000.0,37227000000.0,317000000.0,-2888000000.0,16590620000.0,39333620000.0,13.35239852398524,0.7422062350119905,0.5504902842749191,3.3822025701257425,0.01218808950150352,13.35239852398524,0.033439270415918196,6.5394639337800555,17.139070247933883,2.292472018792317,0.871900826446281,2.274447949526814,0.01271802982649232,0.05705739474631162,0.6340927258193445,0.005442605253688377,-156.51528301886793,0.7158060701616082,-0.46845897030398875,1.8356953923521537,-0.4408406114561005,-0.5452810099311041,-0.15730858468677494,-0.4669603524229075,-0.4535367545076283,1.0795078178873025,-0.39483984467967864,0.5138388135473713,Utilities—Regulated Electric,Utilities,FE
2020Q3,2020,Q3,2020-11-19,2020-09-30,454000000.0,3022000000.0,721000000.0,0.84,2155000000.0,0.713103904698875,42938000000.0,7188000000.0,2162000000.0,3077000000.0,35750000000.0,308000000.0,-3130000000.0,15560820000.0,37880820000.0,13.261992619926199,0.7026324341891452,0.5258745167450742,3.141346688925988,0.01934287191316552,13.261992619926199,0.06316082359488036,5.149179351422899,8.568733480176212,2.16483305509182,0.4669603524229075,2.814935064935065,0.013623960691017567,0.07038054869812288,0.5199870003249919,0.01057338488052541,1111.4871428571428,0.713103904698875,0.4736842105263159,-0.10298472604979218,-0.4279655214694277,-0.5557279735306262,0.17631004366812228,0.4692556634304207,0.4,-0.060829699206082985,-0.33344461069812636,-0.08081100167854638,Utilities—Regulated Electric,Utilities,FE
2020Q2,2020,Q2,2020-08-17,2020-06-30,309000000.0,2522000000.0,515000000.0,0.57,1832000000.0,0.7264076130055511,42403000000.0,7143000000.0,1986000000.0,2544000000.0,35260000000.0,303000000.0,-3584000000.0,21018760000.0,43078760000.0,13.178966789667896,0.7806603773584906,0.52298186449072,3.104577908441831,0.01445731418663903,13.178966789667896,0.04325913481730365,8.334163362410784,17.005469255663428,2.942567548649027,0.6828478964401294,2.277227722772277,0.010038651185892982,0.05947692380256114,0.529874213836478,0.007287220243850671,618.1988235294118,0.7264076130055511,3.0714285714285707,0.28655997789924426,-0.43329765765190115,-0.5561433371715999,-0.04434011476264997,3.175675675675676,-0.03195488721804511,0.45476523730754564,-0.3756444182755518,-0.07413587743472376,Utilities—Regulated Electric,Utilities,FE
2020Q1,2020,Q1,2020-04-23,2020-03-31,74000000.0,2709000000.0,532000000.0,0.14,1917000000.0,0.707641196013289,42090000000.0,6814000000.0,2003000000.0,3697000000.0,35276000000.0,285000000.0,-3893000000.0,21677870000.0,43477870000.0,12.595194085027726,0.5417906410603192,0.5215490615348064,3.2216025829175226,-0.0123293703214443,12.595194085027726,0.010859994129732903,8.002166851236618,73.23604729729729,3.1813721749339594,2.8513513513513513,2.778947368421053,0.009733428607146367,0.06436208125445474,0.38030835812821207,0.0017581373247802328,-18.43356292517007,0.707641196013289,1.6823423423423425,-0.74060382008626,-0.4590421467387824,-0.5705720189669037,0.05271828665568369,1.6666666666666667,-0.13495934959349593,-0.7044136873901087,-0.3754855248039166,-0.09111077053798948,Utilities—Regulated Electric,Utilities,FE
2019Q4,2019,Q4,2020-02-10,2019-12-31,-111000000.0,2673000000.0,615000000.0,-0.20517560073937152,1821000000.0,0.6812570145903479,42301000000.0,6975000000.0,2444000000.0,4862000000.0,35326000000.0,281000000.0,-3967000000.0,26292600000.0,46663600000.0,12.89279112754159,0.5026737967914439,0.4963948842816955,3.0104659498207886,0.015981417537306843,12.89279112754159,-0.015913978494623657,9.836363636363636,-59.21756756756757,3.769548387096774,-1.8468468468468469,3.0320284697508897,0.007796870602374813,0.06318999550838042,0.3951048951048951,-0.0026240514408642822,-1143.1565217391305,0.6812570145903479,-1.284966112138016,0.7177159218585771,-0.40278553926836613,-0.5629738273192424,-0.10866372980910426,-1.2838874680306904,-0.09691629955947137,0.9847428081575795,-0.36903512014787426,-0.10963099247389435,Utilities—Regulated Electric,Utilities,FE
2019Q3,2019,Q3,2019-11-04,2019-09-30,391000000.0,2963000000.0,681000000.0,0.72,2043000000.0,0.689503881201485,41506000000.0,7272000000.0,2616000000.0,4239000000.0,34234000000.0,258000000.0,-3856000000.0,25947740000.0,46034740000.0,13.516728624535316,0.6171266808209483,0.5012046451115502,2.860698569856986,0.019023712406285007,13.516728624535316,0.05376787678767877,8.757252784340196,16.590626598465473,3.5681710671067104,0.5268542199488491,3.565891472868217,0.007939034382185116,0.07138726931046113,0.4840764331210191,0.009420324772322073,60.62556074766355,0.689503881201485,0.24137931034482762,-0.08335845138819117,-0.40506103997429904,-0.5530604611632158,0.15033783783783783,0.2532051282051282,0.1641025641025641,-0.18716982977890834,-0.40243557536351415,-0.500599003266321,Utilities—Regulated Electric,Utilities,FE
2019Q2,2019,Q2,2019-07-23,2019-06-30,312000000.0,2516000000.0,585000000.0,0.58,1776000000.0,0.7058823529411765,40884000000.0,7269000000.0,2386000000.0,3983000000.0,33615000000.0,261000000.0,-4247000000.0,22737680000.0,42999680000.0,13.663533834586467,0.5990459452673864,0.5059191859896291,2.8455083230155456,0.016911003117453586,13.663533834586467,0.04292199752373091,9.037233704292527,18.219294871794872,3.1280341174852113,0.657051282051282,2.835249042145594,0.009015871452144634,0.061539966735153113,0.43911624403715793,0.007631347226298797,170.96,0.7058823529411765,-0.0169491525423729,2.848684210526315,-0.43183186799951834,-0.5475294322694697,-0.0989345509893455,-0.025,-0.06995230524642289,1.2288779800741523,-0.40900840752277634,-0.4909264592180899,Utilities—Regulated Electric,Utilities,FE
2019Q1,2019,Q1,2019-04-23,2019-03-31,320000000.0,2883000000.0,629000000.0,0.59,1971000000.0,0.6836628511966701,40490000000.0,6932000000.0,2314000000.0,4324000000.0,33558000000.0,268000000.0,-4559000000.0,21968500000.0,42114500000.0,13.079245283018867,0.5351526364477336,0.5018523092121512,2.93133294864397,0.018289532485164916,13.079245283018867,0.04616272360069244,7.620013874436351,17.162890625000003,3.1691431044431626,0.6375,3.4029850746268657,0.009286023169538202,0.07120276611509015,0.38737280296022203,0.0079031859718449,-29.84850543478261,0.6836628511966701,1.3599999999999999,0.216255442670537,-0.45590788092803697,-0.5651322192044989,0.05967741935483871,1.318840579710145,0.228515625,-0.2195121951219513,-0.40387697079348667,-0.5550349033138089,Utilities—Regulated Electric,Utilities,FE
2018Q4,2018,Q4,2019-02-19,2018-12-31,138000000.0,2710000000.0,512000000.0,0.25,1860000000.0,0.6863468634686347,40063000000.0,6814000000.0,2392000000.0,4634000000.0,33249000000.0,252000000.0,-4879000000.0,19225600000.0,38362600000.0,13.30859375,0.5161847216227881,0.48683323765070013,2.862342236571764,0.02095085551275231,13.30859375,0.020252421485177575,7.094317343173432,34.82898550724637,2.8214851775755796,1.3985507246376812,3.373015873015873,0.010038698402130494,0.0676434615480618,0.40526542943461374,0.0034445747946983503,161.5596638655462,0.6863468634686347,1.2450980392156863,-0.20659110915492956,-0.39334770016451875,-0.5616930202095808,-0.0931253047294003,1.3013100436681222,-0.27887323943661974,1.504476631637168,-0.36771370199096304,-0.5467727915425489,Utilities—Regulated Electric,Utilities,FE
2018Q3,2018,Q3,2018-10-25,2018-09-30,-458000000.0,3064000000.0,710000000.0,-1.02,2051000000.0,0.6693864229765013,39443000000.0,6873000000.0,2596000000.0,5800000000.0,32570000000.0,240000000.0,-5017000000.0,18616030000.0,37616030000.0,13.664015904572565,0.4475862068965517,0.49276170676672665,2.827877200640186,0.020084527962060367,13.664015904572565,-0.06663756729230322,6.075727806788512,-10.161588427947597,2.708574130656191,-0.42358078602620086,4.220833333333333,0.010421126308885406,0.07768171792206476,0.35379310344827586,-0.011611692822554065,88.22763033175356,0.6693864229765013,-4.642857142857142,-2.7458916227406207,-0.36912124872174296,-0.5446780414452063,0.12137780207763806,-2.531772575250836,0.033478893740902474,-1.9750811586179127,-0.37504635056505503,-0.5422603367677045,Utilities—Regulated Electric,Utilities,FE
2018Q2,2018,Q2,2018-07-31,2018-06-30,299000000.0,2704000000.0,687000000.0,0.28,1829000000.0,0.676405325443787,38971000000.0,7699000000.0,2363000000.0,5068000000.0,31272000000.0,281000000.0,-4559000000.0,17129069999.999998,36130070000.0,16.140461215932913,0.46625887924230464,0.4941366657257961,2.501233926483959,0.01781349711649545,16.140461215932913,0.03883621249512924,6.33471523668639,14.321964882943142,2.2248434861670345,0.6454849498327759,3.113879003558719,0.011267395135871359,0.06938492725359884,0.34550118389897394,0.007672371763619101,-129.7656818181818,0.676405325443787,-0.8897637795275589,2.5976632407833513,-0.32664308697379835,-0.4728718815329356,-0.06873727087576374,-0.7815924032140248,0.1507537688442211,0.4145674278859629,-0.309605186334746,-0.4564026629590032,Utilities—Regulated Electric,Utilities,FE
2018Q1,2018,Q1,2018-04-23,2018-03-31,1369000000.0,2976000000.0,597000000.0,2.54,1964000000.0,0.6599462365591398,38795000000.0,7375000000.0,2310000000.0,5065000000.0,31420000000.0,273000000.0,-4858000000.0,16188760000.0,35037760000.0,15.493697478991596,0.456071076011846,0.49225415646346177,2.5894237288135593,0.009304725193211141,15.493697478991596,0.1856271186440678,5.439771505376344,2.9563111760409058,2.1950861016949155,0.14024835646457268,3.706959706959707,0.01186008069796575,0.07671091635520041,0.3415597235932873,0.03528805258409589,-11.065454545454546,0.6599462365591398,1.4519572953736655,5.133617732807409,-0.29917453707146574,-0.5016647009681066,-0.18098415346121768,1.5478191276510604,1.3262295081967213,4.454131652661065,-0.3245741714699737,-0.4717487335070083,Utilities—Regulated Electric,Utilities,FE
2017Q4,2017,Q4,2018-02-20,2017-12-31,-2499000000.0,3442000000.0,-1830000000.0,-5.62,2398000000.0,0.6966879721092388,42257000000.0,3925000000.0,3108000000.0,4077000000.0,38332000000.0,463000000.0,-6262000000.0,13625900000.0,35533900000.0,8.820224719101123,0.7623252391464312,0.5323851669545874,5.73171974522293,-0.08297310711685757,8.820224719101123,-0.6366878980891719,3.958715862870424,-1.3631352541016408,3.4715668789808922,-0.06442577030812324,2.2548596112311015,0.011815733272664556,0.08145396029060274,0.5501594309541329,-0.059138130960550914,65.50913461538461,0.6966879721092388,-7.314606741573034,-14.86064378985727,0.06179295584952305,-0.7182166055805358,-0.036947791164658635,-7.3106060606060606,-3.070135746606335,-6.726217228464419,-0.06506918032046513,-0.7010213682172647,Utilities—Regulated Electric,Utilities,FE
2017Q3,2017,Q3,2017-10-26,2017-09-30,396000000.0,3714000000.0,884000000.0,0.89,2490000000.0,0.6704361873990307,43649000000.0,6406000000.0,2931000000.0,4255000000.0,37243000000.0,543000000.0,-3763000000.0,13688520000.0,35954520000.0,14.427927927927929,0.6888366627497062,0.5192558821507939,3.538089291289416,0.01896329296425233,14.427927927927929,0.061817046518888544,3.685654281098546,8.641742424242423,2.136827973774586,0.4015151515151515,2.25414364640884,0.011615572757317812,0.08508785997388256,0.45616921269095184,0.009072372792045636,20.58424060150376,0.6704361873990307,1.282051282051282,-0.1248966613672497,-0.19087250089337776,-0.5521144981801573,0.11609143881667414,1.2758620689655173,0.625,0.12490869247626009,-0.09638805472138813,-0.5229310557605314,Utilities—Regulated Electric,Utilities,FE
2017Q2,2017,Q2,2017-07-27,2017-06-30,174000000.0,3309000000.0,544000000.0,0.39,2231000000.0,0.6742218192807494,43327000000.0,6320000000.0,2755000000.0,4647000000.0,37007000000.0,553000000.0,-4159000000.0,12947040000.0,35655040000.0,14.234234234234235,0.5928556057671616,0.5267385233226395,3.6110759493670885,0.011161840316912494,14.234234234234235,0.027531645569620254,3.9126745240253853,18.60206896551724,2.0485822784810126,0.9195402298850575,1.9493670886075949,0.012358037049395074,0.07637270062547603,0.35506778566817304,0.004015971565074896,446.44965517241377,0.6742218192807494,-0.15217391304347827,-0.12610203786674373,-0.19674928223648824,-0.560222592007433,-0.03877638948728996,-0.15121951219512195,-0.05226480836236934,1.5717905405405403,-0.10465242130001863,-0.5286305780668313,Utilities—Regulated Electric,Utilities,FE
2017Q1,2017,Q1,2017-04-27,2017-03-31,205000000.0,3552000000.0,574000000.0,0.46,2321000000.0,0.6534346846846847,43212000000.0,6139000000.0,2760000000.0,7657000000.0,37073000000.0,531000000.0,-4333000000.0,14096260000.0,36591260000.0,13.857787810383748,0.36045448609115843,0.5243682310469314,3.6909920182440135,0.012344554810263973,13.857787810383748,0.033393060759081286,3.968541666666667,17.190560975609756,2.2961817885649127,0.775609756097561,2.318267419962335,0.011279587635301845,0.08219938905859484,0.22397805929215098,0.004744052577987596,216.86553846153845,0.6534346846846847,1.0342261904761905,-0.3678720547662256,-0.17813915332727395,-0.5652213987284841,0.07603152526657395,1.0353692201518288,1.0643209323173466,-0.06781776350060771,-0.19800272346094006,-0.53924669952779,Utilities—Regulated Electric,Utilities,FE
2016Q4,2016,Q4,2017-02-21,2016-12-31,-5796000000.0,3375000000.0,-8924000000.0,-13.44,2157000000.0,0.6391111111111111,43148000000.0,6241000000.0,2950000000.0,7126000000.0,36907000000.0,564000000.0,-4532000000.0,13348070000.0,35701070000.0,14.480278422273782,0.4139769856862195,0.5226661722443682,3.6135234738022755,-0.19557883755731242,14.480278422273782,-0.9286973241467713,3.9549837037037037,-0.5757449102829537,2.1387710302836083,-0.026397515527950312,2.1595744680851063,0.01146233125837668,0.07821915268378604,0.25456076340162787,-0.13432835820895522,177.97426666666667,0.6391111111111111,-16.10112359550562,-40.308941638408,-0.16136257849129093,-0.5442201520699969,-0.13303858520900322,-16.25263157894737,-11.364692218350754,-40.58576517107284,-0.10249469258335837,-0.5231046028592466,Utilities—Regulated Electric,Utilities,FE
2016Q3,2016,Q3,2016-11-04,2016-09-30,380000000.0,3917000000.0,861000000.0,0.89,2488000000.0,0.6351799846821548,51961000000.0,11503000000.0,3480000000.0,7043000000.0,40458000000.0,699000000.0,1264000000.0,14059000000.0,36231000000.0,27.065882352941177,0.49410762459179325,0.4373087507938646,1.9753977223333044,0.015149602673679373,27.065882352941177,0.03303486047118143,3.589226448812867,9.249342105263157,1.2222029035903677,0.4026315789473684,2.044349070100143,0.010882708585247884,0.07538346067242739,0.3095271901178475,0.007313177190585247,31.311804008908688,0.6351799846821548,1.34765625,-0.2686082652238978,-0.1836226518579459,-0.13279634956849515,0.19961427193828352,1.3489439853076217,1.883076923076923,0.7144090663788454,-0.045469597155016674,-0.09809161164465785,Utilities—Regulated Electric,Utilities,FE
2016Q2,2016,Q2,2016-07-28,2016-06-30,-1089000000.0,3401000000.0,-975000000.0,-2.56,2074000000.0,0.6098206409879448,51401000000.0,11407000000.0,3076000000.0,6759000000.0,39994000000.0,759000000.0,1190000000.0,14836749999.999998,37237750000.0,26.84,0.45509690782660156,0.43968016186455516,1.981239589725607,-0.025613001116186737,26.84,-0.09546769527483125,4.362466921493678,-3.406049127640036,1.3006706408345752,-0.14049586776859505,1.748353096179183,0.01031223145230593,0.06616602789828992,0.25048084036100016,-0.021186358242057547,-1348.7954545454543,0.6098206409879448,-4.324675324675325,-6.917478063048424,-0.1761124311793684,-0.13685797815048467,-0.12267343485617598,-4.320121951219512,-2.256443298969072,-5.530875179340029,-0.04945054577670794,-0.12343776857566997,Utilities—Regulated Electric,Utilities,FE
2016Q1,2016,Q1,2016-04-26,2016-03-31,328000000.0,3869000000.0,776000000.0,0.77,2364000000.0,0.6110105970535022,52695000000.0,12463000000.0,3230000000.0,6389000000.0,40231000000.0,781000000.0,2279000000.0,15251280000.0,37463280000.0,29.3938679245283,0.5055564251056504,0.42429072967074677,1.7939500922731284,0.013511297626132403,29.3938679245283,0.026317900986921286,3.941917808219178,11.624451219512194,1.2237246248896734,0.4634146341463415,1.9270166453265045,0.009966376592653207,0.07342252585634311,0.2723430896853968,0.006224499478128855,-72.97263157894737,0.6110105970535022,2.452830188679245,4.291320754716982,-0.1273070469798658,-0.2102519577194847,0.149246475449684,2.4513274336283186,2.288135593220339,0.649788217173662,0.022861356932153448,-0.054583195409908414,Utilities—Regulated Electric,Utilities,FE
2015Q4,2015,Q4,2016-02-16,2015-12-31,-226000000.0,3541000000.0,236000000.0,-0.53,2057000000.0,0.580909347641909,52187000000.0,12421000000.0,3040000000.0,5602000000.0,39765000000.0,785000000.0,2256000000.0,13421790000.0,35356790000.0,29.36406619385343,0.5426633345233846,0.4228256079100159,1.7765075275742694,0.00390543882294397,29.36406619385343,-0.018194992351662508,3.7903953685399605,-14.847112831858407,1.080572417679736,-0.672566371681416,1.8904458598726115,0.011324867994507439,0.06785214708643915,0.30810424848268475,-0.0043305804127464695,37.0767679558011,0.580909347641909,-1.5698924731182795,-1.987694077055779,-0.11006025172124138,0.17524992841402842,-0.15419407894736842,-1.5721518987341772,-0.7400881057268722,-0.5089770621685514,0.14914423909288185,-0.06189394152929283,Utilities—Regulated Electric,Utilities,FE
2015Q3,2015,Q3,2015-10-29,2015-09-30,395000000.0,4123000000.0,908000000.0,0.93,2432000000.0,0.5898617511520737,52663000000.0,12627000000.0,3833000000.0,5876000000.0,40035000000.0,738000000.0,2482000000.0,13244130000.0,35332130000.0,29.851063829787233,0.6523144996596324,0.42105463038565977,1.7560782450304901,0.016595854571524935,29.851063829787233,0.031282173121089725,3.2122556390977444,8.38236075949367,1.0488738417676409,0.3848101265822785,2.2913279132791327,0.011476782544417792,0.07829026071435354,0.31620149761742683,0.007500522188253612,16.893022959183675,0.5898617511520737,1.1136363636363638,0.5859054109380986,-0.20517659473006014,0.0410374445629596,0.16196846631629241,1.1122994652406417,0.6389891696750902,-0.08377138089278272,-0.05717519589504664,-0.07333480108529168,Utilities—Regulated Electric,Utilities,FE
2015Q2,2015,Q2,2015-07-30,2015-06-30,187000000.0,3465000000.0,554000000.0,0.44,2093000000.0,0.604040404040404,53005000000.0,12530000000.0,4113000000.0,6789000000.0,40474000000.0,792000000.0,2391000000.0,13736099999.999998,36412100000.0,29.691943127962084,0.6058329650905877,0.42958211489482123,1.8172386272944931,0.009717839521227697,29.691943127962084,0.014924181963288109,3.964242424242424,18.363770053475932,1.0962569832402234,0.8074866310160428,1.7323232323232323,0.010992931035737947,0.06537119139703801,0.27470908823096185,0.0035279690595226864,-236.82931034482755,0.604040404040404,-0.16981132075471703,-0.4916569793436466,-0.202009672610029,0.02119591706080703,-0.07837956847203875,-0.15765765765765766,-0.06734006734006734,-0.011848341232227408,-0.11503088714646385,-0.08264501116098465,Utilities—Regulated Electric,Utilities,FE
2015Q1,2015,Q1,2015-05-01,2015-03-31,222000000.0,3897000000.0,594000000.0,0.53,2271000000.0,0.5827559661277906,52521000000.0,12348000000.0,4011000000.0,6262000000.0,40171000000.0,762000000.0,2205000000.0,14760260000.000002,37146260000.0,29.33016627078385,0.6405301820504631,0.42794310847089734,1.8202137998056365,0.010346171662279264,29.33016627078385,0.017978620019436346,3.787595586348474,16.621914414414416,1.1953563330093944,0.6846846846846847,2.1338582677165356,0.010297921581327156,0.0741988918718227,0.3139572021718301,0.004226880676300908,-27.589271028037388,0.5827559661277906,1.7291830065359477,0.03421960003064906,-0.14701856677219538,0.04333846785844725,0.18035343035343035,1.7254901960784315,2.7626112759643915,-0.27967956778911096,-0.051194113830192504,-0.07978612165520912,Utilities—Regulated Electric,Utilities,FE
2014Q4,2014,Q4,2015-02-17,2014-12-31,-306000000.0,3483000000.0,-337000000.0,-0.7268408551068883,1924000000.0,0.552397358598909,52166000000.0,12420000000.0,3876000000.0,5561000000.0,39744000000.0,817000000.0,2285000000.0,16414790000.0,38108790000.0,29.501187648456057,0.696996942995864,0.4174941532799141,1.7535426731078905,-0.005253225306728512,29.501187648456057,-0.02463768115942029,4.712830892908412,-13.410776143790851,1.3216417069243156,-0.49673202614379086,1.9082007343941247,0.009259941796392154,0.06676762642334087,0.33519151231792843,-0.005865889659931756,8207.395,0.552397358598909,-1.920051715325175,-1.9284017645062774,-0.14859838183902982,0.04782813940070587,-0.10760667903525047,-1.9189189189189189,-1.4706703910614525,-3.1246117303124428,-0.11396860810522144,-0.0714234610651633,Utilities—Regulated Electric,Utilities,FE
2014Q3,2014,Q3,2014-11-04,2014-09-30,333000000.0,3888000000.0,716000000.0,0.79,2156000000.0,0.5545267489711934,51224000000.0,12702000000.0,3785000000.0,5979000000.0,38520000000.0,771000000.0,2592000000.0,14099400000.0,35528400000.0,30.242857142857144,0.6330490048503095,0.4204669686084648,1.6956384821287986,0.014357597071008768,30.242857142857144,0.026216343882853092,3.626388888888889,10.585135135135136,1.1100141709966933,0.45045045045045046,2.2464332036316472,0.010638750585131283,0.07590192097454318,0.32246195015888945,0.006500858972356708,34.3051094890511,0.5545267489711934,4.266666666666667,0.030036630036629975,-0.1742454728370221,0.08264585155776863,0.15727321524422974,4.203125,1.452054794520548,-0.3514397539837854,-0.1800199800199799,-0.031004577210310705,Utilities—Regulated Electric,Utilities,FE
2014Q2,2014,Q2,2014-08-05,2014-06-30,64000000.0,3496000000.0,292000000.0,0.15,1863000000.0,0.5328947368421053,51388000000.0,12683000000.0,4183000000.0,6173000000.0,38703000000.0,802000000.0,2560000000.0,14582400000.0,36260400000.0,30.197619047619046,0.6776283816620768,0.4233284035183311,1.7152093353307578,0.006029690287900934,30.197619047619046,0.005046124733895766,4.17116704805492,56.96249999999999,1.1497595206181503,2.359375,2.036159600997506,0.010354948430985297,0.06803144703043512,0.33014741616717963,0.0012454269479255857,-52.64404332129964,0.5328947368421053,-0.6938775510204082,-0.8881067402806534,-0.22640229433259085,0.023077698704579337,-0.11998110533774209,-0.6923076923076923,-0.2663316582914573,-0.6480926072086293,-0.1430166549378372,-0.02888100000732716,Utilities—Regulated Electric,Utilities,FE
2014Q1,2014,Q1,2014-05-06,2014-03-31,208000000.0,4189000000.0,398000000.0,0.49,2117000000.0,0.5053712103127238,51228000000.0,12602000000.0,4577000000.0,7737000000.0,38623000000.0,740000000.0,2496000000.0,14258570000.0,35454570000.0,30.0763723150358,0.5915729610960321,0.4158858436792379,1.6906046659260434,0.008423733430022257,30.0763723150358,0.016505316616410092,3.4038123657197423,17.137704326923078,1.1314529439771464,0.7259615384615384,2.8,0.010590122291365824,0.08177168735847583,0.28383094222566885,0.0040602795346294995,-14.729927685950413,0.5053712103127238,0.44117647058823517,0.26816550009025075,-0.08839998110163184,0.10826874954798586,0.040294840294840296,0.4647887323943662,-0.007481296758104738,2.3955131264916467,-0.04385241306402281,-0.19191457838461431,Utilities—Regulated Electric,Utilities,FE
2013Q4,2013,Q4,2014-02-27,2013-12-31,142000000.0,3647000000.0,401000000.0,0.34,2035000000.0,0.5579928708527557,50424000000.0,12692000000.0,3887000000.0,7637000000.0,37729000000.0,752000000.0,2590000000.0,13785639999.999998,34217640000.0,30.363636363636363,0.5089694906376849,0.4095272092654292,1.6270091396155058,0.00821065369157865,30.363636363636363,0.011188150015757958,3.779994516040581,24.270492957746477,1.0861676646706586,1.619718309859155,2.143617021276596,0.016684027727403298,0.07232666983975884,0.27969097813277466,0.002816119308265905,62.09747747747747,0.5579928708527557,-0.34615384615384615,-0.6889375684556407,-0.17139530260429992,0.11439640885493829,-0.09915891987605135,-0.3486238532110092,-0.216796875,-0.37199017199017204,-0.07245598666176843,0.2152561306452471,Utilities—Regulated Electric,Utilities,FE
2013Q3,2013,Q3,2013-11-05,2013-09-30,218000000.0,4036000000.0,512000000.0,0.52,2259000000.0,0.5597125867195243,50383000000.0,12544000000.0,3559000000.0,7955000000.0,37836000000.0,731000000.0,2448000000.0,15236100000.000002,35598100000.0,30.00956937799043,0.4473915776241358,0.4085505031459024,1.6409438775510203,0.011294187580108857,30.00956937799043,0.017378826530612245,3.7750495540138758,17.47259174311927,1.2146125637755103,1.055045871559633,2.4309165526675787,0.015095726596701255,0.080106385090209,0.2554368321810182,0.004326856280888395,29.243953934740887,0.5597125867195243,2.3333333333333335,-0.6633854468249373,-0.24813710879284648,-0.019147501246200332,0.11335633316904879,2.3292682926829267,8.481481481481481,-0.11427120365667856,-0.21264143581740144,0.046565227820246774,Utilities—Regulated Electric,Utilities,FE
2013Q2,2013,Q2,2013-08-06,2013-06-30,-164000000.0,3519000000.0,54000000.0,-0.39,2029000000.0,0.5765842568911622,50157000000.0,12799000000.0,3560000000.0,7533000000.0,37354000000.0,806000000.0,2690000000.0,15177580000.0,35761580000.0,30.619617224880383,0.47258728262312494,0.41180692625157006,1.6137979529650754,0.0011924401235096516,30.619617224880383,-0.012813501054769904,4.313037794828076,-23.13655487804878,1.1858410813344793,-1.4024390243902438,1.84863523573201,0.015153930995586911,0.07015969854656379,0.2647019779636267,-0.003269733038259864,-91.43120481927711,0.5765842568911622,-1.8297872340425532,-1.453508468717594,-0.21131811178036142,0.009474421034989279,-0.05890538033395176,-1.836734693877551,-0.9174311926605505,-1.4500857632933104,-0.18181818181818182,0.05310144092811814,Utilities—Regulated Electric,Utilities,FE
2013Q1,2013,Q1,2013-05-07,2013-03-31,196000000.0,3729000000.0,654000000.0,0.47,2156000000.0,0.5781710914454278,50424000000.0,12996000000.0,3499000000.0,7132000000.0,37424000000.0,835000000.0,2854000000.0,17572720000.0,37765720000.0,31.09090909090909,0.4906057206954571,0.4017927970807552,1.5589412126808249,0.01235404600210951,31.09090909090909,0.015081563558017852,4.712448377581121,22.41418367346939,1.3521637426900586,1.1734693877551021,1.8838323353293414,0.01308846894504664,0.07395287958115183,0.26991026360067305,0.003887037918451531,-21.883835616438358,0.5781710914454278,2.3274324324324325,-0.48353096179183136,-0.17241379310344837,0.051233051233051184,0.08614609571788413,2.324324324324324,20.235294117647058,-0.08035190615835767,-0.17793270688087298,0.10597195923664444,Utilities—Regulated Electric,Utilities,FE
2012Q4,2012,Q4,2013-02-25,2012-12-31,-148000000.0,3045000000.0,-34000000.0,-0.35406698564593303,1985000000.0,0.6518883415435139,50406000000.0,13084000000.0,3768000000.0,7605000000.0,37313000000.0,861000000.0,2888000000.0,17455680000.0,36430680000.0,31.301435406698566,0.49546351084812623,0.3798555727492759,1.4633904004891471,-0.000617086905874503,31.301435406698566,-0.011311525527361662,5.732571428571428,-29.485945945945943,1.3341241210638948,-1.554054054054054,1.2311265969802556,0.013176226878586226,0.06040947506249256,0.27626561472715316,-0.0029361583938420028,-74.59692307692308,0.6518883415435139,-1.3505613719266665,-1.401628222523745,-0.2807582154772801,0.06000182284018763,-0.1599661447312738,-1.348235294117647,-1.0374862183020948,-1.452253628724217,-0.2503231365790608,0.11176964173809609,Utilities—Regulated Electric,Utilities,FE
2012Q3,2012,Q3,2012-11-08,2012-09-30,425000000.0,4311000000.0,907000000.0,1.01,2363000000.0,0.5481326838320575,48738000000.0,13433000000.0,3709000000.0,5920000000.0,35289000000.0,875000000.0,3266000000.0,18373020000.0,36927020000.0,32.21342925659472,0.6265202702702702,0.3837662604128196,1.3923918707660239,0.01634160935144912,32.21342925659472,0.03163850219608427,4.261892832289492,10.807658823529412,1.3677525496910594,0.5411764705882353,2.2262857142857144,0.012518355719419018,0.08845254216422505,0.3346283783783784,0.008720095202921744,34.731606805293005,0.5481326838320575,1.2444444444444445,-0.24980112762090562,-0.1368329121377437,0.11688897057536449,0.1487603305785124,1.2727272727272727,0.6283662477558348,0.32406894996823066,-0.07781943459317053,0.15318917734394663,Utilities—Regulated Electric,Utilities,FE
2012Q2,2012,Q2,2012-08-07,2012-06-30,187000000.0,3869000000.0,557000000.0,0.45,2057000000.0,0.531661928146808,48048000000.0,13497000000.0,3608000000.0,6082000000.0,34536000000.0,921000000.0,3310000000.0,20512230000.0,39044230000.0,32.36690647482014,0.5932259125287734,0.38765401265401267,1.3800103726754094,0.010348714193311521,32.36690647482014,0.013854930725346373,5.301687774618765,27.422767379679144,1.5197621693709713,1.2299465240641712,1.9674267100977199,0.011212822789136044,0.08052364302364302,0.32752384084182834,0.003891941391941392,325.5909523809524,0.531661928146808,-0.3835616438356164,-0.5966682275481391,-0.09277389924663672,0.138835598188116,-0.060730593607305934,-0.3888888888888889,-0.25335120643431636,-0.6707098089644227,-0.1377053050314258,0.09657188993038261,Utilities—Regulated Electric,Utilities,FE
2012Q1,2012,Q1,2012-05-01,2012-03-31,306000000.0,4078000000.0,746000000.0,0.73,2190000000.0,0.537027954879843,47691000000.0,13323000000.0,3477000000.0,5773000000.0,34352000000.0,927000000.0,3122000000.0,19056620000.0,37356620000.0,31.873205741626794,0.6022865061493158,0.3852718542282611,1.3791188170832396,0.013639805315673695,31.873205741626794,0.022967800045034903,4.673030897498774,15.569133986928104,1.430355025144487,0.7516339869281046,2.0366774541531822,0.012069296653866215,0.0855087962089283,0.31335527455395806,0.006416304963200604,-19.018582834331337,0.537027954879843,1.1338461538461537,-0.20735852169608973,0.030399593148544277,0.2059509100940853,0.05542168674698795,1.1398601398601398,6.968,0.8701298701298701,-0.11043245896275296,0.1744793388429752,Utilities—Regulated Electric,Utilities,FE
2011Q4,2011,Q4,2012-02-28,2011-12-31,143000000.0,3903000000.0,-125000000.0,0.34210526315789475,2075000000.0,0.5316423264155777,47326000000.0,13280000000.0,3355000000.0,4855000000.0,34027000000.0,811000000.0,3047000000.0,18517400000.0,35652400000.0,31.770334928229666,0.6910401647785788,0.3663314034568736,1.3054969879518072,-0.002578546834146148,31.770334928229666,0.010768072289156626,4.7444017422495515,32.37307692307692,1.3943825301204817,1.6083916083916083,2.2540073982737363,0.012420750213312884,0.08247052360224824,0.41112255406797116,0.0030215948949837298,217.85176470588235,0.5316423264155777,-0.7195858498705782,-0.6093779904306219,0.1870116033550938,0.10413781598938733,-0.24214755295836377,-0.7201565557729941,-1.1223091976516635,-0.6867469879518072,-0.11323166056062027,0.166024606806932,Utilities—Regulated Electric,Utilities,FE
2011Q3,2011,Q3,2011-11-01,2011-09-30,511000000.0,4719000000.0,1022000000.0,1.22,2738000000.0,0.5802076711167621,46661000000.0,13046000000.0,3591000000.0,4863000000.0,33646000000.0,822000000.0,4658000000.0,18772380000.0,36144380000.0,31.210526315789473,0.7384330660086367,0.3785388225713122,1.3539015790280546,0.020658041775311758,31.210526315789473,0.0391690939751648,3.978041958041958,9.18413894324853,1.43893760539629,0.4520547945205479,2.4099756690997567,0.012305312379144255,0.10113370909324704,0.4464322434711084,0.010951329804333384,27.325152838427947,0.5802076711167621,1.8372093023255816,-0.13294901249920957,0.0688651944474534,0.09141936073894545,0.2417233560090703,1.8232044198895028,1.102880658436214,-0.21096313453001347,-0.1209016393442624,0.0201053650145145,Utilities—Regulated Electric,Utilities,FE
2011Q2,2011,Q2,2011-08-02,2011-06-30,181000000.0,4060000000.0,486000000.0,0.43,2205000000.0,0.5431034482758621,47596000000.0,12998000000.0,4118000000.0,5544000000.0,34646000000.0,866000000.0,4607000000.0,18454700000.0,37183700000.0,31.095693779904305,0.7427849927849928,0.4035002941423649,1.477535005385444,0.009487835440980107,31.095693779904305,0.013925219264502232,4.545492610837439,25.489917127071823,1.4198107401138638,1.270718232044199,2.1420323325635104,0.012462949817661625,0.08530128582233801,0.4166666666666667,0.0038028405748382218,-636.3689655172413,0.5431034482758621,1.866666666666667,-0.5328003021908839,0.14351662619316685,0.07497760959197013,0.13835828600929273,2.62,0.5428571428571428,-0.49948150708606986,-0.09006863706401447,0.02516981987755218,Utilities—Regulated Electric,Utilities,FE
2011Q1,2011,Q1,2011-05-03,2011-03-31,50000000.0,3576000000.0,315000000.0,0.15,1937000000.0,0.5416666666666666,47866000000.0,12729000000.0,4646000000.0,5162000000.0,35177000000.0,852000000.0,4426000000.0,12684780000.000002,30989780000.0,37.219298245614034,0.9000387446726075,0.40542347386453853,1.5245502396103385,0.0035862424907118218,37.219298245614034,0.0039280383376541755,3.547197986577182,63.42390000000001,0.9965260428941788,3.8,1.9237089201877935,0.014978580629699529,0.0747085614005766,0.5745834947694692,0.0010445827936322234,302.0185714285715,0.5416666666666666,-0.7227027027027026,-0.7823555873091476,0.2091635063053065,0.3138572020179204,0.06487080813633865,-0.7297297297297297,-0.296875,-0.8389694041867956,-0.030007120333638518,0.2584436288139991,Utilities—Regulated Electric,Utilities,FE
2010Q4,2010,Q4,2011-02-16,2010-12-31,185000000.0,3217000000.0,448000000.0,0.5409356725146199,1819000000.0,0.5654336338203295,34805000000.0,8545000000.0,3698000000.0,4698000000.0,26292000000.0,638000000.0,4609000000.0,12660840000.000002,26406840000.0,24.985380116959064,0.7871434653043848,0.42422065795144376,1.7279110590988882,0.011608924360602214,24.985380116959064,0.021650087770626096,3.935604600559528,17.10924324324324,1.481666471620831,0.9027027027027027,2.1912225705329154,0.01319027805422073,0.09242924867116793,0.5506598552575565,0.005315328257434276,24.972071005917165,0.5654336338203295,-0.08315987709386446,-0.06823122378371749,0.1411196070313443,-0.10533412511106535,-0.09457441513190643,0.0335195530726257,0.07951807228915662,-0.38640132669983407,-0.07127133629244714,-0.15388709417895113,Utilities—Regulated Electric,Utilities,FE
2010Q3,2010,Q3,2010-10-26,2010-09-30,179000000.0,3728000000.0,415000000.0,0.59,2009000000.0,0.5388948497854077,34707000000.0,8717000000.0,3391000000.0,4972000000.0,25990000000.0,652000000.0,4591000000.0,11716160000.0,24188160000.0,28.674342105263158,0.6820193081255028,0.377560722620797,1.5032694734426981,0.011320462376784269,28.674342105263158,0.020534587587472754,3.14274678111588,16.363351955307262,1.3440587358036022,0.9385474860335196,2.6365030674846626,0.014339169147570536,0.10741349007404846,0.4416733708769107,0.005157461030915953,13.783717647058824,0.5388948497854077,-0.32183908045977017,-0.4198148707918445,0.12176612915058761,0.06576760956466271,0.16396292004634994,-0.32452830188679244,-0.21102661596958175,-0.5665859564164649,0.02389453446855268,-0.005816605839416039,Utilities—Regulated Electric,Utilities,FE
2010Q2,2010,Q2,2010-08-03,2010-06-30,265000000.0,3128000000.0,526000000.0,0.87,1726000000.0,0.5517902813299232,34466000000.0,8839000000.0,3114000000.0,5045000000.0,25647000000.0,675000000.0,4747000000.0,10709920000.0,25323920000.0,29.075657894736842,0.6172447968285432,0.43216503220565194,1.6851453784364747,0.014547560245714792,29.075657894736842,0.02998076705509673,3.4238874680306903,10.103698113207546,1.2116664781083832,0.630188679245283,2.0770370370370372,0.015593020302672662,0.09075610746822955,0.3639246778989098,0.00768873672604886,-75.95687943262412,0.5517902813299232,0.7058823529411764,0.6066065752513308,0.1524737471024779,0.10401013378715883,-0.0005790387955993051,0.7096774193548387,0.2644230769230769,-0.21597633136094677,0.006111289803795433,0.023032407407407373,Utilities—Regulated Electric,Utilities,FE
2010Q1,2010,Q1,2010-05-04,2010-03-31,155000000.0,3299000000.0,416000000.0,0.51,1727000000.0,0.5234919672628069,34078000000.0,8546000000.0,2854000000.0,4886000000.0,25543000000.0,699000000.0,4482000000.0,11883360000.000002,26089360000.0,28.111842105263158,0.5841178878428163,0.4259639650214214,1.6985724315469226,0.010337351487295116,28.111842105263158,0.01813714018254154,3.60210973022128,19.16670967741936,1.3905172010297215,1.0838709677419356,2.2489270386266096,0.01413741568041362,0.0968073243734961,0.3489562013917315,0.0045483889899642,-115.37242718446603,0.5234919672628069,-0.3485714285714286,0.0449370888157894,0.2650014172918965,0.069260865450949,0.1984732824427481,-0.3487394957983193,0.7119341563786008,-0.4479355716878404,0.1461553100713438,0.06363639246326448,Utilities—Regulated Electric,Utilities,FE
2009Q4,2009,Q4,2010-02-19,2009-12-31,238000000.0,2954000000.0,243000000.0,0.7828947368421053,1441000000.0,0.487813134732566,34304000000.0,8559000000.0,3320000000.0,5288000000.0,25747000000.0,647000000.0,4495000000.0,14120800000.0,28169800000.0,28.154605263157894,0.6278366111951589,0.43502215485074625,1.7435448066362893,0.047886491279929055,28.154605263157894,0.027806986797523074,4.780230196343941,14.832773109243698,1.6498189040775793,0.7016806722689075,2.338485316846986,0.011826525409325248,0.08611240671641791,0.4294629349470499,0.006937966417910448,37.8573726541555,0.487813134732566,0.016746411483253627,0.2750824369873994,0.2329352756383576,0.07487720370608672,-0.19631901840490798,0.017094017094017096,-0.5010266940451745,-0.10607655502392342,0.2352919241423398,-0.02152229633297419,Utilities—Regulated Electric,Utilities,FE
2009Q3,2009,Q3,2009-11-09,2009-09-30,234000000.0,3408000000.0,487000000.0,0.77,1793000000.0,0.5261150234741784,34674000000.0,8492000000.0,3770000000.0,5736000000.0,26181000000.0,621000000.0,4424000000.0,13898880000.0,28380880000.0,27.93421052631579,0.657252440725244,0.4418296129664879,1.8040508714083843,0.013139471483792499,27.93421052631579,0.027555346208195948,4.078309859154929,14.849230769230768,1.6367027790861985,0.717948717948718,2.600644122383253,0.01208730487636414,0.09828690084789755,0.3657601115760112,0.006748572417373248,-198.55542857142856,0.5261150234741784,-0.4338235294117647,-0.15582895415397535,0.03820841895053505,0.06075963609776155,-0.09030948756976154,-0.43478260869565216,-0.39276807980049877,-0.45406329700904247,0.0613906126681007,-0.023152064566281015,Utilities—Regulated Electric,Utilities,FE
2009Q2,2009,Q2,2009-08-03,2009-06-30,414000000.0,3271000000.0,802000000.0,1.36,1971000000.0,0.6025680220116172,34306000000.0,8973000000.0,3650000000.0,6228000000.0,25305000000.0,644000000.0,4525000000.0,11780000000.0,25660000000.0,29.51644736842105,0.5860629415542711,0.43082842651431236,1.6471637133623092,0.020999658066298173,29.51644736842105,0.04613841524573721,3.6013451543870376,7.113526570048309,1.3128273710018947,0.4033816425120773,2.018633540372671,0.014176570458404073,0.09534775257972367,0.37572254335260113,0.012067859849588993,78.01324503311258,0.6025680220116172,2.4871794871794872,1.1848486842105264,0.11794691311612358,0.14553076728641234,0.04896221394358701,2.4789915966386555,1.3179190751445087,0.4693559556786704,0.2667756073601088,0.02038308777846808,Utilities—Regulated Electric,Utilities,FE
2009Q1,2009,Q1,2009-05-07,2009-03-31,119000000.0,3334000000.0,346000000.0,0.39,1879000000.0,0.5635872825434913,33557000000.0,8250000000.0,3004000000.0,6695000000.0,25273000000.0,657000000.0,4110000000.0,11734400000.0,25573400000.0,27.138157894736842,0.4486930545182972,0.4242929940101916,1.725818181818182,0.010469752178150502,27.138157894736842,0.014424242424242424,3.519616076784643,24.652100840336132,1.4223515151515151,1.411764705882353,2.2146118721461185,0.014316880283610582,0.09935333909467474,0.24869305451829724,0.0035462049646869504,-61.11666666666667,0.5635872825434913,-0.6428915662650602,-0.26422067831215973,0.12688298650726731,0.06359790372425977,-0.03442959917780062,-0.641566265060241,-0.4773413897280967,-0.41725708502024283,0.26825224308574624,-0.04201137903772299,Utilities—Regulated Electric,Utilities,FE
2008Q4,2008,Q4,2009-02-25,2008-12-31,332000000.0,3201000000.0,662000000.0,1.0921052631578947,1946000000.0,0.6079350203061543,33521000000.0,8283000000.0,3053000000.0,7098000000.0,25238000000.0,605000000.0,4159000000.0,14768320000.0,28196320000.0,27.24671052631579,0.43012116089039165,0.41684317293636824,1.68694917300495,0.018845934332486377,27.24671052631579,0.04008209585898829,4.613658231802562,11.120722891566265,1.7829675238440177,0.5060240963855421,2.074380165289256,0.0113757015015926,0.09549237791235345,0.2604959143420682,0.009904239133677396,184.604,0.6079350203061543,-0.2908407382091593,2.2768868903911152,0.24504016939719167,0.07506664309389109,-0.1320249776984835,-0.2951167728237792,-0.1598984771573604,0.881165610360981,0.2773746797857477,-0.024361366656737615,Utilities—Regulated Electric,Utilities,FE
2008Q3,2008,Q3,2008-11-07,2008-09-30,471000000.0,3904000000.0,788000000.0,1.54,2242000000.0,0.5742827868852459,33562000000.0,9301000000.0,2804000000.0,7047000000.0,24261000000.0,587000000.0,3994000000.0,20364960000.0,33758960000.0,30.595394736842106,0.3978998155243366,0.4044752994458018,1.4595204816686378,0.022883413144663415,30.595394736842106,0.05063971615955273,5.216434426229508,10.809426751592355,2.189545210192452,0.35668789808917195,2.831345826235094,0.008249463784853986,0.11632203086824384,0.22193841350929475,0.014033728621655443,36.89304347826087,0.5742827868852459,0.811764705882353,2.0320726264189886,0.11649501803288712,0.12944572591477457,0.20602474448628294,0.7908745247148289,0.628099173553719,0.526632379089616,0.17472504511907033,0.1371692711438486,Utilities—Regulated Electric,Utilities,FE
2008Q2,2008,Q2,2008-08-07,2008-06-30,263000000.0,3245000000.0,484000000.0,0.85,1859000000.0,0.5728813559322034,33545000000.0,9221000000.0,2835000000.0,7137000000.0,24324000000.0,583000000.0,3858000000.0,25028320000.0,38677320000.0,30.332236842105264,0.39722572509457754,0.40897302131465196,1.4877995878971912,0.013117991017785114,30.332236842105264,0.028521852293677475,7.7128875192604,23.791178707224333,2.714273939919748,0.6349809885931559,2.3773584905660377,0.006672441458316019,0.09673572812639737,0.22740647330811264,0.007840214637054702,-26.456997885835094,0.5728813559322034,-0.0555555555555556,5.387798207803994,0.09676162058569393,0.25231056602031393,-0.046177526936890714,-0.04710144927536232,-0.0546875,0.5944812426079246,0.19558098124921383,0.15172275638096974,Utilities—Regulated Electric,Utilities,FE
2008Q1,2008,Q1,2008-05-08,2008-03-31,276000000.0,3277000000.0,512000000.0,0.9,1949000000.0,0.5947512969179127,32415000000.0,8991000000.0,2370000000.0,6169000000.0,23424000000.0,570000000.0,3596000000.0,20860480000.0,32954480000.0,29.575657894736842,0.38417895931269247,0.37525836803948787,1.3529084640195752,0.014427298664133338,29.575657894736842,0.030697364030697363,6.365724748245347,18.89536231884058,2.320151262373485,0.6086956521739131,2.329824561403509,0.00805350595959441,0.10109517198827703,0.21624250283676447,0.00851457658491439,-58.76191549295775,0.5947512969179127,0.020895522388059768,0.10719568699951842,-0.02357761991213932,0.19685494543745763,0.04448017148981779,0.029850746268656716,0.07789473684210527,0.8606621710526318,0.25656551817688555,0.12493850237180935,Utilities—Regulated Electric,Utilities,FE
2007Q4,2007,Q4,2008-02-29,2007-12-31,268000000.0,3079000000.0,475000000.0,0.881578947368421,1866000000.0,0.6060409223773953,32068000000.0,8977000000.0,2230000000.0,5148000000.0,23091000000.0,521000000.0,3487000000.0,21991360000.0,33648360000.0,29.529605263157894,0.4331779331779332,0.36753149557190967,1.3129107719728195,0.013445391642184014,29.529605263157894,0.029854071516096693,7.142370899642741,20.514328358208957,2.4497449036426424,0.5671641791044776,2.328214971209213,0.006911805363560962,0.09601471872271423,0.26903651903651904,0.008357240863165773,594.3610810810811,0.6060409223773953,-0.3421052631578948,9.417821512974065,0.052236155603656916,0.21885924835186113,-0.13047530288909598,-0.35108958837772397,-0.360699865410498,0.4358071139185841,0.28510755372054936,0.1273714987346116,Utilities—Regulated Electric,Utilities,FE
2007Q3,2007,Q3,2007-10-31,2007-09-30,413000000.0,3641000000.0,743000000.0,1.34,2146000000.0,0.589398516890964,31653000000.0,8768000000.0,2406000000.0,5378000000.0,22885000000.0,543000000.0,3387000000.0,19714400000.0,31139400000.0,28.842105263157894,0.4473782075120863,0.361893027517139,1.306455291970803,0.022119187387163737,28.842105263157894,0.047103102189781025,5.4145564405383135,11.93365617433414,2.248448905109489,0.3704600484261501,2.7532228360957642,0.007760824574930001,0.11502859128676586,0.27184827073261436,0.013047736391495276,33.414237288135595,0.589398516890964,0.21818181818181814,0.28443224546192464,-0.016558711083337584,0.08564640173468127,0.11538461538461539,0.22189349112426035,0.2810344827586207,0.4899258202325136,0.1091892175466249,0.09523557339910178,Utilities—Regulated Electric,Utilities,FE
2007Q2,2007,Q2,2007-08-07,2007-06-30,338000000.0,3109000000.0,580000000.0,1.1,1924000000.0,0.6188485043422323,32033000000.0,8640000000.0,2536000000.0,6282000000.0,23393000000.0,583000000.0,3279000000.0,19677920000.0,32798920000.0,28.42105263157895,0.40369309137217446,0.4107638997284051,1.5229166666666667,0.016059795787293725,28.42105263157895,0.03912037037037037,6.329340623994853,14.554674556213017,2.277537037037037,0.44970414201183434,2.032590051457976,0.007724393635099644,0.09705616083413979,0.25963069086278256,0.010551618643274124,-100.91241025641025,0.6188485043422323,0.19565217391304351,0.3966768857336862,0.016486355165862755,0.10101021105450626,0.038876889848812095,0.16551724137931034,-0.22043010752688172,0.783765350877193,0.06257931913116108,0.10301859237207217,Utilities—Regulated Electric,Utilities,FE
2007Q1,2007,Q1,2007-05-09,2007-03-31,290000000.0,2973000000.0,744000000.0,0.92,1852000000.0,0.6229397914564413,31790000000.0,8299000000.0,2347000000.0,6398000000.0,23491000000.0,591000000.0,2941000000.0,20799360000.0,33596360000.0,26.429936305732483,0.3668333854329478,0.4053475935828877,1.552717194842752,0.020784825613039647,26.429936305732483,0.03494396915290999,6.9960847628657925,17.930482758620688,2.506248945656103,0.5482758620689655,1.8967851099830795,0.007644465983568726,0.09351997483485373,0.23804313848077524,0.009122365523749607,-56.06296495956873,0.6229397914564413,0.05047272727272729,1.3212731242537685,-0.010694280920065346,0.04060092114235713,0.21602101116217992,0.05454545454545454,0.5183673469387755,0.7359713375796177,-0.027136138242374413,0.03584130357626709,Utilities—Regulated Electric,Utilities,FE
