Quarters,Year,Quarter,FillingDate,Date,NetIncome,Revenue,OperatingIncome,EPSDiluted,GrossProfit,GrossProfitRatio,TotalAssets,CommonStockEquity,CurrentAssets,CurrentLiability,TotalLiability,Inventory,RetainedEarnings,MarketCap,EnterpriseValue,bookValuePerShare,currentRatio,debtToAssets,debtToEquity,roic,shareholdersEquityPerShare,roe,priceToSalesRatio,peRatio,pbRatio,payoutRatio,inventoryTurnover,dividendYield,assetTurnover,quickRatio,returnOnAssets,priceToFreeCashFlowsRatio,grossProfitMargin,epsdilutedGrowth,fiveYNetIncomeGrowthPerShare,fiveYRevenueGrowthPerShare,fiveYShareholdersEquityGrowthPerShare,grossProfitGrowth,netIncomeGrowth,operatingIncomeGrowth,threeYNetIncomeGrowthPerShare,threeYRevenueGrowthPerShare,threeYShareholdersEquityGrowthPerShare,Industry,Sector,Symbol
2023Q1,2023,Q1,2023-05-03,2023-04-01,1051000.0,175492000.0,1550000.0,0.02,62551000.0,0.356432202,246860000.0,117069000.0,178597000.0,91457000.0,129791000.0,112364000.0,-179700000.0,293950980.0,289018980.0,2.1267099024469998,1.952797489530599,0.17974965567528153,0.3790328780462804,0.006640199618899295,2.1267099024469998,0.008977611494076143,1.6750107127390423,69.9217364414843,2.5109207390513286,0.0,1.0051350966501726,0.0,0.7108968646196224,0.6456586155242354,0.004257473871830187,9.786622053535757,0.3564322020376997,1.1818181818181819,-0.09547003061947426,0.4162239826281048,0.7618101375849208,0.21117242714686804,1.168862467866324,1.2844036697247707,1.7198054363880086,0.3385205478104555,4.172081050928259,Internet Retail,Consumer Cyclical,PRTS
2022Q4,2022,Q4,2023-03-08,2022-12-31,-6224000.0,154524000.0,-5450000.0,-0.11,51645000.0,0.334219927,238399000.0,110072000.0,167871000.0,88028000.0,128327000.0,136026000.0,-180751000.0,338897620.0,366782620.0,2.0332120361305575,1.9070182214749853,0.19568874030511874,0.4238316738135039,-0.02920991388652023,2.0332120361305575,-0.056544807035395016,2.193171416737853,-13.612532937017994,3.078872192746566,0.0,0.7563186449649332,0.0,0.6481738597896803,0.2859658290543918,-0.026107492061627775,44.43393470565098,0.33421992700163083,-5.32183908045977,0.011543733921616178,0.46094156151292265,0.7666744160724126,-0.08019876041889293,-5.565400843881856,-8.38037865748709,0.8349703988429739,0.6325974592603922,4.914216367778474,Internet Retail,Consumer Cyclical,PRTS
2022Q3,2022,Q3,2022-11-10,2022-10-01,-948000.0,164807000.0,-581000.0,-0.0174,56148000.0,0.3406894125,259989000.0,111583000.0,187609000.0,101684000.0,148406000.0,154751000.0,-174527000.0,281666770.0,317454770.0,2.0481085148951013,1.84501986546556,0.2017085338225848,0.4699819865033204,-0.0028972246649896587,2.0481085148951013,-0.008495917836946488,1.7090704278337692,-74.2792114978903,2.524280311516987,0.0,0.7021537825280612,0.0,0.6338998957648209,0.25721844144604855,-0.0036463081130355514,-112.39695530726257,0.3406894124642764,-1.2485714285714284,-1.6789059184043538,0.46958553825458665,0.602412858890195,-0.09343666747396465,-1.2302088392423507,-1.135399673735726,0.5618577675466284,0.5657716544967921,1.0548709751547025,Internet Retail,Consumer Cyclical,PRTS
2022Q2,2022,Q2,2022-08-03,2022-07-02,4118000.0,176220000.0,4291000.0,0.07,61935000.0,0.351464079,266899000.0,108254000.0,193624000.0,114810000.0,158645000.0,163016000.0,-173579000.0,393564600.0,427283600.0,1.9969378343479063,1.6864733037191881,0.18337648323897804,0.45211262401389324,0.02073037084363722,1.9969378343479063,0.03804016479760563,2.2333707865168537,23.892945604662454,3.635566353206348,0.0,0.7010661530156549,0.0,0.6602497573988663,0.19431234213047643,0.01542905743371088,-102.38413111342352,0.35146407899216886,0.9021739130434785,-0.9002914574956711,0.43194495639505526,0.5373310287216521,0.01263856643013636,0.9581550166428912,0.794646591384358,2.857751338657705,0.5719007231780536,0.9641397000437409,Internet Retail,Consumer Cyclical,PRTS
2022Q1,2022,Q1,2022-05-04,2022-04-02,2103000.0,166053000.0,2391000.0,0.0368,61162000.0,0.3683281844,267083000.0,103215000.0,197018000.0,120616000.0,163868000.0,157937000.0,-177697000.0,356781700.0,384368700.0,1.9382734596533397,1.6334317171851165,0.19702489488286412,0.5098289977231991,0.011468184432376618,1.9382734596533397,0.020374945502107254,2.148601350171331,42.413421302900616,3.45668459041806,0.0,0.6641319006945807,0.0,0.6217280770397218,0.26112621874378195,0.007873956784969466,236.90683930942896,0.36832818437486825,1.3825363825363828,0.6701916395936226,0.33129781855431106,2.480038348298047,0.28960296877306174,1.4180914512922465,1.5182054616384915,1.3900145832675967,0.47552080703769994,0.8481272823035955,Internet Retail,Consumer Cyclical,PRTS
2021Q4,2021,Q4,2022-03-02,2022-01-01,-5030000.0,138256000.0,-4614000.0,-0.0962,47427000.0,0.3430375535,235336000.0,95568000.0,168602000.0,96794000.0,139768000.0,138851000.0,-179800000.0,585356800.0,613601800.0,1.828562681769478,1.7418641651342026,0.1971181629669919,0.4854030637870417,-0.02521945582432596,1.828562681769478,-0.052632680395111334,4.233861821548432,-29.093280318091452,6.125029298509961,0.0,0.6541472513701738,0.0,0.5874834279498249,0.2856065458602806,-0.021373695482204167,-328.29882220975884,0.3430375535238977,-0.07968574635241296,-0.7537794615904688,0.29593560380681466,1.7907324734063736,0.0019859294783766083,-0.07963082206482078,-0.0643598615916955,0.3960873800730471,0.43176326373393953,0.6480237924999296,Internet Retail,Consumer Cyclical,PRTS
2021Q3,2021,Q3,2021-11-03,2021-10-02,-4659000.0,141846000.0,-4335000.0,-0.0891,47333000.0,0.3336928782,221809000.0,94470000.0,166854000.0,93470000.0,127339000.0,131768000.0,-174770000.0,826816480.0,842000480.0,1.8075539568345325,1.7851075211297742,0.16168866006338786,0.379633746162803,-0.02630353046272612,1.8075539568345325,-0.049317243569387104,5.828972829688535,-44.366628031766474,8.7521592039801,0.0,0.7172682290085605,0.0,0.6394961430780537,0.3074248421953568,-0.021004557975555546,-66.86207989649037,0.33369287819184185,-3.2274999999999996,-29.52905385328783,0.2896205296525887,1.5575775607640914,-0.1127668747305479,-3.2485521235521237,-2.855736301369863,-8.119885423634278,0.36684088946685234,0.4858580273971954,Internet Retail,Consumer Cyclical,PRTS
2021Q2,2021,Q2,2021-08-06,2021-07-03,2072000.0,157536000.0,2336000.0,0.04,53349000.0,0.3386464046,211167000.0,94020000.0,160508000.0,85957000.0,117147000.0,113964000.0,-170111000.0,986647560.0,985846560.0,1.819131646157418,1.867305745896204,0.15318681422760186,0.3440544564986173,0.013956947293794717,1.819131646157418,0.022037864284194852,6.2629974101157835,119.04531370656372,10.49401786853861,0.0,0.9142097504475097,0.0,0.7460256574180625,0.4670125760554696,0.00981213920735721,-66.49464617873029,0.33864640463132234,1.7168458781362006,0.4861975433978879,0.3521122587784325,1.6458637842644965,0.08490259080001628,1.7612049963262306,1.9351481184947958,3.8907621812808526,0.3848596212764441,0.5304722846761263,Internet Retail,Consumer Cyclical,PRTS
2021Q1,2021,Q1,2021-05-11,2021-04-03,-2722000.0,144802000.0,-2498000.0,-0.0558,49174000.0,0.339594757,212368000.0,85061000.0,163413000.0,95940000.0,127307000.0,97942000.0,-172183000.0,752366800.0,738607800.0,1.7444831829368335,1.7032833020637899,0.15132694191215249,0.37781121783190885,-0.017072453280534833,1.7444831829368335,-0.03200056430091346,5.195831549287993,-69.10055106539309,8.845026510386663,0.0,0.9763737722325458,0.0,0.6818447223687184,0.5798519908276006,-0.012817373615610639,72.19717877363017,0.3395947569784948,0.2195804195804195,-2.5381596828175823,0.26779368138766485,1.7912540056480495,0.18101688402142324,0.21961009174311927,0.23374233128834357,-3.644711623779947,0.31922581128266,0.4451656772784116,Internet Retail,Consumer Cyclical,PRTS
2020Q4,2020,Q4,2021-03-16,2021-01-02,-3488000.0,119730000.0,-3260000.0,-0.0715,41637000.0,0.3477574543,186973000.0,83489000.0,139375000.0,71979000.0,103484000.0,89316000.0,-169461000.0,604136400.0,599918400.0,1.7122436423297784,1.9363286514122175,0.16892278564284682,0.378301333109751,-0.022939005164931595,1.7122436423297784,-0.04177795877301201,5.045823101979454,-43.30106077981652,7.236119728347448,0.0,0.8743450221684804,0.0,0.6403598380514833,0.6093027132913766,-0.0186550999342151,-25.707931914893617,0.34775745427211224,-3.3833333333333333,-2.055346323149958,0.23819235981824186,1.8692287269010899,-0.03441478629901904,-3.51841155234657,-2.8822170900692843,0.3849720682637677,0.25681215939352686,0.48778237745609193,Internet Retail,Consumer Cyclical,PRTS
2020Q3,2020,Q3,2020-11-10,2020-09-26,1385000.0,117406000.0,1732000.0,0.03,43121000.0,0.3672810589,192840000.0,84567000.0,149557000.0,78894000.0,108273000.0,76729000.0,-165973000.0,499142620.0,469810620.0,1.8924719151412075,1.895670139681091,0.1536973656917652,0.35047950146038054,0.011661833942761329,1.8924719151412075,0.016377546797214045,4.2514234366216375,90.09794584837545,5.902333297858503,0.023826714801444042,0.9681476364868563,6.611336855987172e-05,0.6088259697158266,0.8361218850609679,0.007182119892138561,-18.72674345314024,0.36728105888966495,0.0,4.660956607090464,0.26510833152447166,2.225033043245847,0.05613656959514071,-0.11670918367346939,-0.20404411764705882,0.2092737343593067,0.2763891296315115,0.48064485346185015,Internet Retail,Consumer Cyclical,PRTS
2020Q2,2020,Q2,2020-08-11,2020-06-27,1568000.0,118930000.0,2176000.0,0.03,40829000.0,0.3433027831,136913000.0,20376000.0,102073000.0,93457000.0,116537000.0,65383000.0,-167358000.0,340295040.0,338354040.0,0.5173411872238867,1.0921921311405245,0.1673982748168545,1.1248036906164114,0.030563110710335278,0.5173411872238867,0.07695327836670593,2.861305305641974,54.25622448979592,16.70077738515901,0.0,1.194515393909732,0.0,0.8686538166572934,0.37017023871941107,0.011452528247865433,37.48155523736094,0.34330278314975193,2.132075471698113,2.3437999316911857,0.36233908778104396,-0.07149893680545136,0.3710668591960778,2.6032719836400817,8.71631205673759,-0.947744787910882,0.3301483400559654,-0.6017278826235023,Internet Retail,Consumer Cyclical,PRTS
2020Q1,2020,Q1,2020-05-06,2020-03-28,-978000.0,87818000.0,-282000.0,-0.0265,29779000.0,0.3390990458,112574000.0,15161000.0,82200000.0,78164000.0,97413000.0,57360000.0,-168893000.0,66736510.0,71506510.0,0.4111903664126278,1.051635023796121,0.1680494607991188,1.2478068728975662,-0.00552440836393936,0.4111903664126278,-0.0645076182309874,0.7599411282425015,-17.059435071574644,4.401854099333818,0.0,1.0118375174337517,0.0,0.7800913177110168,0.2618340924210634,-0.008687618810737825,5.448323128418647,0.3390990457537179,0.9621428571428572,-1.8304430534236886,0.05138324583896219,-0.28274071928851024,0.40546535774966963,0.9610156654841153,0.8682858477347034,-2.1217827018524043,0.01684530457996642,-0.2617356253628955,Internet Retail,Consumer Cyclical,PRTS
2019Q4,2019,Q4,2020-03-10,2019-12-28,-25087000.0,62959000.0,-2141000.0,-0.7,21188000.0,0.3365364761,87946000.0,12380000.0,62373000.0,59946000.0,75566000.0,52500000.0,-167876000.0,76343320.0,89913320.0,0.34378384382549776,1.0404864377940146,0.18014463420735452,1.2797253634894992,-0.4826978342215867,0.34378384382549776,-2.0264135702746366,1.2125878746485808,-0.7607856658827281,6.166665589660743,0.0,0.7956380952380953,0.0,0.7158824733359107,0.15427217829379775,-0.2852545880426625,70.9510408921933,0.33653647611937926,-16.632241813602015,-7.9508502010531865,-0.16822668890258438,-0.40126290456225366,0.002128363997540557,-16.617275280898877,-0.4674434544208362,-11.694721806093908,-0.143505223370026,-0.47532083731038766,Internet Retail,Consumer Cyclical,PRTS
2019Q3,2019,Q3,2019-11-01,2019-09-28,-1424000.0,69273000.0,-1459000.0,-0.0397,21143000.0,0.3052127091,105570000.0,35738000.0,57383000.0,54286000.0,69832000.0,47699000.0,-142750000.0,54142560.0,69290560.0,0.9967090584560464,1.0570496997384224,0.15398313914937956,0.45486596899658627,-0.015795227311458927,0.9967090584560464,-0.039845542559740335,0.7815824347148239,-9.505365168539326,1.5149857294756282,0.0,1.009035828843372,0.0,0.6561807331628303,0.11769148583428508,-0.01348868049635313,443.79147540983604,0.30521270913631576,0.02933985330073349,0.4660370073361253,-0.04681698913656546,0.8124538041295093,-0.028488719386114046,0.022649279341111873,-0.25884383088869717,-12.601018452896552,-0.08198527634307896,0.41028195195992434,Internet Retail,Consumer Cyclical,PRTS
2019Q2,2019,Q2,2019-08-09,2019-06-29,-1457000.0,73687000.0,-1159000.0,-0.0409,21763000.0,0.2953438191,108966000.0,36227000.0,62390000.0,58506000.0,72739000.0,52552000.0,-141286000.0,44540000.0,57977000.0,1.0166984732824427,1.0663863535363893,0.13141713929115503,0.3952852844563447,-0.015844612095983916,1.0166984732824427,-0.04021862147017418,0.6044485458764776,-7.642415923129718,1.2294697325199437,-0.026767330130404943,0.9880499314964226,0.0008756174225415357,0.6762384597030267,0.10120329538850716,-0.013371143292403135,-11.81745821172725,0.2953438191268473,0.5910000000000001,0.37152871040565544,-0.09950445672958347,0.6896730839641645,0.08117641214168612,0.5931304104998604,0.66366802089379,-2.5158710465486354,-0.08264014705357393,0.47875261015729553,Internet Retail,Consumer Cyclical,PRTS
2019Q1,2019,Q1,2019-05-10,2019-03-30,-3581000.0,74739000.0,-3446000.0,-0.1,20129000.0,0.2693239139,108078000.0,37090000.0,66088000.0,60596000.0,70988000.0,51706000.0,-139788000.0,35718650.0,40694650.0,1.0487770394457798,1.0906330450854842,0.0907770314032458,0.2645187382043678,-0.05635660583467044,1.0487770394457798,-0.09654893502291723,0.47791179972972614,-2.493622591454901,0.9630264222162307,-0.011449315833566042,1.0561636947356206,0.0011478597315408056,0.691528340642869,0.12386956234734967,-0.03313347767353208,10.863336374695864,0.2693239138869934,0.375,-17.817946743027406,0.037108727553747056,0.6235739710112643,0.36634537062177575,0.35778335724533716,0.47171546834278705,-3.790022196635814,-0.09778230650247946,0.6780919076883611,Internet Retail,Consumer Cyclical,PRTS
2018Q4,2018,Q4,2019-03-13,2018-12-29,-5576000.0,64646000.0,-6523000.0,-0.16,14732000.0,0.2278872629,97965000.0,38822000.0,58785000.0,48319000.0,59143000.0,49626000.0,-137791000.0,32889659.999999996,40011660.0,1.1095487153105261,1.2166021647799004,0.0934313275149288,0.23576837875431456,-0.09211225068980898,1.1095487153105261,-0.14362990057184072,0.5087655848776412,-1.4746081420373027,0.8471912832929782,-0.007352941176470588,1.005803409503083,0.0012465923940837335,0.6598887357729801,0.13205985223204122,-0.05691828714336753,-5.406815715929639,0.22788726293970238,-17.0,-3.0061196160302672,0.030219617528552845,0.7711515676010257,-0.22646363875032818,-13.730593607305936,-8.925880923450789,-5.806735894295744,-0.06833675632095035,0.8592850743679438,Internet Retail,Consumer Cyclical,PRTS
2018Q3,2018,Q3,2018-10-31,2018-09-29,438000.0,69463000.0,823000.0,0.01,19045000.0,0.2741747405,106369000.0,42557000.0,68899000.0,52712000.0,63812000.0,53362000.0,-132174000.0,54223650.0,55229650.0,1.2165051596489724,1.307083775990287,0.08748789590952251,0.2186714289071128,0.01283896099705338,1.2165051596489724,0.010292078858942125,0.7806119804788161,30.949571917808218,1.2741417393143313,0.091324200913242,0.9448296540609422,0.0007376854933225631,0.6530380091944081,0.2341971467597511,0.004117741071176752,32.391666666666666,0.2741747405093359,1.7194244604316546,1.2972848836186481,0.06860180639355994,0.8541740108846271,-0.11356760530602746,1.9030927835051545,0.6899383983572895,2.4788814090653557,-0.04389543698422171,1.0730925018003579,Internet Retail,Consumer Cyclical,PRTS
2018Q2,2018,Q2,2018-08-09,2018-06-30,-485000.0,76973000.0,487000.0,-0.0139,21485000.0,0.2791238486,104744000.0,41568000.0,67288000.0,51993000.0,63176000.0,54187000.0,-132571000.0,52458000.0,55091000.0,1.1886080292805674,1.2941742157598137,0.09028679447032766,0.22750673595073134,-0.06619002487923288,1.1886080292805674,-0.011667628945342571,0.6815116989074091,-27.040206185567012,1.2619803695150114,-0.08041237113402062,1.024009448760773,0.0007434519043806473,0.7348678683265867,0.24185948108399208,-0.004630336821202169,-24.18533886583679,0.27912384862224415,-1.6949999999999998,0.9519909944590235,0.07373163119962385,0.723081034830741,-0.08414680932691078,-1.6598639455782314,-0.6973275326289621,0.5318859224925369,-0.006990007420502922,1.133261078304549,Internet Retail,Consumer Cyclical,PRTS
2018Q1,2018,Q1,2018-05-09,2018-03-31,735000.0,78385000.0,1609000.0,0.02,23459000.0,0.2992791988,111733000.0,42033000.0,73718000.0,58405000.0,69700000.0,58120000.0,-131957000.0,71383050.0,71767050.0,1.2071163952787112,1.2621864566389864,0.08597281018141462,0.22853472271786454,0.016405757257385047,1.2071163952787112,0.017486260795089574,0.9106723225106844,24.279948979591836,1.698262079794447,0.055782312925170066,0.9450447350309704,0.0005743660434795096,0.7015384890766381,0.2218816882116257,0.006578181915817171,10.096612446958982,0.29927919882630605,1.1666666666666665,1.1966266037331235,0.07179895196792271,0.2604637918845973,0.13044525828835773,1.1801912233390537,1.731748726655348,3.252405521329883,-0.006302607891470955,1.1056316201333682,Internet Retail,Consumer Cyclical,PRTS
2017Q4,2017,Q4,2018-03-14,2017-12-30,-4079000.0,68518000.0,589000.0,-0.12,20752000.0,0.302869319,100698000.0,40361000.0,62532000.0,48898000.0,60337000.0,54231000.0,-132996000.0,88376400.0,95278400.0,1.1508696891930426,1.2788253098286229,0.0968440286798149,0.24161938504992445,-0.2169323319811919,1.1508696891930426,-0.10106290726196081,1.2898274905864153,-5.416548173571954,2.189648422982582,-0.009806325079676392,0.8807877413287603,0.00045260952018864767,0.6804305944507338,0.12047527506237474,-0.040507259329877456,-53.11081730769231,0.3028693190110628,-6.999999999999999,0.8835575196153328,-0.04196384108419775,0.283009046503805,-0.05142386981761667,-5.4385201305767135,-0.5578078078078078,-0.49440626701329177,-0.07049602109205726,1.0043652059593307,Internet Retail,Consumer Cyclical,PRTS
2017Q3,2017,Q3,2017-11-02,2017-09-30,919000.0,73807000.0,1332000.0,0.02,21877000.0,0.2964081998,108900000.0,45829000.0,66344000.0,51504000.0,63071000.0,53719000.0,-128854000.0,103623840.0,106842840.0,1.2781403391343151,1.2881329605467537,0.0908356290174472,0.21584586179056928,0.019700618540016514,1.2781403391343151,0.020052804992472015,1.4039839039657485,28.189292709466812,2.2610975583146042,0.0,0.9666970717995496,0.0,0.6777502295684114,0.18082090711401055,0.008438934802571166,-65.83471410419314,0.29640819976425,-0.9701492537313433,1.2916994631256697,-0.13015664998052187,-0.32124368289758765,-0.058810875924969884,-0.9658592763206776,-0.1172962226640159,1.3446011167542844,0.015569969292473496,1.3242191893628992,Internet Retail,Consumer Cyclical,PRTS
2017Q2,2017,Q2,2017-08-11,2017-07-01,26918000.0,80208000.0,1509000.0,0.67,23244000.0,0.289796529,110718000.0,45895000.0,67572000.0,53192000.0,64823000.0,52195000.0,-129720000.0,114122360.0,114228360.0,1.2989641118532775,1.2703414047225146,0.09062663704185409,0.21862948033554855,0.5814811883337981,1.2989641118532775,0.5865126920143806,1.4228301416317575,1.0599074968422617,2.486596797036714,0.0018203432647299206,1.0913689050675353,0.0004293637110203469,0.7244350512111851,0.24990600090239135,0.24312216622410088,31.011510869565218,0.28979652902453623,31.84313725490196,14.768497557034461,-0.1379915455950817,-0.3326753345399583,-0.02282759490477992,31.987745098039216,0.25228215767634854,12.709562192237824,-0.011491615397773327,1.1587764263556328,Internet Retail,Consumer Cyclical,PRTS
2017Q1,2017,Q1,2017-05-15,2017-04-01,816000.0,80833000.0,1205000.0,0.0204,23787000.0,0.2942733784,88165000.0,19221000.0,70377000.0,57269000.0,68944000.0,57186000.0,-156588000.0,115608500.0,118586500.0,0.5569689944943494,1.2288847369431979,0.11541995122781148,0.5294209458404869,0.029474785685951983,0.5569689944943494,0.04245356641173716,1.43021414521297,35.41927083333333,6.014697466312887,0.14705882352941177,0.9975518483544924,0.001037985961239874,0.916837747405433,0.16895702736209817,0.009255373447513185,18.36221410419314,0.2942733784469214,1.371584699453552,1.9193564552024205,-0.1792358013993137,-0.7196412787980988,0.10524114859213828,1.426332288401254,3.7200902934537248,2.92724064407029,0.14946143931018427,-0.13777635463949164,Internet Retail,Consumer Cyclical,PRTS
2016Q4,2016,Q4,2017-03-07,2016-12-31,-1914000.0,71195000.0,-443000.0,-0.0549,21522000.0,0.3022965096,82134000.0,22853000.0,63658000.0,46789000.0,58812000.0,50904000.0,-156520000.0,122770560.0,126439560.0,0.6552267905269797,1.3605334587189297,0.12555092896973238,0.45123178576116924,-0.010258975048414224,0.6552267905269797,-0.08375268017328141,1.7244267153592248,-16.035862068965518,5.3721857086596945,0.0,0.9758172245796009,0.0,0.8668152044220421,0.2052405479920494,-0.02330338227774125,249.53365853658536,0.30229650958634735,-4.330097087378641,0.7613719986205392,-0.19331997610724952,-0.6717463809230166,-0.039796555724101006,-17.764705882352942,-4.273809523809524,-0.37950423416610124,0.13819745180432189,0.04592609694587559,Internet Retail,Consumer Cyclical,PRTS
2016Q3,2016,Q3,2016-11-01,2016-10-01,-102000.0,73515000.0,-84000.0,-0.0103,22414000.0,0.3048901585,83466000.0,24688000.0,63290000.0,45473000.0,57748000.0,49471000.0,-155107000.0,114926280.0,117870280.0,0.7067445322340548,1.3918149231412047,0.1251886995902523,0.42324206092028516,-0.0018075246822157624,0.7067445322340548,-0.004131561892417369,1.5633038155478474,-281.6820588235294,4.655147440051847,0.0,1.0329485961472378,0.0,0.8807778017396305,0.22507861808105908,-0.0012220544892531091,44.08372842347526,0.3048901584710603,-1.5988372093023255,0.9831824721187233,-0.1813750184163704,-0.6783496244272773,-0.056411551738654545,-1.1092077087794432,-1.0971098265895953,0.930668198244366,0.13258792796229166,0.07720656473115671,Internet Retail,Consumer Cyclical,PRTS
2016Q2,2016,Q2,2016-08-09,2016-07-02,934000.0,78055000.0,865000.0,0.0172,23754000.0,0.3043238742,76218000.0,23806000.0,55871000.0,38704000.0,51124000.0,44421000.0,-154944000.0,137807500.0,143480500.0,0.6875379061371841,1.4435458867300537,0.13889107559893987,0.4446778123162228,0.020954777891413576,0.6875379061371841,0.0392338066033773,1.7655179040420217,36.886375802997854,5.788771738217256,0.0,1.222417325139011,0.0,1.0241019181820568,0.20568933443571724,0.012254323125770815,43.83190203562341,0.3043238741912754,-0.31746031746031744,1.3213300129873786,-0.18292771848078318,-0.7071730968436609,-0.03407612231620039,-0.2539936102236422,-0.26818950930626057,1.0933810032154,0.09973677886705376,-0.00330176340027141,Internet Retail,Consumer Cyclical,PRTS
2016Q1,2016,Q1,2016-05-10,2016-04-02,1252000.0,80806000.0,1182000.0,0.0252,24592000.0,0.3043338366,78861000.0,21560000.0,58114000.0,43300000.0,55760000.0,46937000.0,-155819000.0,93486870.0,102602870.0,0.6249818824825347,1.3421247113163972,0.17319080407298917,0.6334879406307977,0.030329910675823753,0.6249818824825347,0.058070500927643785,1.1569298071925351,18.667505990415336,4.3361256957328385,0.0,1.197647911029678,0.0,1.0246636486983427,0.18632794457274826,0.015876035049010286,10.56348813559322,0.3043338365962924,2.076923076923077,5.5107143485413985,-0.17994822536907992,-0.7407820220363407,0.2267784096577871,2.568922305764411,2.669491525423729,1.3380797652196925,0.11527992503808096,-0.3473976192070344,Internet Retail,Consumer Cyclical,PRTS
2015Q4,2015,Q4,2016-03-11,2016-01-02,-798000.0,67593000.0,-708000.0,-0.0234,20046000.0,0.2965691714,83756000.0,20340000.0,62529000.0,48924000.0,61613000.0,51216000.0,-157011000.0,100547800.0,117458800.0,0.5967609435512263,1.278084375766495,0.26801661970485696,1.103638151425762,-0.010491549708726835,0.5967609435512263,-0.039233038348082595,1.4875475271107954,-31.499937343358397,4.943352999016716,0.0,0.9283622305529522,0.0,0.8070227804575194,0.1806475349521707,-0.009527675629208653,-28.062461624337146,0.29656917136389865,-1.7529411764705882,0.7552861897175065,-0.25383440959049686,-0.7518868097369926,-0.04733390362132877,-1.7708333333333333,-2.189189189189189,0.9765606349320867,-0.027556999430364004,-0.3347207799753403,Internet Retail,Consumer Cyclical,PRTS
2015Q3,2015,Q3,2015-11-04,2015-10-03,-288000.0,70648000.0,-222000.0,-0.0085,21042000.0,0.2978428264,80261000.0,19962000.0,58805000.0,45276000.0,58152000.0,46185000.0,-156496000.0,68376180.0,81820180.0,0.5868069845375977,1.2988117324852018,0.23822279812112981,0.9578198577296864,-0.002608961670714809,0.5868069845375977,-0.014427412082957619,0.9678431095006228,-59.35432291666667,3.42531710249474,0.0,1.0740716682905704,0.0,0.8802282553170282,0.20500927643784786,-0.003588293193456349,-61.822947558770345,0.2978428264069754,0.7185430463576159,0.9802888296808584,-0.12857192581681415,-0.7619016640838747,0.008338125359401954,0.7181996086105675,0.7994579945799458,0.903646905182816,-0.12240037569806834,-0.6883762013610493,Internet Retail,Consumer Cyclical,PRTS
2015Q2,2015,Q2,2015-08-12,2015-07-04,-1022000.0,76462000.0,-1107000.0,-0.0302,20868000.0,0.2729198818,78115000.0,19221000.0,57934000.0,44178000.0,56451000.0,45220000.0,-156443000.0,81412920.0,92566920.0,0.5571788851204452,1.3113767033365022,0.22738270498623825,0.9240934394672493,-0.01767379665318666,0.5571788851204452,-0.05317101087352375,1.0647500719311553,-19.915097847358123,4.235623536756672,0.0,1.2294117647058824,0.0,0.9788388913780964,0.2214903345556612,-0.013083274659156372,239.44976470588236,0.2729198817713374,-2.212765957446808,-2.9439168570653047,0.2632833119023146,-0.8063028284647163,-0.028401154669894776,-2.2341772151898733,-60.5,0.4645960734006949,-0.15835996704133867,-0.7137571317625453,Internet Retail,Consumer Cyclical,PRTS
2015Q1,2015,Q1,2015-05-13,2015-04-04,-316000.0,76388000.0,-18000.0,-0.0094,21478000.0,0.2811698172,83839000.0,19331000.0,63860000.0,49410000.0,61818000.0,48347000.0,-155609000.0,71149200.0,82190200.0,0.5732799525504152,1.2924509208662214,0.22612388029437375,0.9807045677926647,-0.000323615462902107,0.5732799525504152,-0.016346800475919507,0.9314185474158245,-56.28892405063291,3.680575241839532,0.0,1.1357478230293503,0.0,0.9111272796669808,0.24675166970248938,-0.00376912892567898,31.083093053735254,0.28116981724878254,0.8791773778920308,-1.1817504850393483,0.2074384044566078,-0.7996087112168448,0.13550092519164683,0.8790662074244164,0.9920071047957372,0.6356336627105275,-0.20619790659829568,-0.7114309127142057,Internet Retail,Consumer Cyclical,PRTS
2014Q4,2014,Q4,2015-03-20,2015-01-03,-2613000.0,70568000.0,-2252000.0,-0.0778,18915000.0,0.2680393379,82907000.0,19277000.0,62550000.0,47905000.0,60684000.0,48362000.0,-155489000.0,74532060.0,87440060.0,0.5741816340511721,1.3057092161569774,0.24800077194929257,1.066607874669295,-0.04686371743636287,0.5741816340511721,-0.13555013746952327,1.056173619771001,-7.130889781859932,3.86637236084453,0.0,1.0680492949009552,0.0,0.8511705887319526,0.24045506732073896,-0.031517242211152256,-101.95904240766073,0.26803933794354384,-0.045698924731182804,-4.964817746189877,0.37072837628975114,-0.7927074725334324,0.027207559465623983,-0.04771451483560545,-0.016245487364620937,0.6615610780415017,-0.16934431814804335,-0.7123481485956235,Internet Retail,Consumer Cyclical,PRTS
2014Q3,2014,Q3,2014-11-04,2014-09-27,-2494000.0,67965000.0,-2216000.0,-0.0744,18414000.0,0.2709335687,73684000.0,18440000.0,53120000.0,43677000.0,55244000.0,44816000.0,-153023000.0,88859800.0,108074800.0,0.5499224621257306,1.2162007463882594,0.2778079365941046,1.1100867678958786,-0.04595676511539878,0.5499224621257306,-0.13524945770065075,1.3074347090414185,-8.907357658380112,4.818861171366595,0.0,1.1056542306319173,0.0,0.9223847782422235,0.10101426380016942,-0.03384723956354161,-7.37181018748963,0.2709335687486206,-0.14285714285714268,-3.8425708069025126,0.2860450672667009,-0.7981347947989581,-0.09823702252693438,-0.14403669724770643,-0.14285714285714285,0.5716266666642694,-0.21157870242945517,-0.7497217758169528,Internet Retail,Consumer Cyclical,PRTS
2014Q2,2014,Q2,2014-08-06,2014-06-28,-2180000.0,76947000.0,-1939000.0,-0.0651,20420000.0,0.2653774676,65489000.0,20161000.0,44370000.0,33659000.0,45328000.0,35178000.0,-150468000.0,122967020.0,130935020.0,0.6017131260072823,1.3182209810154788,0.14724610239887614,0.4782996875155002,-0.04963267473891862,0.6017131260072823,-0.10812955706562175,1.5980742589054804,-14.101722477064218,6.0992520212291055,0.0,1.6068849849337654,0.0,1.1749606804196124,0.1981639383225883,-0.03328803310479622,72.8477606635071,0.265377467607574,-7.51,-4.087311237804073,0.5647413996541178,-0.7740698772719872,-0.01357422346746534,-11.845771144278608,-4.917171717171717,0.2249528798856245,-0.16762574382227474,-0.7437264335472497,Internet Retail,Consumer Cyclical,PRTS
2014Q1,2014,Q1,2014-05-07,2014-03-29,201000.0,68028000.0,495000.0,0.01,20701000.0,0.3043011701,67932000.0,21565000.0,45885000.0,34746000.0,46367000.0,36613000.0,-148228000.0,98816640.0,107882640.0,0.6459681284447639,1.3205836643066828,0.1539480657127716,0.48495246927892416,0.010232612862907053,0.6459681284447639,0.009320658474379783,1.4525877579820075,122.90626865671642,4.582269418038488,0.0,1.2926283014229918,0.0,1.001413177883766,0.15066482472802625,0.002958841194135312,15.008602673147022,0.30430117010642677,1.2512562814070352,1.2646580212951128,0.5333806258063782,-0.7525787464781626,0.18460658082975678,1.1516981132075472,1.4773384763741562,1.748307349726375,-0.2866078541242297,-0.73207775012726,Internet Retail,Consumer Cyclical,PRTS
2013Q4,2013,Q4,2014-03-12,2013-12-28,-1325000.0,59735000.0,-1037000.0,-0.0398,17475000.0,0.2925420608,69182000.0,20866000.0,46114000.0,36353000.0,48316000.0,36986000.0,-148370000.0,83603080.0,99330080.0,0.6264561066410472,1.2685060380161197,0.23915180249197768,0.7929167066040449,-0.02121034590357409,0.6264561066410472,-0.06350043132368446,1.3995660835356156,-15.774166037735847,4.006665388670564,0.0,1.1425944952144054,0.0,0.8634471394293314,0.13267130635710944,-0.019152380677054725,73.3360350877193,0.29254206076839373,0.054631828978622246,0.6585243177826364,0.5857199262009694,-0.7588080391878251,-0.02412464399396884,0.05289492494639028,0.16773675762439808,0.5842105488776442,-0.3252166407485986,-0.7395405566364606,Internet Retail,Consumer Cyclical,PRTS
2013Q3,2013,Q3,2013-11-06,2013-09-28,-1399000.0,61724000.0,-1246000.0,-0.0421,17907000.0,0.2901140561,73746000.0,21794000.0,50183000.0,39782000.0,51952000.0,40177000.0,-146985000.0,42519040.0,59562040.0,0.6560900716479018,1.261449901965713,0.2460065630678274,0.8324309442965954,-0.025048540011802095,0.6560900716479018,-0.06419197944388363,0.6888574946536193,-7.598112937812723,1.9509516380655225,0.0,1.0905990989869827,0.0,0.8369809887993925,0.12374943441757578,-0.018970520435006643,-9.010180122907396,0.2901140561207958,0.8548275862068966,-1.5601174591377411,0.5171999652374939,-0.7556505997181494,-0.05817072529322043,0.853768161388105,0.6183767228177641,0.901944279907306,-0.22031166980851796,-0.733789885964713,Internet Retail,Consumer Cyclical,PRTS
2013Q2,2013,Q2,2013-08-06,2013-06-29,-9567000.0,67889000.0,-3265000.0,-0.29,19013000.0,0.2800600981,69296000.0,22846000.0,45026000.0,34445000.0,46450000.0,34181000.0,-145526000.0,38086850.0,50089850.0,0.6898155137534346,1.307185367977936,0.18549411221426923,0.5626367854328985,-0.0726227051792637,0.6898155137534346,-0.4187603956929003,0.5610165122479341,-0.9952662799205602,1.6671124047973385,0.0,1.4299172054650244,0.0,0.9796957977372431,0.16986500217738423,-0.1380599168783191,-14.677013487475914,0.28006009810131244,-1.6363636363636362,0.2852726838120219,0.4193571725512993,-0.7425761938756074,-0.03673117843753167,-1.861800777744541,-0.039147040101845956,-19.95425318734528,0.16831144368577985,-0.7601931489806631,Internet Retail,Consumer Cyclical,PRTS
2013Q1,2013,Q1,2013-05-08,2013-03-30,-3343000.0,65405000.0,-3142000.0,-0.11,19738000.0,0.3017812094,81347000.0,29823000.0,49435000.0,49394000.0,51524000.0,37633000.0,-135895000.0,37369200.0,48301200.0,0.957676375196686,1.0008300603312144,0.15033129679029344,0.41005264393253527,-0.07500384598268899,0.957676375196686,-0.11209469201622908,0.571350814157939,-2.794585701465749,1.2530328940750428,0.0,1.2134828475008637,0.0,0.8040247335488709,0.13031947200064786,-0.04109555361599076,-29.10373831775701,0.3017812093876615,0.89,-2.661785653309601,0.566815461756486,-0.6871329459814327,0.11037353735373537,0.8914010980086411,0.40694601736504343,-3.0819959671512644,0.11945285208314282,-0.6652420824955196,Internet Retail,Consumer Cyclical,PRTS
2012Q4,2012,Q4,2013-03-25,2012-12-29,-30783000.0,62848000.0,-5298000.0,-1.0,17776000.0,0.2828411405,88877000.0,27644000.0,55513000.0,59540000.0,61233000.0,42727000.0,-132552000.0,57013300.0,72345300.0,0.8970082419365306,0.9323647967752772,0.18409712299019995,0.5918825061496166,-0.11539982831777518,0.8970082419365306,-1.1135508609463174,0.9071617235234216,-0.4630258584283533,2.062411373173202,0.0,1.054883329042526,0.0,0.7071345792499747,0.10386294927779643,-0.3463550749912801,58.35547594677585,0.2828411405295316,-10.376564277588168,-4.422491822588788,0.6311755937298982,-0.7078578066619727,-0.2235181059712576,-10.354850608631502,-1.0792778649921506,-51.883908242922175,0.3299054194418172,-0.6761597818491106,Internet Retail,Consumer Cyclical,PRTS
2012Q3,2012,Q3,2012-11-06,2012-09-29,-2711000.0,73014000.0,-2548000.0,-0.0879,22893000.0,0.3135426083,124632000.0,58100000.0,63232000.0,62922000.0,66532000.0,48658000.0,-101769000.0,106754840.0,122977840.0,1.8830621637388993,1.0049267346873907,0.1388006290519289,0.29774526678141133,-0.034233930447259565,1.8830621637388993,-0.04666092943201377,1.4621146629413537,-9.844599778679454,1.8374327022375214,0.0,1.0300669982325619,0.0,0.5858367032543809,0.10360446266806522,-0.02175203799987162,-23.665448902682332,0.3135426082669077,-0.5895117540687161,-3.9325370565334117,0.8685952382832425,-0.41574616170909323,-0.05948810648699725,-0.5984669811320755,-1.4713870029097964,-4.358090083593069,0.5014988037139493,-0.3087666784511855,Internet Retail,Consumer Cyclical,PRTS
2012Q2,2012,Q2,2012-08-07,2012-06-30,-1696000.0,80719000.0,-1031000.0,-0.0553,24341000.0,0.3015522987,127142000.0,59662000.0,64757000.0,64149000.0,67480000.0,49229000.0,-99058000.0,128119169.41999999,139830169.42,1.9465249511761937,1.0094779341844768,0.1031602460241305,0.21983842311689183,-0.015279139359687098,1.9465249511761937,-0.028426804331065,1.587224438112464,-18.885490775353773,2.147416603868459,0.0,1.1452192813179223,0.0,0.6348728193673215,0.1331431511013422,-0.013339415771342279,-28.803770103417264,0.30155229871529626,-1.151750972762646,-3.135523656171943,0.8656404012027814,-0.38510655683907297,-0.08588703620249362,-1.1522842639593909,-1.1213991769547325,-3.625636006841691,0.7943675440632592,-0.269122440405174,Internet Retail,Consumer Cyclical,PRTS
2012Q1,2012,Q1,2012-05-09,2012-03-31,-788000.0,87436000.0,-486000.0,-0.0257,26628000.0,0.3045427513,133559000.0,60867000.0,69943000.0,69727000.0,72692000.0,46109000.0,-97362000.0,110604335.2,119784335.2,1.9866298152118,1.003097795688901,0.13487672114945454,0.29595675817766603,-0.007298899470318633,1.9866298152118,-0.012946259878094862,1.2649747838418959,-35.0902078680203,1.8171478009430397,0.0,1.3187880890932355,0.0,0.6546619845910796,0.2604156209215942,-0.0059000142259226255,-42.425905331799,0.3045427512695,0.8882608695652174,-3.5710506153523336,0.5326182334765283,-0.49764687924389867,0.1176495278069255,0.8877332953412167,0.8584328575589864,-0.13054706053109946,1.147464404703235,-0.2390732336176082,Internet Retail,Consumer Cyclical,PRTS
2011Q4,2011,Q4,2012-03-26,2011-12-31,-7019000.0,77233000.0,-3433000.0,-0.23,23825000.0,0.3084821255,142216000.0,60924000.0,75621000.0,66955000.0,81292000.0,52245000.0,-96574000.0,133379081.73,141091081.73000002,1.9960992124608175,1.1294302143230528,0.1268985205602745,0.2962215218961329,-0.03481184684645678,1.9960992124608175,-0.11520911299323748,1.7269700999572721,-4.750644027995441,2.1892699384479024,0.0,1.0222605033974543,0.0,0.5430682904877089,0.2993503099096408,-0.04935450300950667,-41.73312945244055,0.30848212551629484,-0.3529411764705882,-20.314756251309937,-0.018117287349908848,0.37329814879245204,-0.021359622098993634,-0.3223436322532027,0.34183282208588955,-0.9740648488880845,1.237395653567393,-0.23148153888948445,Internet Retail,Consumer Cyclical,PRTS
2011Q3,2011,Q3,2011-11-09,2011-10-01,-5308000.0,78593000.0,-5216000.0,-0.17,24345000.0,0.3097604112,147789000.0,67173000.0,75594000.0,63145000.0,80616000.0,45717000.0,-89555000.0,154997363.04000002,159479363.04000002,2.197244542232052,1.1971494180061764,0.1328447990039854,0.29227517008321796,-0.05997593218629922,2.197244542232052,-0.0790198442826731,1.9721522659778863,-7.300177234363226,2.3074354731811892,0.0,1.1866045453551195,0.0,0.5317919466266096,0.40788661018291233,-0.03591606953156189,-162.3009037068063,0.3097604112325525,-1.0262216924910608,-3.0248079349537305,0.30958089603880606,0.5316736476605072,-0.14320405433941014,-1.0702028081123245,-1.337965038099507,-9.554319124732192,1.0990837118220154,-0.18167427100603573,Internet Retail,Consumer Cyclical,PRTS
2011Q2,2011,Q2,2011-08-10,2011-07-02,-2564000.0,84268000.0,-2231000.0,-0.0839,28414000.0,0.3371861205,149122000.0,71713000.0,76812000.0,58335000.0,77409000.0,45804000.0,-84247000.0,233654233.05,238648233.05,2.3479328529117782,1.3167395217279507,0.14245382975013748,0.29622244223502014,-0.025908440827680866,2.3479328529117782,-0.03575362904912638,2.7727516144918596,-22.782199010335415,3.258185169355626,0.0,1.2194131516898088,0.0,0.5650943522753182,0.44913002485643266,-0.017193975402690416,-79.33929814940578,0.33718612047277735,-9.487499999999999,-1.4894914125276133,0.40544962162592196,0.0,-0.06582062072593371,-9.465306122448979,-277.875,0.7922946780147008,0.9103809054703607,-0.1238036845064443,Internet Retail,Consumer Cyclical,PRTS
2011Q1,2011,Q1,2011-05-10,2011-04-02,-245000.0,86978000.0,-8000.0,-0.008,30416000.0,0.3496976247,150343000.0,73416000.0,76994000.0,56571000.0,76927000.0,42679000.0,-81682000.0,258216661.44000003,261629661.44000003,2.4110283067255196,1.361015361227484,0.1483075367659286,0.30370763866187206,-8.993189494302861e-05,2.4110283067255196,-0.0033371472158657514,2.9687583232541566,-263.48638922448976,3.5171714808761037,0.0,1.3252887837109586,0.0,0.5785304270900541,0.4994255006982376,-0.001629606965405772,83.3763840619955,0.3496976246867024,0.916405433646813,-1.0469155648456407,0.4550764850745097,0.0,0.11015402584130228,0.9154005524861878,0.996661101836394,0.725547765099321,1.1308872010218471,-0.21233169887305117,Internet Retail,Consumer Cyclical,PRTS
2010Q4,2010,Q4,2011-03-17,2011-01-01,-2896000.0,80449000.0,-2396000.0,-0.0957,27398000.0,0.3405635869,153537000.0,72804000.0,79611000.0,58926000.0,80733000.0,48100000.0,-81437000.0,254263480.8,260985480.8,2.405196365895106,1.3510334996436208,0.15837876212248514,0.3340063732761936,-0.025145701806845045,2.405196365895106,-0.039778034173946486,3.1605548956481746,-21.94954081491713,3.4924383385528266,0.0,1.1029313929313929,0.0,0.5239714205696346,0.46604215456674475,-0.018861902994066575,-48.18333916998295,0.3405635868686994,0.7774418604651162,-1.306379567864309,1.2318498073114206,5.060048106473639,0.1412504686133211,0.7778970779967789,-0.13339640491958374,0.48061874701427093,1.1258354837190006,-0.21666344979808266,Internet Retail,Consumer Cyclical,PRTS
2010Q3,2010,Q3,2010-11-16,2010-10-02,-13039000.0,72349000.0,-2114000.0,-0.43,24007000.0,0.3318221399,161197000.0,74819000.0,88954000.0,64505000.0,86378000.0,46429000.0,-78541000.0,250453401.0,250913401.0,2.46455726907857,1.3790248817921091,0.15508973492062508,0.3341397238669322,-0.13366496877467324,2.46455726907857,-0.17427391438003714,3.4617396370371396,-4.8020055410691,3.3474572100669615,0.0,1.041202696590493,0.0,0.44882348927089216,0.4674831408417952,-0.08088860214520122,-18.029904326542365,0.33182213990518183,-44.0,-2.7873600759610593,1.1458507321903613,0.0,0.3049410229928793,-29.22294372294372,-4.212765957446808,-15.334969283314212,0.8818288366792135,-0.23532686712377363,Internet Retail,Consumer Cyclical,PRTS
2010Q2,2010,Q2,2010-08-17,2010-07-03,462000.0,53188000.0,658000.0,0.01,18397000.0,0.3458862901,118050000.0,87201000.0,74823000.0,30532000.0,30849000.0,26536000.0,-65502000.0,184312026.24,169115026.24,2.8765463155921736,2.450641949430106,0.0,0.0,0.00507445805201645,2.8765463155921736,0.005298104379536932,3.4652934165601263,99.73594493506494,2.113645786630887,0.0,1.311086825444679,0.0,0.45055484963998305,1.400530590855496,0.003913595933926302,-143.2105875990676,0.3458862901406332,-0.7999999999999999,-0.9365790659678271,0.5798051552166247,0.0,-0.07118695410713384,-0.7013574660633484,-0.7341414141414141,-0.4118227090297042,0.24294972787445257,-0.09131939596378363,Internet Retail,Consumer Cyclical,PRTS
2010Q1,2010,Q1,2010-05-12,2010-04-03,1547000.0,56291000.0,2475000.0,0.05,19807000.0,0.3518679718,110611000.0,85833000.0,67738000.0,24613000.0,24778000.0,17981000.0,-65964000.0,221122972.29,196075972.29,2.8608027625929666,2.752122861902247,0.0,0.0,0.017864574744595477,2.8608027625929666,0.018023370964547435,3.9282118329750757,35.734158417905626,2.576199973087274,0.0,2.0290306434569825,0.0,0.5089096021191383,1.8097753219843171,0.013985950764390522,66.80452335045317,0.35186797178945123,1.5510204081632655,-0.7854321296673014,0.6893224330144894,0.0,0.20290295153649945,1.6399317406143346,0.9705414012738853,4.154342754567942,0.007583954286101567,-0.27659738887839247,Internet Retail,Consumer Cyclical,PRTS
2009Q4,2009,Q4,2010-03-15,2010-01-02,586000.0,45776000.0,1256000.0,0.0196,16466000.0,0.359708144,104614000.0,82687000.0,63976000.0,21927000.0,21927000.0,18610000.0,-67511000.0,155229739.6,128978739.6,2.769909948364044,2.9176813973639804,0.0,0.0,0.006992325168428959,2.769909948364044,0.0070869665122691595,3.391072605732261,66.22429163822527,1.8773173485553958,0.0,1.5749596990865127,0.0,0.4375704972565813,1.8563871026588226,0.0056015447263272605,-289.60772313432835,0.3597081440055924,-0.3466666666666667,-0.9273361134582291,0.9914780774174755,5.134699885638486,-0.025622817918220013,-0.2496798975672215,-0.05421686746987952,2.8194387710339983,-0.40498316932588,0.9056729147849444,Internet Retail,Consumer Cyclical,PRTS
2009Q3,2009,Q3,2009-11-06,2009-10-03,781000.0,47043000.0,1328000.0,0.03,16899000.0,0.3592245393,102478000.0,81314000.0,61132000.0,21164000.0,21164000.0,15365000.0,-68097000.0,160585973.72,126977973.72,2.724206291906775,2.8884898884898886,9.758192002185835e-06,1.2298005263546253e-05,0.0092092301851155,2.724206291906775,0.009604742110829623,3.413599764470803,51.403960857874516,1.9748871500602603,0.0,1.961861373250895,0.0,0.4590546263588282,1.9148081648081647,0.0076211479537071376,-223.65734501392757,0.35922453925132325,0.4999999999999999,-0.9031458369730441,1.0466153354785737,0.0,0.06497353163599698,0.24165341812400637,0.23880597014925373,-0.6948629309938193,-0.19714985453585868,0.8990125622821479,Internet Retail,Consumer Cyclical,PRTS
2009Q2,2009,Q2,2009-08-10,2009-07-04,629000.0,43805000.0,1072000.0,0.02,15868000.0,0.3622417532,96475000.0,79490000.0,55970000.0,16985000.0,16985000.0,12185000.0,-68878000.0,108940663.05,76351663.05,2.663270920857499,3.2952605239917574,8.292303705623218e-05,0.00010064159013712417,0.007724016384049465,2.663270920857499,0.007912945024531388,2.486945852071681,43.29915065580286,1.3704951949930808,0.0,2.2927369716865,0.0,0.4540554547810314,2.2700618192522812,0.006519823788546255,48.94010020215633,0.36224175322451774,1.881057268722467,-0.9219907525954134,0.9058691626949498,0.0,0.08387978142076502,1.9263622974963182,0.8077571669477235,-0.8771167270229331,-0.2523620301381833,0.0,Internet Retail,Consumer Cyclical,PRTS
2009Q1,2009,Q1,2009-05-14,2009-04-04,-679000.0,39664000.0,593000.0,-0.0227,14640000.0,0.3691004437,92966000.0,77924000.0,52313000.0,15042000.0,15042000.0,11337000.0,-69507000.0,53127227.46,19216227.46,2.610802909006161,3.4777955059167662,0.0003011853796011445,0.00035932446999640676,-0.007548925425472718,2.610802909006161,-0.008713618397412864,1.3394319145824929,-19.560834852724597,0.6817826017658231,0.0,2.2072858780982623,0.0,0.42665060344642125,2.3897752958383194,-0.007303745455327754,35.99405654471545,0.3691004437273094,0.8108333333333333,-1.0842103004574153,0.7257024191104324,0.0,0.20503745164211046,0.8047167098073051,1.0897532919630695,-1.1326514186827161,-0.3230381820203379,0.0,Internet Retail,Consumer Cyclical,PRTS
2008Q4,2008,Q4,2009-03-26,2008-12-31,-3477000.0,33756000.0,-6607000.0,-0.12,12149000.0,0.359906387,90430000.0,77522000.0,48921000.0,12908000.0,12908000.0,10910000.0,-68828000.0,41486992.23,9060992.229999997,2.597334109028998,3.789975209172606,0.000519739024659958,0.0006062795077526379,-0.04675041029177139,2.597334109028998,-0.044851784009700475,1.2290257207607536,-2.9829588891285588,0.5351641112200407,0.0,1.9804766269477543,0.0,0.3732832024770541,2.7338859621939884,-0.03844962954771647,-68.68707322847682,0.35990638701267924,-6.2727272727272725,-1.4312212292937165,0.46880148617020734,4.752484939460196,0.006628552489850029,-6.081466395112017,-5.180542563143124,-1.373055532183744,-0.05026411950925716,5.5441516012946686,Internet Retail,Consumer Cyclical,PRTS
2008Q3,2008,Q3,2008-11-06,2008-09-30,-491000.0,36554000.0,-1069000.0,-0.0165,12069000.0,0.3301690649,94516000.0,80140000.0,50500000.0,14376000.0,14376000.0,12105000.0,-65351000.0,64170527.55,31114527.549999997,2.685048831268335,3.5127991096271565,0.0006982944686613906,0.0008235587721487398,-0.0076719066223934086,2.685048831268335,-0.0061267781382580485,1.7554994679104885,-32.67338469959267,0.8007303163214374,0.0,2.0227178851714167,0.0,0.386749333446189,2.4336393989983307,-0.005194887638071861,-47.74592823660714,0.33016906494501286,0.95875,-1.060894340978779,0.5903924523034173,0.0,-0.17261945567971482,0.9592970239575561,0.9474460449338774,-1.068458139952814,0.10275165604803789,0.0,Internet Retail,Consumer Cyclical,PRTS
2008Q2,2008,Q2,2008-08-13,2008-06-30,-12063000.0,43105000.0,-20341000.0,-0.4,14587000.0,0.3384062174,98636000.0,79980000.0,54562000.0,18641000.0,18656000.0,13842000.0,-64860000.0,108045260.34,74015260.34,2.679688114859514,2.926988895445523,0.0009124457601687011,0.0011252813203300824,-0.1523955796965724,2.679688114859514,-0.1508252063015754,2.506559803735066,-2.2391871909972645,1.35090348012003,0.0,2.0602514087559602,0.0,0.43701082768968735,1.9380934499222144,-0.12229814672127824,99.39766360625575,0.33840621737617443,-12.651877133105803,-2.496066059525482,0.8754135431563934,0.0,0.06087272727272727,-12.786285714285714,-10.874489200233509,-2.6818951980667936,0.30038053657467517,0.0,Internet Retail,Consumer Cyclical,PRTS
2008Q1,2008,Q1,2008-05-13,2008-03-31,-875000.0,40009000.0,-1713000.0,-0.0293,13750000.0,0.3436726736,109778000.0,91360000.0,52674000.0,18390000.0,18418000.0,12639000.0,-52797000.0,95509622.4,63456622.400000006,3.0609690694369243,2.864274061990212,0.0009382572100056478,0.0011274080560420316,-0.011384822070811464,3.0609690694369243,-0.009577495621716288,2.387203439226174,-27.288463542857144,1.0454205604203153,0.0,2.077616900071208,0.0,0.3644537156807375,1.822131593257205,-0.007970631638397493,-85.65885417040359,0.34367267364842913,0.8372222222222223,-1.1085184284245044,0.7407126887401495,0.0,0.08438485804416404,0.8408512186249545,0.7464100666173205,-1.1219977035818989,0.2069812060739167,0.0,Internet Retail,Consumer Cyclical,PRTS
2007Q4,2007,Q4,2008-03-28,2007-12-31,-5498000.0,37315000.0,-6755000.0,-0.18,12680000.0,0.339809728,110056000.0,91643000.0,58786000.0,18365000.0,18413000.0,11191000.0,-51922000.0,242057199.26999998,223779199.26999998,3.0704508365850267,3.200980125238225,0.010185723631605728,0.012232249053391967,-0.06383041788363968,3.0704508365850267,-0.05999367109326408,6.486860492295323,-11.006602367679156,2.6413059292035395,0.0,2.201322491287642,0.0,0.3390546630806135,2.370705145657501,-0.04995638583993603,99.48919,0.33980972799142434,-7.0,-1.6818677936890576,0.6236617921685416,5.800327356195025,-0.07384413118106785,-7.149888143176733,-6.967314487632509,-1.6818677936890576,0.6236617921685416,5.800327356195025,Internet Retail,Consumer Cyclical,PRTS
2007Q3,2007,Q3,2007-11-14,2007-09-30,894000.0,37787000.0,1132000.0,0.03,13691000.0,0.3623203747,109606000.0,96167000.0,59447000.0,13380000.0,13439000.0,11943000.0,-46424000.0,260780082.12,244719082.12,3.2230206124915535,4.442974588938714,0.01026403664032991,0.011698399658926658,0.006807763994339725,3.2230206124915535,0.009296328262293718,6.901317440389552,72.92507889261745,2.711741887757755,0.0,2.017583521728209,0.0,0.3447530244694634,3.3349028400597907,0.008156487783515501,-166.2078279923518,0.3623203747320507,0.0,-0.8890909140633321,0.644545814377108,0.0,-0.006819006166122597,0.15653298835705046,0.5359565807327001,-0.8890909140633321,0.644545814377108,0.0,Internet Retail,Consumer Cyclical,PRTS
2007Q2,2007,Q2,2007-08-14,2007-06-30,773000.0,42112000.0,737000.0,0.03,13785000.0,0.3273413754,110533000.0,94440000.0,59468000.0,16017000.0,16093000.0,11519000.0,-47317000.0,282219489.42,241036489.42000002,3.165629708409101,3.7128051445339327,0.01032270905521428,0.012081745023295214,0.0046239631286135756,3.165629708409101,0.008185091063108852,6.701640611227204,91.27409101552395,2.988346986658196,0.0,2.459154440489626,0.0,0.380990292491835,2.8220640569395017,0.006993386590430008,-140.54755449203188,0.32734137537993924,1.9999999999999996,-0.9040872770197902,0.8330594505597474,0.0,0.00848635598800205,2.2893617021276595,0.09836065573770492,-0.9040872770197902,0.8330594505597474,0.0,Internet Retail,Consumer Cyclical,PRTS
2007Q1,2007,Q1,2007-05-15,2007-03-31,235000.0,43743000.0,671000.0,0.01,13669000.0,0.3124842832,112523000.0,92902000.0,61478000.0,19529000.0,19621000.0,10218000.0,-48090000.0,126151234.5,81695234.5,3.954648101362813,3.1480362537764353,0.010264568132737307,0.012432455706012788,0.004240114410621139,3.954648101362813,0.002529547264859745,2.8839182154859064,134.20344095744682,1.3578957880347033,0.0,2.943237424153455,0.0,0.38874718946348746,2.4903988939525834,0.002088461914453045,22.027454950235725,0.31248428319959765,1.9259259259259258,-0.962970893268266,1.4180088930193928,0.0,0.1631211708645337,2.5359477124183005,0.9735294117647059,-0.962970893268266,1.4180088930193928,0.0,Internet Retail,Consumer Cyclical,PRTS
