Quarters,Year,Quarter,FillingDate,Date,NetIncome,Revenue,OperatingIncome,EPSDiluted,GrossProfit,GrossProfitRatio,TotalAssets,CommonStockEquity,CurrentAssets,CurrentLiability,TotalLiability,Inventory,RetainedEarnings,MarketCap,EnterpriseValue,bookValuePerShare,currentRatio,debtToAssets,debtToEquity,roic,shareholdersEquityPerShare,roe,priceToSalesRatio,peRatio,pbRatio,payoutRatio,inventoryTurnover,dividendYield,assetTurnover,quickRatio,returnOnAssets,priceToFreeCashFlowsRatio,grossProfitMargin,epsdilutedGrowth,fiveYNetIncomeGrowthPerShare,fiveYRevenueGrowthPerShare,fiveYShareholdersEquityGrowthPerShare,grossProfitGrowth,netIncomeGrowth,operatingIncomeGrowth,threeYNetIncomeGrowthPerShare,threeYRevenueGrowthPerShare,threeYShareholdersEquityGrowthPerShare,Industry,Sector,Symbol
2023Q1,2023,Q1,2023-05-15,2023-03-31,-652296.0,0.0,-1230502.0,-0.0484,-1181717.0,0.0,62319437.0,55661965.0,94300.0,3101798.0,6657472.0,0.0,-6086149.0,142673405.42,143711532.42,4.127633934063561,0.030401721840042452,0.0181713291151844,0.02034471833683917,-0.027726335001522075,4.127633934063561,-0.011718882004974132,0.0,-54.68123575033421,2.563211798577359,0.0,0.0,0.0,0.0,20.091391186660125,-0.010466975175016423,-192.70580672610546,0.0,-1.7499999999999998,-0.5169211405383133,0.0,-0.5071801475566124,-1.7269617287869505,-1.8217156205389973,-0.40733183812908086,-0.5169211405383133,0.0,-0.5071801475566124,Shell Companies,Financial Services,BRAC
2022Q4,2022,Q4,2023-03-17,2022-12-31,-231170.0,3251112.0,-874351.0,-0.0176,1625556.0,0.5,104553953.0,99668566.0,391924.0,1329713.0,4885387.0,0.0,-4293466.0,134392989.78,134001065.78,7.579359207555833,0.2947433017500769,0.0,0.0,0.03721571149606184,7.579359207555833,-0.002319387237898055,41.33754536294043,-145.33999846433363,1.3483989503771932,0.0,0.0,0.0,0.031095065339136436,78.62896203917687,-0.0022110115721784332,-976.3952120718967,0.5,-1.3371647509578544,-10.79289744428139,0.0,20829.335139966493,7.442642442690003,-1.3283422247220376,-2.465356384159295,-10.79289744428139,0.0,20829.335139966493,Shell Companies,Financial Services,BRAC
2022Q3,2022,Q3,2022-11-14,2022-09-30,704052.0,0.0,-252312.0,0.0522,-252312.0,0.0,103762752.0,99899736.0,529566.0,307342.0,3863016.0,0.0,-3133453.0,134582286.02,134052720.02000001,7.408102468491566,1.7230511937841233,0.0,0.0,-0.007872628358039261,7.408102468491566,0.007047586191819366,0.0,47.78847514814247,1.3471735903286073,0.0,0.0,0.0,0.0,337.6133167611325,0.0067852093976844404,-1450.4746027913995,0.0,6.054054054054054,0.0,0.0,3993.5673806501477,-1.150832416950106,6.068156491883264,-1.150832416950106,0.0,0.0,3993.5673806501477,Shell Companies,Financial Services,BRAC
2022Q2,2022,Q2,2022-08-08,2022-06-30,99609.0,0.0,-117309.0,0.0074,-117309.0,0.0,103377355.0,99673866.0,622351.0,147815.0,3703489.0,0.0,-2932734.0,133503470.10000001,132881119.10000001,7.391352993752632,4.210337245881677,0.0,0.0,0.01324662795082147,7.391352993752632,0.0009993492175772534,0.0,335.0687942354607,1.3394029494150455,0.0,0.0,0.0,0.0,699.3698542096539,0.0009635475777069359,-7855.917976933036,0.0,1.2319749216300941,0.0,0.0,738.1352993752631,0.0,1.262462551084668,0.7446545918378452,0.0,0.0,738.1352993752631,Shell Companies,Financial Services,BRAC
2022Q1,2022,Q1,2022-05-13,2022-03-31,-379517.0,0.0,-459413.0,-0.0319,0.0,0.0,103285890.0,99682716.0,639346.0,47500.0,3603174.0,0.0,-2923884.0,117707239.38000001,117067893.38000001,8.375543139341614,13.459915789473683,0.0,0.0,-0.004169835504302017,8.375543139341614,-0.003807249794437784,0.0,-77.5375275547604,1.180818943376302,0.0,0.0,0.0,0.0,13.459915789473683,-0.00367443219979031,-208.98238651374194,0.0,-20.266666666666662,0.0,0.0,0.0,0.0,-17.8861408310525,-21.8620552376213,0.0,0.0,0.0,Shell Companies,Financial Services,BRAC
2021Q4,2021,Q4,2022-03-31,2021-12-31,-20095.0,0.0,-20095.0,-0.0015,0.0,0.0,289765.0,4905.0,2164.0,284860.0,284860.0,0.0,-20095.0,132512332.0,132510168.0,0.0003638616064805199,0.0075967141753844,0.0,0.0,-4.096839959225281,0.0003638616064805199,-4.096839959225281,0.0,-1648.5734262254293,27015.765953109072,0.0,0.0,0.0,0.0,0.0075967141753844,-0.0693493002950667,-1394866.652631579,0.0,0.0,0.0,0.0,0.0,0.0,0.0,0.0,0.0,0.0,0.0,Shell Companies,Financial Services,BRAC
2021Q3,2021,Q3,2021-09-30,2021-09-30,0.0,0.0,0.0,0.0,0.0,0.0,259710.0,25000.0,599.0,234710.0,234710.0,0.0,0.0,132512332.0,132632685.0,0.001854544375537818,0.0025520855523837927,0.4657194563166609,4.83808,,0.001854544375537818,0.0,0.0,0.0,5300.49328,0.0,0.0,0.0,0.0,0.0025520855523837927,0.0,-3652.1878565719485,0.0,0.0,0.0,0.0,0.0,0.0,0.0,0.0,0.0,0.0,0.0,Shell Companies,Financial Services,BRAC
2021Q2,2021,Q2,2021-05-31,2021-05-31,0.0,0.0,0.0,0.0,0.0,0.0,96283.0,25000.0,20025.0,71283.0,71283.0,0.0,0.0,24575000.0,24589975.0,0.01,0.28092252009595553,0.3635117310428632,1.4,,0.01,0.0,0.0,0.0,983.0,0.0,0.0,0.0,0.0,0.28092252009595553,0.0,677.3144447813025,0.0,0.0,0.0,0.0,0.0,0.0,0.0,0.0,0.0,0.0,0.0,Shell Companies,Financial Services,BRAC
