Quarters,Year,Quarter,FillingDate,Date,NetIncome,Revenue,OperatingIncome,EPSDiluted,GrossProfit,GrossProfitRatio,TotalAssets,CommonStockEquity,CurrentAssets,CurrentLiability,TotalLiability,Inventory,RetainedEarnings,MarketCap,EnterpriseValue,bookValuePerShare,currentRatio,debtToAssets,debtToEquity,roic,shareholdersEquityPerShare,roe,priceToSalesRatio,peRatio,pbRatio,payoutRatio,inventoryTurnover,dividendYield,assetTurnover,quickRatio,returnOnAssets,priceToFreeCashFlowsRatio,grossProfitMargin,epsdilutedGrowth,fiveYNetIncomeGrowthPerShare,fiveYRevenueGrowthPerShare,fiveYShareholdersEquityGrowthPerShare,grossProfitGrowth,netIncomeGrowth,operatingIncomeGrowth,threeYNetIncomeGrowthPerShare,threeYRevenueGrowthPerShare,threeYShareholdersEquityGrowthPerShare,Industry,Sector,Symbol
2023Q1,2023,Q1,2023-05-04,2023-03-31,1676000.0,12672000.0,4837000.0,0.02,9544000.0,0.7531565657,1154411000.0,563939000.0,40859000.0,27894000.0,469504000.0,2711000.0,-72709000.0,577874900.0,1007255900.0,10.441961227248319,1.4647952964795297,0.38302909449061034,0.7840794837739543,0.004779828827140647,10.441961227248319,0.0029719526402678304,45.602501578282826,86.19852326968973,1.0247117152741698,3.8597852028639617,1.1538177794171893,0.011194464407434898,0.010977026379686264,1.3616189861618986,0.0014518226177678488,36.48430456468211,0.7531565656565656,-0.7560975609756098,1.3231835194623085,-0.3087997514256969,-0.2501366948580651,-0.4767256976807939,-0.744473242872389,-0.6123577496393653,1.3270822479394706,-0.4049503835578141,-0.28195901692753306,REIT—Specialty,Real Estate,FPI
2022Q4,2022,Q4,2023-02-23,2022-12-31,6559000.0,21823000.0,12478000.0,0.082,18239000.0,0.8357696009,1160149000.0,580786000.0,39619000.0,18735000.0,455935000.0,2808000.0,-70397000.0,634874380.0,1064420380.0,11.398465252291327,2.1147050974112624,0.3771282826602445,0.7533325527819197,0.01207338177337018,11.398465252291327,0.0112933162989466,29.091984603400082,24.19859658484525,1.0931296208930656,0.49687452355542006,1.2763532763532763,0.0051332989685298055,0.01881051485628139,1.955164131305044,0.00565358415169086,76.53699578059071,0.8357696008798057,7.200000000000001,-0.2673072734479125,-0.11707154238517625,-0.21964968789857225,0.9502780153977759,4.995429616087751,1.6408465608465608,-0.5837083049326598,-0.4181781631500313,-0.2253652396433738,REIT—Specialty,Real Estate,FPI
2022Q3,2022,Q3,2022-10-26,2022-09-30,1094000.0,13140000.0,4725000.0,0.01,9352000.0,0.7117199391,1127876000.0,577841000.0,26093000.0,18733000.0,427473000.0,3123000.0,-72894000.0,677781650.0,1077652650.0,10.80177586690345,1.3928895531948966,0.3627242711078168,0.7079940675722214,0.0046486067164851815,10.80177586690345,0.0018932543727426749,51.581556316590564,154.88611745886655,1.1729552766245386,2.893053016453382,1.2129362792187,0.004669645452927208,0.01165021686781171,1.1429562803608606,0.0009699647833627101,2131.3888364779873,0.7117199391171994,-0.75,-0.6967307582644622,-0.3299097392450354,-0.2326261502714562,0.04305152799464644,-0.6248285322359396,0.3675832127351664,1.4422497621533408,-0.26428098346383877,-0.26422505369930943,REIT—Specialty,Real Estate,FPI
2022Q2,2022,Q2,2022-07-28,2022-06-30,2916000.0,12357000.0,3455000.0,0.04,8966000.0,0.7255806426,1125160000.0,556218000.0,33239000.0,17224000.0,442085000.0,2962000.0,-69902000.0,694995600.0,1100160600.0,11.044398554465669,1.9298072457036692,0.3779444701198052,0.7645347687417523,0.003409497598039496,11.044398554465669,0.00524254878482897,56.2430687059966,59.584670781893,1.2495021736081895,0.8326474622770919,1.1448345712356516,0.003493547297277853,0.010982438053254648,1.8669298653042266,0.0025916314124213445,-371.45676109032604,0.7255806425507809,7.510638297872339,0.11398115462663236,-0.30508156028884914,0.11040292132409071,-0.14576981707317074,12.690140845070422,-0.20023148148148148,-0.7068891680282344,-0.3133719742647449,-0.2272021082406304,REIT—Specialty,Real Estate,FPI
2022Q1,2022,Q1,2022-05-05,2022-03-31,213000.0,13890000.0,4320000.0,0.0047,10496000.0,0.7556515479,1115066000.0,495785000.0,34628000.0,24210000.0,487489000.0,2973000.0,-68792000.0,629488750.0,1183652750.0,10.829492584259846,1.4303180503923998,0.5114190550155776,1.1502284256280444,0.0007574975101640669,10.829492584259846,0.0004296217110239317,45.31956443484521,738.8365610328639,1.2696809100719062,27.154929577464788,1.1416078035654222,0.009188408847656135,0.012456661758138083,1.2444857496902106,0.00019102008311615634,61.06205742555049,0.75565154787617,-0.983793103448276,1.0763956768027083,0.13293742800743513,-0.10217728585975243,-0.4218990967173386,-0.9772411582434021,-0.7439848287305915,16.907218605971906,-0.14206819756699868,-0.2597349612786716,REIT—Specialty,Real Estate,FPI
2021Q4,2021,Q4,2022-03-01,2021-12-31,9359000.0,20046000.0,16874000.0,0.29,18156000.0,0.9057168512,1121525000.0,458314000.0,48164000.0,16679000.0,528939000.0,3059000.0,-66592000.0,388984450.0,870350450.0,14.079874658228626,2.887703099706217,0.4561084237979537,1.116127807572974,0.012228861041733314,14.079874658228626,0.020420497737359104,19.404591938541355,10.390652046158777,0.8487291463930842,0.17598033977989103,0.6178489702517163,0.0042341024172045955,0.017873877087002072,2.6746207806223397,0.00834488754151713,58.77673768510124,0.9057168512421431,4.696080657791699,0.628435379632786,0.23328395479712632,1.3218896214997102,1.3594541910331384,4.664447924823806,10.767085076708508,0.21443251787579762,-0.08952833331904356,-0.007831146359213857,REIT—Specialty,Real Estate,FPI
2021Q3,2021,Q3,2021-10-28,2021-09-30,-2554000.0,10105000.0,1434000.0,-0.07846149119842709,7695000.0,0.7615042058386937,1096886000.0,443472000.0,38864000.0,20173000.0,521118000.0,1705000.0,-70645000.0,390286490.0,868588490.0,13.623913243832755,1.9265354682000695,0.45553959116991194,1.1267340440884657,0.0015202127873854142,13.623913243832755,-0.0057591009127972,38.623106382978726,-38.20345438527799,0.8800701960890428,-1.494909945184025,1.4134897360703813,0.009782557423394286,0.009212443225640587,1.7212115203489813,-0.00232840969799961,-55.92298180255051,0.7615042058386937,0.10860860895154428,-16.33697977240111,-0.38846892483666223,0.48307030387095523,0.007462686567164179,0.06617915904936014,0.5015706806282723,-1.6947475046429563,-0.20289532404177738,-0.013526170161100082,REIT—Specialty,Real Estate,FPI
2021Q2,2021,Q2,2021-08-06,2021-06-30,-2735000.0,10013000.0,955000.0,-0.08802136972193615,7638000.0,0.7628083491461101,1104319000.0,448435000.0,51447000.0,17972000.0,523013000.0,742000.0,-63389000.0,374417600.0,835141600.0,14.432125386199795,2.86261963053639,0.453567311619197,1.116957864573461,0.0010057967595440108,14.432125386199795,-0.006098988705163513,37.39314890642165,-34.22464351005485,0.8349428568242889,-1.360146252285192,3.200808625336927,0.009935430385751096,0.009067126437197948,2.701257511684843,-0.0024766394492895622,-117.4090937597993,0.7628083491461101,-2.1345059424584125,-2.226040775966326,-0.3510085784893396,0.46106383727397743,-0.18692782627208857,-2.1588983050847457,-0.6917366042608134,-4.3306876901061,-0.08164377170901219,0.040778426805851524,REIT—Specialty,Real Estate,FPI
2021Q1,2021,Q1,2021-05-14,2021-03-31,2360000.0,11575000.0,3098000.0,0.07758564008153067,9394000.0,0.8115766738660907,1075209000.0,430868000.0,48149000.0,16267000.0,630193000.0,1104000.0,-55959000.0,340985780.0,791677780.0,14.164902360444474,2.9599188541218417,0.4527138444711679,1.1297241846690866,0.003375875025062984,14.164902360444474,0.005477315558361262,29.458814686825054,36.12137500000001,0.7913926771076061,3.0622881355932203,1.9755434782608696,0.021194432213566206,0.010765348876357992,2.7032642773713653,0.0021949221035166186,29.895298965456778,0.8115766738660907,0.2930940013588445,1.6781007863551212,-0.04023721596172054,0.5397594706657716,-0.39252457320227624,-0.609012591119947,-0.6806514792289454,4.8081912055593055,0.12098323925565183,0.01721700261615939,REIT—Specialty,Real Estate,FPI
2020Q4,2020,Q4,2021-03-19,2020-12-31,6036000.0,17918000.0,9701000.0,0.06,15464000.0,0.8630427503069539,1090991000.0,429839000.0,37691000.0,15147000.0,645311000.0,1117000.0,-53714000.0,255179699.99999997,734680700.0,14.654767992908527,2.4883475275632136,0.46445662704825247,1.1788553388594334,0.010357123792238297,14.654767992908527,0.014042467063249263,14.2415280723295,10.569073061630217,0.5936634414280696,0.6038767395626242,2.196956132497762,0.014284051591878196,0.016423600194685382,2.2238727140687926,0.005532584595106651,26.678484056455826,0.8630427503069539,2.3251612903225802,2.7309647031575817,0.5716102070318926,0.6002350484214508,1.1151689235398714,10.453510436432637,1.6585365853658536,0.17132218782195818,0.25934140902653463,0.003280049017242898,REIT—Specialty,Real Estate,FPI
2020Q3,2020,Q3,2020-11-09,2020-09-30,527000.0,10604000.0,3649000.0,0.018044237485448197,7311000.0,0.6894568087514146,1079805000.0,415074000.0,18972000.0,14898000.0,646323000.0,1505000.0,-55158000.0,194511960.0,695963960.0,14.21194275148942,1.2734595247684253,0.4709739258477225,1.225227308865407,0.003950151662441191,14.21194275148942,0.0012696531220938918,18.34326291965296,92.2732258064516,0.4686199569233438,6.9734345351043645,2.1880398671096346,0.018893439765863242,0.0098202916267289,1.0749093838099073,0.0004880510832974472,1086.6589944134078,0.6894568087514146,2.2783706290691157,-0.6773868203786225,-0.02862796049983809,0.45088342950322535,-0.08083982901684687,2.253086419753086,-0.010843046896177827,-0.7324143807550547,-0.009513020967844012,0.009637059286483994,REIT—Specialty,Real Estate,FPI
2020Q2,2020,Q2,2020-08-10,2020-06-30,162000.0,10517000.0,3689000.0,0.005504026093160738,7954000.0,0.7562993249025387,1087322000.0,421565000.0,20959000.0,12042000.0,647213000.0,2132000.0,-51166000.0,201616050.0,700882050.0,14.322868888662386,1.740491612688922,0.46983690204005807,1.2118273575842398,0.003955641909859832,14.322868888662386,0.00038428237638323865,19.170490634211276,311.1358796296296,0.4782561408086534,22.88888888888889,1.202157598499062,0.01839139294713888,0.009672387756340809,1.4275037369207773,0.00014898990363480184,-69.88424610051993,0.7562993249025387,-0.5872678910598121,-0.5942954439749922,-0.02202027867143709,0.48336324626461863,-0.13759080559470888,-0.5888324873096447,-0.3025146530535073,-0.8941054090659644,0.012001372182059378,0.44002005879097805,REIT—Specialty,Real Estate,FPI
2020Q1,2020,Q1,2020-05-08,2020-03-31,394000.0,11650000.0,5289000.0,0.013335589778304282,9223000.0,0.7916738197424893,1102956000.0,429652000.0,29058000.0,11787000.0,654554000.0,1619000.0,-46752000.0,179338150.0,675825150.0,14.542291419867999,2.465258335454314,0.4635570231269425,1.1899932969007476,0.005619822065531652,14.542291419867999,0.0009170212171711059,15.393832618025751,113.7932423857868,0.4174032705538436,18.395939086294415,1.4990735021618282,0.040415271374216806,0.010562524706334614,2.1282769152456096,0.00035722186560479294,13.937837102665734,0.7916738197424893,-0.8518267802410636,1.6419001292596542,0.41158518567272423,0.6548386893564866,-0.5203099807562283,-0.9571319769339571,-0.6386307734353649,1.2189710402773346,0.4724172087854604,0.20563354661521066,REIT—Specialty,Real Estate,FPI
2019Q4,2019,Q4,2020-03-13,2019-12-31,9191000.0,21880000.0,14636000.0,0.09,19227000.0,0.8787477148080439,1102553000.0,437363000.0,27833000.0,12445000.0,646146000.0,1550000.0,-42533000.0,201521940.0,700436940.0,14.71463176664536,2.236480514262756,0.46383529862056516,1.1692872968220906,0.0154251669672094,14.71463176664536,0.021014580565800033,9.210326325411334,5.4815020128386465,0.46076586268157116,0.4092046567294092,1.7116129032258065,0.018662980318669024,0.019844850995825145,1.8355162715950182,0.008336107198474812,18.29190705273668,0.8787477148080439,2.9462829912023456,10.785175678646624,2.7289465312714785,0.6669906048188564,1.4656322133880482,7.738269794721408,3.536887786732796,0.7513604650354481,0.474193074187478,1.4265664015124238,REIT—Specialty,Real Estate,FPI
2019Q3,2019,Q3,2019-11-12,2019-09-30,-1364000.0,9848000.0,3226000.0,-0.04624199071091976,7798000.0,0.7918359057676686,1097048000.0,433040000.0,24827000.0,12115000.0,645308000.0,1196000.0,-47089000.0,197039960.0,699973960.0,14.680814998135403,2.0492777548493604,0.46615371433155156,1.1809370958802883,0.003415429993742966,14.680814998135403,-0.003149824496582302,20.008119415109668,-36.11436217008797,0.4550156105671531,-4.391495601173021,1.714046822742475,0.0303999249695341,0.0089768177873712,1.7891044160132068,-0.0012433366634823635,-38.26018640776699,0.7918359057676686,-1.578024883886497,-11.544553566091604,0.6679951040177906,0.3754155638506879,-0.10981735159817352,-1.225380039656312,-0.18411734951947395,-10.038987984250214,-0.3423168129822256,0.5981223875022812,REIT—Specialty,Real Estate,FPI
2019Q2,2019,Q2,2019-08-08,2019-06-30,6052000.0,10948000.0,3954000.0,0.08,8760000.0,0.8001461454146876,1111823000.0,437847000.0,37280000.0,11649000.0,649997000.0,708000.0,-41118000.0,213846260.0,704091260.0,14.291444984822274,3.200274701691132,0.46092678420935707,1.1704293965700348,0.004160130296038407,14.291444984822274,0.013822179893889874,19.532906466934598,8.833702081956378,0.48840407722332235,0.6034368803701256,3.0903954802259888,0.017077689364312473,0.009846891096874233,2.9780238647094173,0.0054433124697006625,-125.57032295948326,0.8001461454146876,306.91,2.726848888139581,0.4232264502838654,0.6069383953110026,-0.02199397119571285,755.5,-0.12580145920848995,1.7514997306428965,-0.2803314892076006,0.44682178757127544,REIT—Specialty,Real Estate,FPI
2019Q1,2019,Q1,2019-05-09,2019-03-31,8000.0,10889000.0,4523000.0,0.0002598161800526128,8957000.0,0.8225732390485812,1137852000.0,450448000.0,41399000.0,11014000.0,664073000.0,63000.0,-42553000.0,203836420.0,706425420.0,14.629209834042415,3.758761576175776,0.45838386714616663,1.1578983589670728,0.004652397121129988,14.629209834042415,1.7760096614925586e-05,18.71948020938562,6369.8881249999995,0.45251931410506874,657.375,30.666666666666668,0.025800099903638418,0.009569785877249415,3.529053931360087,7.03079135072048e-06,14.7387143890094,0.8225732390485812,-0.997113153554971,-0.9922507194092418,1.0704706406609816,18.13126010876032,-0.5120928205686894,-0.998906057705456,-0.6656564163217031,1.0022708010891748,-0.10805563610207844,0.5902308266681785,REIT—Specialty,Real Estate,FPI
2018Q4,2018,Q4,2019-03-15,2018-12-31,7313000.0,20893000.0,13528000.0,0.09,18358000.0,0.8786674962906237,1139509000.0,438346000.0,38883000.0,11224000.0,656478000.0,341000.0,-37843000.0,140236060.0,646986060.0,14.191006507170837,3.464272986457591,0.4595321318216881,1.1945837306602547,0.014062560096965966,14.191006507170837,0.01668316809096011,6.712107404393816,4.7940674141939015,0.31992093004156535,0.8603856146588268,7.4340175953079175,0.04486720462625662,0.018335089937859202,3.1097647897362792,0.006417676385179933,22.015080062794347,0.8786674962906237,3.4999999999999996,2.7764642907795696,3.379584056241629,13.059199151600147,0.6618086358287317,1.0096180269304753,1.1978878960194963,3.2923043054594388,0.7401197410300583,0.5495943706608358,REIT—Specialty,Real Estate,FPI
2018Q3,2018,Q3,2018-11-09,2018-09-30,3639000.0,12549000.0,6155000.0,0.02,11047000.0,0.8803091879831062,1145175000.0,445009000.0,43842000.0,12469000.0,656536000.0,295000.0,-40487000.0,213309640.0,713126640.0,13.810719384271616,3.516079878097682,0.45724452594581616,1.1766615956081787,0.006354309264386755,13.810719384271616,0.008177362705023943,16.9981384970914,14.654413300357241,0.47933781114539253,1.1775212970596318,5.091525423728814,0.02008816854221872,0.010958150501015129,3.3397225118293368,0.0031776802672080686,-453.85029787234043,0.8803091879831062,-0.24320930232558136,1.6759500220267618,1.7108320515819229,0.0,0.18657357679914072,3.2313953488372094,0.1863916730917502,1.019171154934503,0.04194449905731679,0.40992292570688177,REIT—Specialty,Real Estate,FPI
2018Q2,2018,Q2,2018-08-09,2018-06-30,860000.0,11419000.0,5188000.0,0.026427386147132935,9310000.0,0.8153078202995009,1168090000.0,451249000.0,45474000.0,12594000.0,673548000.0,420000.0,-39402000.0,286369600.0,793754600.0,13.866664618032083,3.610767031919962,0.45698447893569843,1.1829366934885175,0.005266748422411903,13.866664618032083,0.001905821397942156,25.0783431123566,83.24697674418606,0.6346154783722513,10.06860465116279,5.021428571428571,0.0302371480771702,0.009775787824568312,3.403922502779101,0.0007362446386836631,-294.31613566289826,0.8153078202995009,0.9783984722481784,-0.3776391569534537,1.4960766104559466,0.0,-0.02103049421661409,0.9501133786848073,0.07612528521053723,0.9479760419462268,-0.03959074078820122,0.43611596269996766,REIT—Specialty,Real Estate,FPI
2018Q1,2018,Q1,2018-05-10,2018-03-31,441000.0,11207000.0,4821000.0,0.013357969346337917,9510000.0,0.8485767823681628,1162597000.0,459725000.0,39847000.0,11802000.0,658760000.0,370000.0,-32930000.0,275666900.0,769974900.0,13.925152965408614,3.376292153872225,0.4420912835660164,1.1180031540594921,0.00495122209224822,13.925152965408614,0.0009592691282832128,24.597742482377086,156.2737528344671,0.5996343466202622,17.596371882086167,4.5864864864864865,0.028149915713493352,0.009639625768860577,3.125063548551093,0.0003793231876565998,18.285148580525338,0.8485767823681628,-0.809171866480887,-0.6981419413115962,1.4204247645679988,0.0,-0.32390160671121854,-0.9217668972857903,-0.5252584933530281,1.6429773555280371,0.21522413373341173,0.5846114767637186,REIT—Specialty,Real Estate,FPI
2017Q4,2017,Q4,2018-03-05,2017-12-31,5637000.0,15564000.0,10155000.0,0.07,14066000.0,0.9037522487792341,1166086000.0,468661000.0,73129000.0,12424000.0,650912000.0,126000.0,-26038000.0,278497800.0,739032800.0,14.606856786660433,5.8861075338055375,0.44085170390520084,1.0968930634296432,0.010333437803999463,14.606856786660433,0.01202788369418407,17.893716268311486,12.351330494944118,0.5942414666464673,1.1383714741883981,11.88888888888889,0.02304147465437788,0.013347214527916465,5.62990985189955,0.004834120296444687,64.3181986143187,0.9037522487792341,6.0,2.318289364907499,2.140907083508306,13.412579395283327,0.321247416870186,1.5437725631768953,0.6609421000981355,6.559612129582027,1.4572574387291617,0.6547809972718529,REIT—Specialty,Real Estate,FPI
2017Q3,2017,Q3,2017-11-09,2017-09-30,2216000.0,12046000.0,6114000.0,0.01,10646000.0,0.8837788477502906,1119716000.0,462575000.0,142292000.0,12816000.0,600819000.0,92000.0,-24283000.0,297072480.0,632268480.0,14.076288722536669,11.102684144818976,0.4148319752508672,1.0041485164567907,0.006594978367305993,14.076288722536669,0.0047905745014322,24.661504233770547,33.51449458483754,0.6422147327460411,2.3768050541516246,15.217391304347826,0.017729679975741947,0.010758085085861058,10.881242197253433,0.001979073265006484,-175.67858072146657,0.8837788477502906,-0.5,0.5978065620938423,1.5514957744188507,0.0,0.03721745908028059,0.3135743924125667,0.10142316699693749,14.376852198825251,0.8313588323645978,0.3187787321543008,REIT—Specialty,Real Estate,FPI
2017Q2,2017,Q2,2017-07-21,2017-06-30,1687000.0,11460000.0,5551000.0,0.02,10264000.0,0.8956369982547993,1013019000.0,322827000.0,41729000.0,13474000.0,626957000.0,75000.0,-20388000.0,290165580.0,746143580.0,9.94629817912931,3.097001632774232,0.47916179262185604,1.503591707013354,0.006868119971245702,9.94629817912931,0.0052257091259405196,25.319858638743455,43.00023414344991,0.8988268639240212,2.4528749259039717,15.946666666666667,0.014260823079015782,0.011312719702197096,2.870342882588689,0.001665319209215227,322.0483684794673,0.8956369982547993,1.32840098400984,0.22403759526227343,1.5115991108451419,0.0,0.9195810734991584,2.0375153751537516,6.840395480225989,1.454368650842893,0.4062472829743862,0.11836755850993905,REIT—Specialty,Real Estate,FPI
2017Q1,2017,Q1,2017-05-10,2017-03-31,-1626000.0,7150000.0,708000.0,-0.060901157346717104,5347000.0,0.7478321678321679,971267000.0,322042000.0,17248000.0,13522000.0,581997000.0,198000.0,-17011000.0,298227830.0,728548830.0,12.061949885763513,1.2755509540008874,0.4496024265212346,1.3559846231236918,0.0009331431900317111,12.061949885763513,-0.005049030871749648,41.71018601398601,-45.852987392373926,0.9260525956241732,-3.1531365313653135,9.106060606060606,0.01719155452393561,0.007361518511387703,1.003549770743973,-0.0016741019719603363,-114.21977403293756,0.7478321678321679,-1.3449299957573186,-2.3762200415287578,0.9094637115799693,0.0,-0.5716231373177375,-1.3449299957573186,-0.9148219441770934,-2.8164386701631,0.5678911868513444,15.124918793016434,REIT—Specialty,Real Estate,FPI
2016Q4,2016,Q4,2017-02-23,2016-12-31,4714000.0,13332000.0,8312000.0,0.17656091988463987,12482000.0,0.9362436243624362,655529000.0,161902000.0,55529000.0,10259000.0,439935000.0,283000.0,4103000.0,297960840.0,559573840.0,6.063972433424473,5.412710790525392,0.47103789458589934,1.9071969463008487,0.017895858522275043,6.063972433424473,0.029116379044113107,22.34929792979298,15.801911327959271,1.8403777593853072,0.37993211709800595,3.0035335689045937,0.0060108569971812405,0.02033777300470307,5.282191246710205,0.0071911387596887396,208.8022704975473,0.9362436243624362,33.5126152397361,2.324827517598132,2.233227173308678,6.1530278128987925,0.9509221631759925,66.34285714285714,2.795433789954338,2.324827517598132,2.233227173308678,6.1530278128987925,REIT—Specialty,Real Estate,FPI
2016Q3,2016,Q3,2016-11-07,2016-09-30,70000.0,6946000.0,2190000.0,0.005115837170211211,6398000.0,0.9211056723293982,612465000.0,125696000.0,22568000.0,8105000.0,435275000.0,378000.0,-12014000.0,153249600.0,438453600.0,9.186289556383834,2.7844540407156075,0.49373107034687697,2.4057487907331976,0.00259683179643381,9.186289556383834,0.0005568991853360488,22.063000287935502,547.3199999999999,1.219208248472505,24.114285714285714,1.4497354497354498,0.011014710641985363,0.011341056223620942,2.7378161628624307,0.00011429224527115835,-113.60237212750185,0.9211056723293982,-0.9287420203332738,-0.8787825485890107,2.5334539679381396,0.0,0.16539162112932604,-0.9197247706422018,-0.3228200371057514,-0.8787825485890107,2.5334539679381396,0.0,REIT—Specialty,Real Estate,FPI
2016Q2,2016,Q2,2016-08-09,2016-06-30,872000.0,6031000.0,3234000.0,0.0717931829408859,5490000.0,0.910296799867352,610004000.0,119976000.0,37618000.0,7225000.0,431479000.0,390000.0,-10292000.0,137492720.0,402317720.0,9.877819858389593,5.2066435986159165,0.4873558206175697,2.4779039141161565,0.007750470324613855,9.877819858389593,0.007268120290724812,22.797665395456807,39.418784403669726,1.1460018670400747,1.8279816513761469,1.3871794871794871,0.011593341087440846,0.009886820414292365,5.152664359861592,0.0014294988229585379,-168.2897429620563,0.910296799867352,1.627474539824552,0.6907183181614832,2.5320767355721094,0.0,0.29115710253998117,1.6440177252584933,0.7056962025316456,0.6907183181614832,2.5320767355721094,0.0,REIT—Specialty,Real Estate,FPI
2016Q1,2016,Q1,2016-05-10,2016-03-31,-1354000.0,4692000.0,1896000.0,-0.11441608923440932,4252000.0,0.9062233589087809,597838000.0,108866000.0,40438000.0,6227000.0,434678000.0,225000.0,-9423000.0,126978820.0,380850820.0,9.199425384485382,6.493977838445479,0.48441885594425244,2.6601877537523193,0.004758200115441564,9.199425384485382,-0.012437308250509801,27.06283461210571,-23.445129246676515,1.1663771976558337,-1.1277695716395864,1.9555555555555555,0.01202562758104068,0.007848279968820985,6.457844869118356,-0.002264827595435553,21.968653979238756,0.9062233589087809,-3.8604022308602333,-3.585529108770293,1.8270064625175315,0.0,-0.009700832764276192,-3.0744249752187414,-0.16586339957298893,-3.585529108770293,1.8270064625175315,0.0,REIT—Specialty,Real Estate,FPI
2015Q4,2015,Q4,2016-03-15,2015-12-31,652711.0,4599785.0,2273009.0,0.04,4293652.0,0.9334462371610847,344954285.0,108371449.0,27277728.0,4798352.0,206420683.0,248597.0,-6529273.0,129815436.69000001,293375181.69,9.157884654110468,5.684811785379647,0.5423154578294338,1.7262299501042937,0.007645440215211889,9.157884654110468,0.006022905534833257,28.22206618135413,49.72163663933962,1.1978748820641865,2.340271575015589,1.2314428573152532,0.01176686716886936,0.0133344770597646,5.633002956014899,0.001892166667823825,-135.37332387501252,0.9334462371610847,0.0,1.4138719355289096,1.516829131338484,8.782165049075013,0.12069249479738853,0.04623421338201893,0.0550425542975756,1.4138719355289096,1.516829131338484,8.782165049075013,REIT—Specialty,Real Estate,FPI
2015Q3,2015,Q3,2015-11-12,2015-09-30,623867.0,4169151.0,2154424.0,0.04,3831249.0,0.9189518441524426,352090391.0,109258822.0,45650332.0,5420175.0,212422440.0,199364.0,-5654703.0,117118333.5,264674626.5,9.795371883429334,8.422298542021245,0.5398068560184024,1.739546551215791,0.007160993079523076,9.795371883429334,0.005709992004123933,28.091650674202015,46.93241247733892,1.0719347999194062,1.7616206659432219,1.6948997813045485,0.009383816923931896,0.011841138260430402,8.385516703796464,0.0017718944224183613,-132.39783844339888,0.9189518441524426,1.9484202956750751,0.32527151821043265,1.6017048451568259,0.0,0.45974975929601275,4.826339923606377,0.7755866153380822,0.32527151821043265,1.6017048451568259,0.0,REIT—Specialty,Real Estate,FPI
2015Q2,2015,Q2,2015-08-11,2015-06-30,107077.0,2883720.0,1213359.0,0.013566586846072953,2624593.0,0.9101414145617467,312986286.0,76209322.0,21523774.0,3793120.0,207163160.0,183589.0,-4751049.0,93923130.0,256556411.0,9.655671950029774,5.6744247479647365,0.5861376910296958,2.4072259690225297,0.004672833220303868,9.655671950029774,0.001405038087072865,32.57012816778328,219.2887594908337,1.2324362366063302,8.444932151629201,1.4114516664941799,0.009627639112963974,0.009213566628922521,5.626024222803391,0.0003421140311559849,14.965327708563143,0.9101414145617467,1.6783293423036478,-0.680508984892471,1.5989718305136493,0.0,0.3791906967700914,1.6844561208378879,1.1067272048546302,-0.680508984892471,1.5989718305136493,0.0,REIT—Specialty,Real Estate,FPI
2015Q1,2015,Q1,2015-05-08,2015-03-31,-156441.0,2103491.0,575945.0,-0.02,1902995.0,0.904684165513425,199479836.0,66173331.0,18546747.0,2639524.0,116328707.0,0.0,-3759110.0,88404407.12,177996447.12,8.787739562411987,7.026549862778289,0.5402851845135866,1.6286923806208276,0.003310992900570569,8.787739562411987,-0.002364109492991973,42.02747105644855,-141.27435761724868,1.3359521998371218,-5.733049520266427,0.0,0.010145240822469079,0.01054488033567463,7.026549862778289,-0.0007842446792466783,27.099129781194634,0.904684165513425,0.36710961441320084,-1.4694691906225945,0.9917517249529677,0.0,0.34966385976508835,0.3414674187573666,28.099888843977364,-1.4694691906225945,0.9917517249529677,0.0,REIT—Specialty,Real Estate,FPI
2014Q4,2014,Q4,2015-03-03,2014-12-31,-237560.0,1484022.0,19792.0,-0.03160104886323487,1409977.0,0.9501051871198675,201023207.0,66357202.0,34255848.0,2254330.0,117497367.0,0.0,-2698410.0,78256883.52,158399017.51999998,8.827063406421733,15.195578287118567,0.5664933004476443,1.716140773988632,0.00010981188378746824,8.827063406421733,-0.003580018337723161,52.73296724711628,-82.35486142448224,1.1793276564011848,-4.2770626368075435,0.0,0.012983637404118288,0.0073823416815751025,15.195578287118567,-0.0011817541046392718,672.7434646034816,0.9501051871198675,-39.72677556768979,0.7628810546165551,0.27821653279141667,8.501040570170476,0.17794040860996588,-9.591371017323063,-0.9383467125203647,0.7628810546165551,0.27821653279141667,8.501040570170476,REIT—Specialty,Real Estate,FPI
2014Q3,2014,Q3,2014-10-31,2014-09-30,27651.0,1262054.0,321021.0,0.000816,1196985.0,0.948441984257409,139384285.0,67300571.0,63965228.0,1463587.0,54670997.0,0.0,-330632.0,69357783.0,57064014.0,10.673730459348736,43.70442481383068,0.3691520891325733,0.7645403186846661,0.0027032306823793757,10.673730459348736,0.0004108583268929472,54.95627207710605,627.0820494737984,1.0305675266856207,22.62938049256808,0.0,0.009021698401172944,0.009054492764374405,43.70442481383068,0.0001983796092938311,-122.04817854515892,0.948441984257409,1.0068,-0.8960901398131466,0.3932254724348219,0.0,0.64722857543906,1.0771764219904376,2.2681960400107455,-0.8960901398131466,0.3932254724348219,0.0,REIT—Specialty,Real Estate,FPI
2014Q2,2014,Q2,2014-08-13,2014-06-30,-358283.0,786398.0,-253132.0,-0.12,726666.0,0.924043550466812,76947077.0,27855103.0,5538755.0,1251059.0,34834559.0,0.0,-358283.0,41029776.4,66354053.4,8.893586105431469,4.427253231062644,0.39967730028263454,1.104070589866424,-0.0043189877859075914,8.893586105431469,-0.012862382881872667,52.17431427852054,-28.629446833927368,1.4729716274967641,0.0,0.0,0.0,0.010219985354349457,4.427253231062644,-0.004656226252752915,17.639651469885816,0.924043550466812,-4.579098067287044,-3.693930562752466,0.7860294851790223,0.0,0.14281894900401665,-3.6620328404784903,-1.5395384130069656,-3.693930562752466,0.7860294851790223,0.0,REIT—Specialty,Real Estate,FPI
2014Q1,2014,Q1,2014-03-31,2014-03-31,134590.0,685651.0,469164.0,0.033528,635854.0,0.9273726721028628,40860431.0,-3427990.0,1153627.0,2229284.0,44288421.0,0.0,-3427990.0,52105393.34,94130242.34,-0.8539482642354812,0.5174876776579386,1.0293365970613477,-12.269328965370377,0.012144707999480316,-0.8539482642354812,-0.03926207486019504,75.99404557128919,96.78541002303292,-15.199984054795959,0.12456348911509027,0.0,0.0003217517213737245,0.016780317368654287,0.5174876776579386,0.0032938957496556997,-378.23585638687854,0.9273726721028628,1.2515778522169698,-0.24235259679580284,0.2178547386407436,0.0,0.07075871243695639,1.2515762065246445,3.419056949135064,-0.24235259679580284,0.2178547386407436,0.0,REIT—Specialty,Real Estate,FPI
2013Q4,2013,Q4,2013-12-31,2013-12-31,-534987.0,619972.0,-193945.0,-0.13327087303012766,593835.0,0.9578416444613628,39668676.0,-4723922.0,480505.0,1327361.0,44392598.0,0.0,0.0,52105393.34,95153825.34,-1.1767785181064714,0.36200023957310784,1.0856232509499435,-9.116415766390723,-0.005058381539600298,-1.1767785181064714,0.11325059981938737,84.04475256947089,-24.34890630052693,-11.03011297392294,-1.452332486583786,0.0,0.014911680925811814,0.015628754536702965,0.36200023957310784,-0.013486384067872595,124.20418231572725,0.9578416444613628,-4.1577782444822216,0.0,0.0,0.0,0.029683587762434196,-4.15779315066876,-1.3759192281003718,0.0,0.0,0.0,REIT—Specialty,Real Estate,FPI
2013Q3,2013,Q3,2013-09-30,2013-09-30,169418.0,576716.0,515922.0,0.042204,576716.0,1.0,,,,,,,,52105393.34,,,0.0,0.0,0.0,0.0,,0.0,90.34844419090159,76.88880954207936,0.0,1.9067631538561427,0.0,0.006199742086046404,0.0,0.0,0.0,-84.67671524104365,1.0,-0.006099427737088813,0.0,0.0,0.0,0.04378074515950381,-0.006107040402677477,0.038185235417932735,0.0,0.0,0.0,REIT—Specialty,Real Estate,FPI
2013Q2,2013,Q2,2013-06-30,2013-06-30,170459.0,564331.0,496946.0,0.042463,552526.0,0.9790814256172353,,,,,,,,52105393.34,,,0.0,0.0,0.0,0.0,,0.0,92.33126186581988,76.4192464756921,0.0,9.58087868637033,0.0,0.0313431469434139,0.0,0.0,0.0,-421.9606859188235,0.9790814256172353,-0.04042755129711649,0.0,0.0,0.0,0.007328999135834431,-0.04043525742786053,-0.017701091715572808,0.0,0.0,0.0,REIT—Specialty,Real Estate,FPI
2013Q1,2013,Q1,2013-03-31,2013-03-31,177642.0,562999.0,505901.0,0.044252,548506.0,0.9742575031216751,,,,,,,,52105393.34,,,0.0,0.0,0.0,0.0,,0.0,92.54970850747516,73.32921457200437,0.0,22.69590524763288,0.0,0.07737675011283199,0.0,0.0,0.0,-327.10409961517456,0.9742575031216751,0.0,0.0,0.0,0.0,0.0,0.0,0.0,0.0,0.0,0.0,REIT—Specialty,Real Estate,FPI
