Quarters,Year,Quarter,FillingDate,Date,NetIncome,Revenue,OperatingIncome,EPSDiluted,GrossProfit,GrossProfitRatio,TotalAssets,CommonStockEquity,CurrentAssets,CurrentLiability,TotalLiability,Inventory,RetainedEarnings,MarketCap,EnterpriseValue,bookValuePerShare,currentRatio,debtToAssets,debtToEquity,roic,shareholdersEquityPerShare,roe,priceToSalesRatio,peRatio,pbRatio,payoutRatio,inventoryTurnover,dividendYield,assetTurnover,quickRatio,returnOnAssets,priceToFreeCashFlowsRatio,grossProfitMargin,epsdilutedGrowth,fiveYNetIncomeGrowthPerShare,fiveYRevenueGrowthPerShare,fiveYShareholdersEquityGrowthPerShare,grossProfitGrowth,netIncomeGrowth,operatingIncomeGrowth,threeYNetIncomeGrowthPerShare,threeYRevenueGrowthPerShare,threeYShareholdersEquityGrowthPerShare,Industry,Sector,Symbol
2023Q4,2023,Q4,2023-05-19,2023-03-31,100356000.0,470127000.0,98426000.0,2.79,135391000.0,0.2879881394,2781002000.0,1185694000.0,521503000.0,212889000.0,1595308000.0,291882000.0,1188883000.0,5242511821.75,6322310821.75,33.190310373380704,2.4496474688687533,0.39375771754209454,0.9235443546142597,0.03512891303904458,33.190310373380704,0.08463903840282569,11.151267257039056,13.059786713674319,4.421471156765573,0.09042807604926462,1.1468196051829165,0.0017310404456027872,0.16904950086335788,1.0642212608448534,0.03608627394011223,422.0004686267407,0.28798813937510503,-0.12812500000000004,2.6563706010842063,1.2264368295588248,0.12770064069236298,-0.14725074006424388,-0.1436032222829055,-0.21287536486864728,0.6035346547178958,0.7248175907526947,0.417800761361203,Building Materials,Basic Materials,EXP
2023Q3,2023,Q3,2023-01-26,2022-12-31,117184000.0,511487000.0,125045000.0,3.2,158770000.0,0.3104086712,2730170000.0,1165514000.0,491278000.0,208300000.0,1564656000.0,247155000.0,1168257000.0,4827245039.599999,5836529039.599999,32.07596333515118,2.358511761881901,0.39199793419457396,0.9182395063465562,0.04330912377456665,32.07596333515118,0.10054276482307377,9.437669069986137,10.29843033093255,4.141730635239044,0.07912342981977062,1.427108494669337,0.0019207643125504783,0.18734620921041548,1.1471243398943831,0.042921869334144026,29.80443209355165,0.31040867118812404,-0.13978494623655913,0.5339644514480166,0.8888211446410512,0.09218332514157025,-0.18260493515720325,-0.1569193136443757,-0.33193178539754453,2.1623179520898814,0.660428553386118,0.4768257493442633,Building Materials,Basic Materials,EXP
2023Q2,2023,Q2,2022-10-26,2022-09-30,138995000.0,605068000.0,187174000.0,3.72,194239000.0,0.3210201167,2809149000.0,1156704000.0,552874000.0,223321000.0,1652445000.0,225835000.0,1159461000.0,3980686314.46,5066416314.46,31.144261297267754,2.475691941196753,0.41644996402825196,1.011382341549783,0.061748672075907216,31.144261297267754,0.12016470938113813,6.578907353322271,7.159765305334725,3.441404468610812,0.06839814381812295,1.8191555781876148,0.0023882816300961588,0.21539192118324801,1.4378674643226566,0.04947939749724917,27.022879371520894,0.3210201167472086,0.3527272727272728,1.838266875359148,1.0803460538786744,0.140114877704606,0.2874935373112563,0.32369887148231036,0.30413031966779075,1.167080871649664,0.633843489388729,0.2809564988263227,Building Materials,Basic Materials,EXP
2023Q1,2023,Q1,2022-07-28,2022-06-30,105005000.0,561387000.0,143524000.0,2.75,150866000.0,0.2687379651,2770859000.0,1123781000.0,547139000.0,228635000.0,1647078000.0,233543000.0,1126553000.0,4175804845.2,5261957845.2,29.58674739841264,2.3930675530867975,0.4166339752401692,1.0272766668950624,0.04784495555665599,29.58674739841264,0.09343902415150283,7.438371115113103,9.941919063854103,3.7158528620789992,0.09182419884767393,1.7577962088352037,0.0023090159519986372,0.20260395783401466,1.336606381350187,0.03789619031498896,38.00055370195108,0.2687379650757855,0.44736842105263164,1.4240315304783557,0.9426561011506701,0.1343996103570503,0.5211946438654513,0.41295279616771624,0.3720699017245994,1.9363190188573234,0.7496284138248246,0.22999999680297192,Building Materials,Basic Materials,EXP
2022Q4,2022,Q4,2022-05-20,2022-03-31,74316000.0,413117000.0,104604000.0,1.9,99176000.0,0.2400675838,2579652000.0,1133556000.0,442727000.0,207551000.0,1446096000.0,236661000.0,1136344000.0,4989038718.000001,5944217718.000001,29.16458588205328,2.1330998164306605,0.3778009591991478,0.8597678456115093,0.0401822707744024,29.16458588205328,0.06556006055280904,12.076575686790912,16.783191768932667,4.401228274562528,0.13768232951181442,1.326543029903533,0.0020508960900792106,0.16014446909893273,0.9775621413532096,0.028808536965451152,71.92962396193774,0.24006758375956447,-0.24901185770750986,1.532971204581968,0.8317309197781438,0.163812042306199,-0.2843721588039196,-0.27481727963777947,-0.23922703768082212,1.6774705550791713,0.6904908769735154,0.09186899143519661,Building Materials,Basic Materials,EXP
2022Q3,2022,Q3,2022-01-27,2021-12-31,102479000.0,462941000.0,137497000.0,2.53,138586000.0,0.2993599616,2560121000.0,1222248000.0,415347000.0,193675000.0,1337873000.0,211978000.0,1225209000.0,6666632445.76,7524153445.76,30.518466967441455,2.144556602555828,0.34174673775184844,0.7158228117370615,0.050077344327546444,30.518466967441455,0.08384468618480047,14.400609247744313,16.263411151943327,5.45440241731629,0.09749314493701149,1.5301352027097153,0.0014986576928137545,0.18082778118690485,1.0168736285013553,0.04002896738083864,47.95965933426855,0.29935996163658,0.028455284552845465,1.1728436892357008,0.8303057105553578,0.2558493608862315,-0.1078594833302219,0.0034663402692778457,-0.0496080843828193,1.0516243418802806,0.604950127961442,-0.0056950557685866935,Building Materials,Basic Materials,EXP
2022Q2,2022,Q2,2021-10-28,2021-09-30,102125000.0,509694000.0,144674000.0,2.46,155341000.0,0.30477305991438,2619828000.0,1307309000.0,472111000.0,188645000.0,1312519000.0,203745000.0,1310286000.0,5406698636.76,6212827636.76,31.713742518253714,2.5026425296191257,0.32496140968033016,0.6512178834537206,0.051204297626138054,31.713742518253714,0.0781184861421439,10.607734516710027,13.23549237884945,4.135746511926407,0.10327539779681763,1.7391985079388452,0.0019507282925464403,0.19455246680316418,1.377359590765724,0.03898156672880815,39.90212943829844,0.30477305991438,0.09333333333333332,0.9663098904645377,0.7770300736816071,0.37997270648533343,0.22788532222494487,0.07131242984673807,0.23607563032389806,0.6112703906211192,0.5304073420688203,0.04530569856439065,Building Materials,Basic Materials,EXP
2022Q1,2022,Q1,2021-07-28,2021-06-30,95327000.0,475770000.0,117043000.0,2.25,126511000.0,0.26590789667276205,2890830000.0,1391332000.0,731303000.0,189013000.0,1499498000.0,217052000.0,1384289000.0,5972687046.09,6714070046.09,33.10439488863529,3.8690619163761224,0.36249969731876314,0.753181124275155,0.03698928448272968,33.10439488863529,0.06851491951597462,12.553727738381992,15.663681449353279,4.292783495305218,0.0,1.6091028877872584,0.0,0.16457903093575202,2.613328183775719,0.03297565059169858,60.217037143246024,0.26590789667276205,0.44230769230769224,1.4017103472507952,0.8269588963791481,0.504559045343609,0.8116998424745812,0.44410780021511564,0.9331890856236786,0.6305435543510219,0.37105623518828157,0.10288744150743594,Building Materials,Basic Materials,EXP
2021Q4,2021,Q4,2021-05-21,2021-03-31,66011000.0,343302000.0,60544000.0,1.56,69830000.0,0.20340691286389243,2838681000.0,1358990000.0,661689000.0,169354000.0,1479691000.0,235749000.0,1299509000.0,5621286283.349999,6407169283.349999,32.494670559838994,3.907135349622684,0.36967979142425655,0.7721933200391468,0.02054076191307059,32.494670559838994,0.0485735730211407,16.374172837181256,21.28920287281665,4.136370601218552,0.0,1.1600134040865497,0.0,0.12093715355828992,2.441577996386268,0.023254109919360437,60.66310847092721,0.20340691286389243,-0.19587628865979376,0.9569807917015949,0.5808642137885164,0.5163778823313355,-0.3841011121989081,-0.18698656288103654,-0.40673382197311175,1.0543780362434356,0.3887648083204057,0.10406502371267766,Building Materials,Basic Materials,EXP
2021Q3,2021,Q3,2021-01-28,2020-12-31,81193000.0,404667000.0,102052000.0,1.94,113379000.0,0.28017851715113906,2725038000.0,1261182000.0,528558000.0,163061000.0,1463856000.0,228667000.0,1233498000.0,4205432001.1499996,5113440001.15,30.394212928670978,3.2414740495888044,0.3856063658561826,0.8331803022878538,0.033494152020461854,30.394212928670978,0.06437849572861014,10.392327521517691,12.948874906549825,3.3345163514465,0.0,1.2738523704775941,0.0,0.14849958055630783,1.7610035508184054,0.029795180837845197,23.523602299818204,0.28017851715113906,-0.16017316017316022,1.0992694321598662,0.7292079834459655,0.4247591595398152,-0.07708650457065178,-0.1545390174313264,-0.08670127080723107,-0.069285479667919,0.30859407501289504,0.034919892962906526,Building Materials,Basic Materials,EXP
2021Q2,2021,Q2,2020-10-30,2020-09-30,96034000.0,447684000.0,111740000.0,2.31,122849000.0,0.2744100749635904,2871283000.0,1168031000.0,648407000.0,163085000.0,1703252000.0,227106000.0,1152305000.0,3577965122.16,4674052122.16,28.179267398540986,3.9758837416071375,0.4516952874377064,1.110368646037648,0.03649222075683147,28.179267398540986,0.08221870823633962,7.992166622349693,9.314318684424267,3.0632450013398613,0.0,1.430323285161995,0.0,0.15591775523346182,2.493589232608762,0.033446372231507655,14.405264221854504,0.2744100749635904,0.0,2.87152774019648,0.6358442358830043,0.31264249378188524,0.2165796848849761,-0.0017878302808556638,0.3431902872941459,0.7571085871072162,0.3791849308589113,0.03157373672277342,Building Materials,Basic Materials,EXP
2021Q1,2021,Q1,2020-07-31,2020-06-30,96206000.0,428020000.0,83190000.0,2.31,100979000.0,0.23592121863464324,3015164000.0,1067958000.0,771593000.0,200033000.0,1947206000.0,243125000.0,1056271000.0,2907865954.68,4258426954.68,25.78936303418862,3.8573285407907694,0.5140688864685304,1.4513698104232564,0.02322320240758347,25.78936303418862,0.09008406697641667,6.793761867856642,7.556352916346174,2.7228280088542807,0.04327172941396586,1.3451557840616966,0.0014316340797277647,0.1419557941126917,2.588142956412192,0.03190738546891645,41.94723110527682,0.23592121863464324,0.32758620689655177,2.0618137887080143,0.8051246329742082,0.22442239482209608,0.5799446122072192,0.3282801087962004,0.7696611287200323,1.0370483962301802,0.3585278351037113,-0.011197716890310358,Building Materials,Basic Materials,EXP
2020Q4,2020,Q4,2020-05-22,2020-03-31,72429000.0,315442000.0,47009000.0,1.74,63913000.0,0.20261410972540117,2961020000.0,967843000.0,678217000.0,169697000.0,1993177000.0,272508000.0,960065000.0,2415295974.58,3874169974.58,23.409714028870553,3.9966351791722894,0.5327630343597815,1.6299358470330416,0.028900869612266657,23.409714028870553,0.07483548468088316,7.656862353713202,8.336771095072416,2.495545222293285,0.05537837054218614,0.9230151041437316,0.0016606660393650016,0.10653153305279937,2.3503479731521475,0.024460827687756245,78.88226181717233,0.20261410972540117,1.6281588447653428,0.8594942784979291,0.6934437523765622,0.15053849943896302,-0.26968256507530225,1.6318392769907182,-0.3623304395008139,1.3208056693479402,0.3148811161550253,-0.0658359695582341,Building Materials,Basic Materials,EXP
2020Q3,2020,Q3,2020-02-04,2019-12-31,-114632000.0,350249000.0,73720000.0,-2.77,87514000.0,0.24986224086292894,2130225000.0,897327000.0,507799000.0,163326000.0,1232898000.0,234264000.0,891801000.0,3745553440.74,4560493440.74,21.719531467672116,3.10911306221912,0.4418289147859968,1.0488874178532464,0.02992115872854806,21.719531467672116,-0.1277483013438802,10.693973261137076,-8.168647150751971,4.174123191144365,-0.03765091771931049,1.1215338250862275,0.0011522996716734333,0.16441878205353894,1.631938576834062,-0.053812155992911545,33.480106555053005,0.24986224086292894,-2.61046511627907,-3.6480018797594056,0.4439806927196052,0.10839439543761939,-0.16259353529940865,-2.5967016282924518,-0.19031719532554256,-3.356111364275254,0.3423668897221572,-0.10623099969194917,Building Materials,Basic Materials,EXP
2020Q2,2020,Q2,2019-10-31,2019-09-30,71793000.0,414526000.0,91048000.0,1.72,104506000.0,0.2521096384786479,2326211000.0,1010755000.0,487055000.0,194775000.0,1315456000.0,241599000.0,1010597000.0,3741907151.27,4666464151.27,24.313285678166046,2.500603260171993,0.420529779972668,0.967831967192841,0.033732067699396885,24.313285678166046,0.0710290822207162,9.026954042134872,13.030194974684163,3.7020911608352174,0.06011728162912819,1.2832006754994847,0.001153422526407464,0.17819793647265875,1.2135695032730074,0.030862634558945858,39.05794279226337,0.2521096384786479,0.8297872340425533,0.7019823628180069,0.7362191701309176,0.3071812118096805,0.38732758964011205,0.7381609529343405,0.6837355524734166,0.37066241923925053,0.43306385390194035,0.05795368116955327,Building Materials,Basic Materials,EXP
2020Q1,2020,Q1,2019-07-31,2019-06-30,41304000.0,370597000.0,54075000.0,0.94,75329000.0,0.20326392280563524,2269078000.0,1055266000.0,466517000.0,192956000.0,1213812000.0,263612000.0,1058120000.0,3864527855.98,4734114855.98,24.054266240093337,2.4177377225896057,0.3916784702861691,0.8422037666332469,0.020235824508029975,24.054266240093337,0.03914084221419054,10.427844413149593,23.39076031365001,3.6621362348261006,0.10892407515010653,1.1200855803225953,0.0011641784372282923,0.16332492756970013,1.002513526399801,0.01820298817405131,133.7901283011944,0.20326392280563524,1.3333333333333333,0.23591086747999734,0.570587812870406,0.37151871851400825,0.3313244494715634,1.3232000751191342,0.16180388449639052,-0.003052925463184067,0.363354857757532,0.09324045862744926,Building Materials,Basic Materials,EXP
2019Q4,2019,Q4,2019-05-23,2019-03-31,-127797000.0,284701000.0,46544000.0,-2.82,56582000.0,0.1987418379282124,2169163000.0,1209487000.0,427621000.0,179333000.0,959676000.0,275194000.0,1212352000.0,3790471756.6099997,4473462756.61,26.71070074415995,2.3845081496434006,0.3188289676709404,0.5718060632317669,0.018233687507985333,26.71070074415995,-0.10566215263165292,13.313868783776662,-7.415024915706159,3.1339499776434137,-0.03626063209621509,0.8289388576785831,0.0012225391184933687,0.13124924221923387,0.7963007366184696,-0.058915351220724305,275.53040318456056,0.1987418379282124,-3.2741935483870965,-7.159886412718203,0.6344964983551316,0.5857901581559474,-0.2964275500180301,-3.2142770510265963,-0.34457071240477094,-4.499283344564901,0.21086416628256271,0.2464664245611599,Building Materials,Basic Materials,EXP
2019Q3,2019,Q3,2019-01-29,2018-12-31,57715000.0,333285000.0,71013000.0,1.24,80421000.0,0.2412979882082902,2355416000.0,1420337000.0,409473000.0,181032000.0,935079000.0,251260000.0,1423719000.0,2824175333.94,3433539333.94,30.693266833779944,2.2618818772371734,0.2659504732921913,0.44103899285873704,0.026871891465680173,30.693266833779944,0.04063472260456497,8.473754696250957,12.233281356406481,1.9883839778446946,0.08162522741055185,1.0063838255193822,0.0016680975658220538,0.14149729814181444,0.8354710769366742,0.024503102636646776,32.75469525109601,0.2412979882082902,-0.18954248366013074,0.9442806903708377,0.5516109434237859,0.8784971496359911,-0.17879935873216857,-0.20506039695329395,-0.19311661307366293,0.3380639494805521,0.2770379004495818,0.43877761073314175,Building Materials,Basic Materials,EXP
2019Q2,2019,Q2,2018-10-30,2018-09-30,72603000.0,381499000.0,88009000.0,1.53,97931000.0,0.2567005418100703,2379512000.0,1432603000.0,437096000.0,154702000.0,946909000.0,238869000.0,1428279000.0,4056629994.12,4677884994.12,30.339203700705887,2.8254062649480938,0.2652884288879401,0.4406363800717994,0.03372809830009445,30.339203700705887,0.05067907857236094,10.633396140278219,13.96853433783728,2.831649796991909,0.06600278225417683,1.1871276724899422,0.0011812760855552278,0.16032657116249047,1.2312445863660457,0.030511718369144597,77.12810848961898,0.2567005418100703,0.10869565217391315,0.8885572880576386,0.5673360483979182,0.9455024296671074,0.0687190344195386,0.09442409442409443,0.052349009338642366,1.569300586577931,0.2236769274209484,0.413256329265435,Building Materials,Basic Materials,EXP
2019Q1,2019,Q1,2018-07-30,2018-06-30,66339000.0,393756000.0,83631000.0,1.38,91634000.0,0.232717723666433,2426975000.0,1431479000.0,493789000.0,189092000.0,995496000.0,241000000.0,1360388000.0,5006056144.47,5642812144.47,30.016113741750402,2.611369069024602,0.26827223189361243,0.45483726970496946,0.03133362216946279,30.016113741750402,0.04634297813659858,12.71359965173864,18.865434150612764,3.4971216095171496,0.07220488701970183,1.2536182572614107,0.0009568410464775413,0.1622414734391578,1.0879994923106213,0.027334026926523758,173.60438841968374,0.232717723666433,0.8157894736842104,1.2623560521779693,0.780287382818259,1.0255793352196148,0.49296967919578993,0.7925583657587548,0.6876399959640803,0.8332790511974054,0.4419604653780491,0.4250992481746942,Building Materials,Basic Materials,EXP
2018Q4,2018,Q4,2018-05-23,2018-03-31,37008000.0,284713000.0,49555000.0,0.76,61377000.0,0.21557498252626328,2368003000.0,1417690000.0,458735000.0,179329000.0,950313000.0,258159000.0,1298840000.0,4963771550.7,5575378550.7,29.43184492030011,2.5580636706834925,0.2622133502364651,0.4379815051245336,0.018462762021089898,29.43184492030011,0.026104437500440857,17.434298928043326,33.5317468567607,3.5013095604116553,0.13151210549070472,0.8651102615055063,0.0009805044310134793,0.12023337808271357,0.8740917531464515,0.01562835857893761,347.94417150567784,0.21557498252626328,-0.6346153846153846,3.783444576503661,0.8115955432531115,1.0617653144901347,-0.3509612334242751,-0.6349575853225489,-0.41481761392487276,-0.18450183497895123,0.31190857709092357,0.44651364166861274,Building Materials,Basic Materials,EXP
2018Q3,2018,Q3,2018-01-31,2017-12-31,101380000.0,359371000.0,84683000.0,2.08,94566000.0,0.2631431028101878,2308043000.0,1416189000.0,425344000.0,174635000.0,891854000.0,239628000.0,1265673000.0,5463449836.9,6007528836.9,29.36866238183361,2.4356171443296017,0.2451232494368606,0.39949116961083586,0.08429376015761916,29.36866238183361,0.07158649022129109,15.202812238327521,13.47270131411521,3.857853603509136,0.04795817715525745,1.105067020548517,0.0008899139088204263,0.15570377155018342,0.94676324906233,0.043924658249434693,65.39529399605003,0.2631431028101878,0.5877862595419847,4.651360253704984,1.186384053794137,1.0644730538842302,-0.022614052132211588,0.6000126258640825,-0.035720792530175356,1.0064481410287824,0.26937734657006923,0.4987459943127827,Building Materials,Basic Materials,EXP
2018Q2,2018,Q2,2017-10-25,2017-09-30,63362000.0,376315000.0,87820000.0,1.31,96754000.0,0.2571090708581906,2321041000.0,1312673000.0,446810000.0,221407000.0,1008368000.0,239189000.0,1169160000.0,5127333311.1,5753079311.1,27.316774744638465,2.0180482098578634,0.2829773364623891,0.5003546199243833,0.030604179886105167,27.316774744638465,0.048269447150966004,13.625110110147086,20.230316716249487,3.906024814329235,0.07663899498121902,1.1687870261592297,0.0009470810078774088,0.16213199163651137,0.9041313056949419,0.027298957665978327,72.84489054939122,0.2571090708581906,0.15929203539823025,2.286405262646281,1.128116148818434,1.4343671996787768,0.12427520654434748,0.1545133194854415,0.13849384860702388,0.29950197931309286,0.3635762098240501,0.4686610105311789,Building Materials,Basic Materials,EXP
2018Q1,2018,Q1,2017-07-28,2017-06-30,54882000.0,366121000.0,77137000.0,1.13,86059000.0,0.23505616995474174,2279590000.0,1255087000.0,440302000.0,239727000.0,1024503000.0,244886000.0,1110660000.0,4447425073.8,5096827073.8,26.08141533925621,1.8366808911803842,0.2902429822906751,0.5271626588435702,0.02777170629729858,26.08141533925621,0.04372764597195254,12.147418677978045,20.25903335246529,3.543519352682324,0.08842607776684523,1.1436423478679876,0.0010911932004406912,0.16060826727613298,0.7810342598038602,0.02407538197658351,118.5663842655292,0.23505616995474174,0.5066666666666665,2.64469893648742,1.206288279999629,1.4074500382952537,0.3993333333333333,0.5139444429119197,0.38930514030474406,0.4971045302689692,0.41452986052312185,0.4871020793602671,Building Materials,Basic Materials,EXP
2017Q4,2017,Q4,2017-05-24,2017-03-31,36251000.0,278663000.0,55522000.0,0.75,61500000.0,0.22069668380804053,2247124000.0,1203450000.0,400624000.0,229519000.0,1043674000.0,252846000.0,1061347000.0,4665016486.74,5344922486.74,25.05953265809229,1.7454938371115245,0.3054869246200922,0.5704158876563215,0.01965600912564506,25.05953265809229,0.030122564294320496,16.740710057452908,32.17164000124134,3.876369177564502,0.1335411436925878,0.8588745718737888,0.0010377240924571696,0.12400873294041628,0.622493126930668,0.016132176061490155,235.19115133551801,0.22069668380804053,-0.3589743589743589,2.714981438628457,1.201185555895153,1.3498494296328283,-0.29617761501487755,-0.3571035877063862,-0.2939994659410246,0.6475282702384948,0.5084646926466517,0.48776180145250975,Building Materials,Basic Materials,EXP
2017Q3,2017,Q3,2017-01-24,2016-12-31,56387000.0,302395000.0,78643000.0,1.17,87380000.0,0.2889598042295673,1973989000.0,1163575000.0,508685000.0,207925000.0,810414000.0,222783000.0,1029941000.0,4717780156.86,5014463156.86,24.301057051862568,2.446483106889503,0.23371356172704102,0.39649184624970457,0.032609031241680325,24.301057051862568,0.04846013363985992,15.601382816713238,20.916967372177986,4.054556136785338,0.08553389965772253,0.9651319894246868,0.0010223028287969296,0.1531898100749295,1.346365275940844,0.028565002135270256,41.78576628693403,0.2889598042295673,-0.06400000000000006,16.972247937291016,1.2591345510028507,1.3245816467229758,-0.04199100975770201,-0.0639142055547255,-0.05114500132718805,0.8358124938180517,0.36056953099860894,0.48727949528087433,Building Materials,Basic Materials,EXP
2017Q2,2017,Q2,2016-10-24,2016-09-30,60237000.0,332658000.0,82882000.0,1.25,91210000.0,0.2741854998226407,1908135000.0,1098730000.0,435136000.0,124274000.0,809405000.0,217582000.0,978395000.0,3695672494.7999997,4110348494.7999997,22.981427363897485,3.5014242721727795,0.24588511819132294,0.42702210734211316,0.0356283357717371,22.981427363897485,0.05482420612889427,11.109525382825604,15.338050097116389,3.3635856805584625,0.08049869681425038,1.1096873822283093,0.0013120751383740824,0.17433672145838738,1.6961955034842364,0.031568521095205526,38.172125421417945,0.2741854998226407,0.34408602150537626,8.24309524073241,1.281171911856614,1.1999323791344207,0.26759780418317003,0.32844477769936486,0.3114863047296549,0.5475569003622792,0.34981542039286706,0.4736847814051378,Building Materials,Basic Materials,EXP
2017Q1,2017,Q1,2016-07-26,2016-06-30,45344000.0,297504000.0,63197000.0,0.93,71955000.0,0.24186229428848016,1889085000.0,1056443000.0,400497000.0,119750000.0,832642000.0,240999000.0,922980000.0,3704295144.2500005,4193829144.2500005,22.002722319930594,3.3444425887265137,0.26399764965578576,0.4720690089290194,0.02738936033798518,22.002722319930594,0.042921388091927345,12.451244837884534,20.423292741321895,3.5063842954612796,0.10647494707127735,0.9358918501736522,0.0013033518691117994,0.15748576691890517,1.2649519832985385,0.024003154966557885,82.12604243986256,0.24186229428848016,0.1625,12.648371424986518,1.2848992694205539,1.1189456078069744,0.25442373738254215,0.1578275413017389,0.34504629136958603,0.5359346237352939,0.3360312163987775,0.48481112622635525,Building Materials,Basic Materials,EXP
2016Q4,2016,Q4,2016-05-25,2016-03-31,39163000.0,252132000.0,46985000.0,0.8,57361000.0,0.22750384719115385,1883635000.0,1040531000.0,380003000.0,120589000.0,843104000.0,243595000.0,882486000.0,3404319351.3,3906642351.3,21.42913777526251,3.151224406869615,0.26953948084421875,0.48793740888065806,0.022714917363886655,21.42913777526251,0.03763751392317961,13.502131230069963,21.73173244708015,3.2717135302071734,0.12619053698644128,0.7995689566698824,0.001451685194608082,0.13385395790585755,1.0882833425934373,0.020791183005200053,96.03157549506348,0.22750384719115385,-0.13043478260869565,4.276311516822816,1.3892407250223944,1.046457990649208,-0.16705147752849778,-0.14580788693072763,-0.2387888017626855,4.021512483529449,0.591458719500482,0.5011581198565251,Building Materials,Basic Materials,EXP
2016Q3,2016,Q3,2016-01-29,2015-12-31,45848000.0,277409000.0,61724000.0,0.92,68865000.0,0.24824356816109067,1888570000.0,1049316000.0,365394000.0,116077000.0,839254000.0,232447000.0,848151000.0,2972415007.34,3457373007.34,21.33287771842649,3.1478587489338974,0.26512864230608346,0.47718132573981525,0.026768136669359253,21.33287771842649,0.04369322491985255,10.714919153091644,16.20798621172134,2.8327167481864377,0.10942680160530449,0.8971679565664431,0.0016878531388151243,0.1468883864511244,1.0763027990041094,0.02427656904430336,33.38516754655525,0.24824356816109067,0.5593220338983053,6.443221754133012,1.3829652093503313,0.997217824850778,0.5547252449541699,0.5375431771689192,0.7386062757027773,1.5055397688229046,0.654566278832523,0.4995967687905681,Building Materials,Basic Materials,EXP
2016Q2,2016,Q2,2015-10-27,2015-09-30,29819000.0,328988000.0,35502000.0,0.59,44294000.0,0.13463712962174912,1920250000.0,1069691000.0,395000000.0,182803000.0,850559000.0,224667000.0,807244000.0,3409244691.38,3912655691.38,21.467587353014174,2.1607960482048982,0.26546491342273143,0.47654790028148314,0.015645539750611694,21.467587353014174,0.02787627455031406,10.362823845793768,28.582822121633857,3.187130387541823,0.1688856098460713,1.2671820961689968,0.0014771600327583173,0.17132560864470772,0.8824089320197153,0.015528707199583387,58.55092468064644,0.13463712962174912,-0.21333333333333337,1.725298194554616,1.191338296777305,1.0189399547088334,-0.2750216868258671,-0.21034373179386684,-0.32429911878342627,0.4915483744970061,0.794220781652588,0.9131098380739053,Building Materials,Basic Materials,EXP
2016Q1,2016,Q1,2015-08-04,2015-06-30,37762000.0,284963000.0,52541000.0,0.75,61097000.0,0.21440327340742482,1908348000.0,1048225000.0,388098000.0,166061000.0,860123000.0,234741000.0,782443000.0,3798747473.92,4314955473.92,21.062472512139667,2.337080952180223,0.2744567552668591,0.49966276324262443,0.022584472203478402,21.062472512139667,0.036024708435688904,13.330669153258494,25.14927356813728,3.6239809906460922,0.13307028229437,0.9536723452656332,0.001322804433434636,0.14932444187328517,0.8626167492668357,0.01978779551737943,-583.7939870785308,0.21440327340742482,-0.19354838709677424,2.1593677182396993,0.9188916976686172,1.0375323442900346,0.4038187583291209,-0.1930161986579476,0.39185143977323905,1.4248463935641262,0.6604416038044352,0.9441755593540359,Building Materials,Basic Materials,EXP
2015Q4,2015,Q4,2015-05-22,2015-03-31,46794000.0,223780000.0,37749000.0,0.93,43522000.0,0.19448565555456251,1882591000.0,1010593000.0,366635000.0,184576000.0,871998000.0,235464000.0,749717000.0,4150302617.48,4655547617.48,20.34674549377168,1.9863633408460473,0.27236877261178877,0.5073842783395491,0.02594222751374881,20.34674549377168,0.04630350695086944,18.546351852176244,22.173262691156985,4.106799292573766,0.10744967303500448,0.7655437773927225,0.001211477924241805,0.11886809190100239,0.6560495405686546,0.0248561689713804,951.0317638588451,0.19448565555456251,-0.09708737864077667,270.18933735962645,1.0282906238386462,0.9988911917613282,-0.45012571226421055,-0.10063424947145877,-0.4627700452565964,3.636610117056024,0.7091192527285953,0.9079281703198161,Building Materials,Basic Materials,EXP
2015Q3,2015,Q3,2015-02-04,2014-12-31,52030000.0,291529000.0,70266000.0,1.03,79149000.0,0.27149614618099743,1858051000.0,973022000.0,362558000.0,172288000.0,885029000.0,207043000.0,707948000.0,3775300442.15,4279362442.15,19.595490158624223,2.104371749628529,0.27865704439759725,0.5321143817919841,0.03149469034911151,19.595490158624223,0.05347258335371657,12.949999630053957,18.140017500240248,3.879974391277895,0.09657889679031328,1.0257772540003767,0.0013310198955022259,0.1569004295361107,0.8736534175334324,0.02800246064289947,93.05186932243912,0.27149614618099743,0.030000000000000027,8.787635131684466,1.4548729131940366,0.9085368108710978,0.05446237060524107,0.034003060474174764,0.02533197139938713,14.99115843923466,1.1001578732898143,0.8744582461604179,Building Materials,Basic Materials,EXP
2015Q2,2015,Q2,2014-11-05,2014-09-30,50319000.0,284808000.0,68530000.0,1.0,75061000.0,0.2635494789472206,1554387000.0,922391000.0,340906000.0,132908000.0,631996000.0,190711000.0,660947000.0,5049901935.85,5351097935.85,18.599782079568282,2.5649772775152737,0.20088883913722902,0.3385321409250524,0.03745104701291618,18.599782079568282,0.05455278726700499,17.73089918769838,25.08943905805958,5.4747953263312406,0.09964426956020589,1.0998159518853134,0.0009928905677167458,0.18322850101036614,1.0825984891804858,0.03237224706588514,83.47635235721961,0.2635494789472206,0.3333333333333333,2.6304814436132036,0.8133001250129087,0.8177382265502059,0.3308451977801812,0.3343675417661098,0.36955913505735644,6.443768843141533,0.8828642533486118,0.7804926645229477,Building Materials,Basic Materials,EXP
2015Q1,2015,Q1,2014-08-08,2014-06-30,37710000.0,266251000.0,50038000.0,0.75,56401000.0,0.21183394616358248,1544367000.0,868184000.0,331409000.0,122153000.0,676183000.0,182470000.0,615652000.0,4667034135.16,5028752135.16,17.53841629384051,2.713064763043069,0.23845303609828492,0.4241716041760733,0.027356287072597088,17.53841629384051,0.0434354929369811,17.528700869330066,30.94029524767966,5.3756279027947995,0.13272341553964465,1.15005206335288,0.0010724155545154188,0.1724013786878378,1.151416665984462,0.024417771164496522,272.6549123771689,0.21183394616358248,0.6666666666666666,1.785239221349138,0.8328633781801754,0.749832424066914,0.9100853427255486,0.6672561676540808,1.1298203796714055,10.00945409766971,0.9834156950179943,0.6890160059903373,Building Materials,Basic Materials,EXP
2014Q4,2014,Q4,2014-05-23,2014-03-31,22618000.0,189894000.0,23494000.0,0.45,29528000.0,0.1554972774284601,1511529000.0,831499000.0,306960000.0,108820000.0,680030000.0,187096000.0,582957000.0,4376731399.04,4751508399.04,16.84378012234656,2.820804999081051,0.25223399617208797,0.4585200944318634,0.014719801332723938,16.84378012234656,0.027201475888726265,23.04828693397369,48.37664027588646,5.263664056168438,0.22088601998408347,0.8571321674434514,0.0011414911139157025,0.12563040470940354,1.0053207131042088,0.01496365600659994,423.32250691943125,0.1554972774284601,-0.2857142857142857,1.836247186029877,0.5412129199566945,0.7133210286741567,-0.4076392232386455,-0.28471585338857086,-0.4593114241001565,2.8611937873973146,0.7699921544426626,0.6085616129598169,Building Materials,Basic Materials,EXP
2014Q3,2014,Q3,2014-02-07,2013-12-31,31621000.0,228812000.0,43452000.0,0.63,49848000.0,0.21785570686852088,1487264000.0,805428000.0,282726000.0,103543000.0,681836000.0,173871000.0,565344000.0,3816835194.3,4201670194.3,16.33926718479588,2.7305177559081732,0.2637453740559847,0.4870193238874238,0.02349246724040458,16.33926718479588,0.039259871770040276,16.68109712034334,30.17642701290282,4.738890620018178,0.15790139464280067,1.0292918313002168,0.0013081518446110708,0.15384760203971856,1.0022985619501077,0.02126118832971147,71.83684397914628,0.21785570686852088,-0.21250000000000005,1.4794137379435377,0.46558635914723007,0.6721216834390771,-0.16192269540510096,-0.20755331679322356,-0.19138008039303261,4.1224634110289795,0.9612757313235734,0.5297080917632865,Building Materials,Basic Materials,EXP
2014Q2,2014,Q2,2013-11-07,2013-09-30,39903000.0,252646000.0,53736000.0,0.8,59479000.0,0.23542426953128093,1510175000.0,764320000.0,300705000.0,101691000.0,745855000.0,162094000.0,538719000.0,3555823864.75,4000454864.75,15.594533955887782,2.957046346284332,0.30146108894664525,0.5956392610424953,0.02995791858624493,15.594533955887782,0.05220719070546368,14.0743327214759,22.277923118249255,4.652271123024388,0.12420118788061048,1.1916974101447309,0.001393769823396031,0.1672958431969805,1.2820800267476964,0.026422765573526248,71.04827095488331,0.23542426953128093,0.3333333333333335,1.262648864515375,0.25258364683703244,0.6298834392880415,0.2762638400137327,0.3256370220258463,0.2919481643545789,2.707650434618559,0.7108584446081248,0.4666029843444351,Building Materials,Basic Materials,EXP
2014Q1,2014,Q1,2013-08-08,2013-06-30,30101000.0,227044000.0,41593000.0,0.6,46604000.0,0.20526417786860696,1515217000.0,725452000.0,298381000.0,102207000.0,789765000.0,164197000.0,503809000.0,3299615797.6000004,3790130797.6000004,14.818532762379329,2.919379298873854,0.328176756200597,0.6854471419197962,0.02300176789442103,14.818532762379329,0.0414927521048946,14.532935455682601,27.404536374206838,4.548358537298126,0.16457924985880867,1.098923853663587,0.0015013869201388017,0.14984256380439237,1.2188793331180838,0.019865801400063488,-1388.7271875420877,0.20526417786860696,2.7499999999999996,2.409767577692766,0.13900600777782038,0.5835515398826665,1.8078081696589952,2.8428443763564406,3.7173641828286264,1.560164058748502,0.55422433034385,0.4335088048597864,Building Materials,Basic Materials,EXP
2013Q4,2013,Q4,2013-05-24,2013-03-31,7833000.0,159118000.0,8817000.0,0.16,16598000.0,0.10431252278183487,1476233000.0,696170000.0,261271000.0,100229000.0,780063000.0,156380000.0,478664000.0,3144088174.92,3629450174.92,14.275070355220558,2.6067405641081924,0.33142396898050647,0.7027866756682994,0.005416548376557477,14.275070355220558,0.011251562118448081,19.759475200291607,100.34750973190349,4.516264956720341,0.6296438146304099,0.9113697403760072,0.0015686582963359457,0.10778650795639984,0.9366849913697632,0.005306072957317713,-467.5224051925651,0.10431252278183487,-0.5675675675675675,2.697821547518593,-0.00845479530921292,0.5489233375358019,-0.469050894085282,-0.5643492769744161,-0.6440452159870812,45.23329557874731,0.46883330341426077,0.4024017946043623,Building Materials,Basic Materials,EXP
2013Q3,2013,Q3,2013-02-08,2012-12-31,17980000.0,164743000.0,24770000.0,0.37,31261000.0,0.18975616566409498,1456820000.0,687547000.0,243323000.0,110452000.0,769273000.0,134473000.0,475781000.0,2827374322.5,3301386322.5,14.225742654561438,2.202975047984645,0.3317218324844524,0.7028741307866954,0.013933242622082303,14.225742654561438,0.02615093949940877,17.162333589287556,39.31276866657397,4.112263339815315,0.2527252502780868,0.99263049087921,0.0016071448212000943,0.11308397743029337,0.86766197081085,0.012341950275257066,141.44651170643854,0.18975616566409498,-0.07500000000000007,-0.26811649858212944,-0.1327114173217345,0.4404695693260908,-0.0377974083535966,0.0015039269202918731,-0.07005556389848326,2.4749832665793234,0.4252574058566519,0.3855409228567023,Building Materials,Basic Materials,EXP
2013Q2,2013,Q2,2012-11-08,2012-09-30,17953000.0,164659000.0,26636000.0,0.4,32489000.0,0.19731080596869896,974888000.0,502111000.0,193807000.0,93464000.0,472777000.0,109004000.0,462733000.0,2127235536.5,2336022536.5,11.221304143533896,2.073600530685612,0.22252402327241694,0.43204789379240843,0.02545613463934783,11.221304143533896,0.03575504221178186,12.919035925761726,29.622285084665513,4.236584214446606,0.2526597226090347,1.2125243110344575,0.002132344971757668,0.16890042753629134,0.8796434991012583,0.0184154487489845,48.650326735277304,0.19731080596869896,0.29032258064516137,-0.46091524356490804,-0.1829533980160633,0.24956523463896016,0.4189195091059964,0.28437544713120616,0.5476148974493057,0.4355557044221408,0.161859945055815,0.09664690726963741,Building Materials,Basic Materials,EXP
2013Q1,2013,Q1,2012-08-08,2012-06-30,13978000.0,154042000.0,17211000.0,0.31,22897000.0,0.14864127965100427,980396000.0,483942000.0,194818000.0,77661000.0,496454000.0,114441000.0,449324000.0,1667991205.0600002,1918220205.0600002,10.833626835190646,2.5085692947554112,0.2590137046662777,0.524724037178009,0.01637223900751869,10.833626835190646,0.028883626550289084,10.828158587008739,29.832436776720566,3.4466758517756264,0.32343682930319073,1.1459616745746717,0.0027104459461687468,0.1571222240808816,0.9916302906220625,0.014257504110583887,115.77644235857571,0.14864127965100427,0.5499999999999999,-0.6123049213478389,-0.2525880306822116,-0.04602234822041376,0.5350630195762939,0.5525935799178052,1.1201034737620104,0.1440709723429862,0.17511387890596852,0.08088616377042704,Building Materials,Basic Materials,EXP
2012Q4,2012,Q4,2012-05-25,2012-03-31,9003000.0,116801000.0,8118000.0,0.2,14916000.0,0.12770438609258483,985145000.0,472511000.0,191841000.0,77043000.0,512634000.0,123606000.0,439882000.0,1539691810.5,1800146810.5,10.664314207573685,2.49005101047467,0.27096112754975155,0.5649307635166165,0.007816465442023817,10.664314207573685,0.019053524679848725,13.182180036985985,42.75496530323226,3.2585311463648465,0.49450183272242587,0.8242722845169328,0.0028914877442611426,0.11856224210649194,0.828251755513155,0.00913875622370311,110.33262705123612,0.12770438609258483,1.857142857142857,-0.7312537580007634,-0.3353322858396665,-0.05562598184374745,0.19605484724560981,2.107697618225751,-0.055826936496859735,0.2578252401965602,0.056187774528655886,0.0847561328578497,Building Materials,Basic Materials,EXP
2012Q3,2012,Q3,2012-02-09,2011-12-31,2897000.0,123596000.0,8598000.0,0.07,12471000.0,0.1009013236674326,985149000.0,462191000.0,183937000.0,83869000.0,522958000.0,113613000.0,435400000.0,1134482434.68,1411739434.68,10.4539486002225,2.193146454589896,0.2851710756443949,0.6078352888740802,0.06854472463363878,10.4539486002225,0.006267971466341837,9.178957528398978,97.90148728684846,2.454574915305577,1.53572661373835,0.9781010975856637,0.003921612062028017,0.1254591944974821,0.802191512954727,0.0029406719186640803,1473.3538112727274,0.1009013236674326,-0.5,-0.9225638210253483,-0.3688585067885319,-0.05915431561484635,0.43065274750487553,-0.5191701244813278,1.0254416961130741,-0.7467351478043901,-0.11734688648016278,0.06983219836538862,Building Materials,Basic Materials,EXP
2012Q2,2012,Q2,2011-11-04,2011-09-30,6025000.0,134819000.0,4245000.0,0.14,8717000.0,0.064657058723177,990133000.0,461735000.0,192839000.0,78224000.0,528398000.0,108156000.0,437297000.0,735934845.15,1010242845.15,10.446424436436402,2.4652152791982,0.28784011844873364,0.617237159842767,0.004425714471814778,10.446424436436402,0.013048610133518143,5.458687908603387,30.53671556639004,1.5938467847358333,0.7384232365145228,1.1659269943415067,0.0060453721267854825,0.1361625155408415,1.046060032726529,0.006085041100539018,32.421465489669146,0.064657058723177,1.0,-0.8977402151600652,-0.4102956292120189,-0.018775781073861398,0.18228672182286723,0.9708864900228983,0.30414746543778803,-0.6211682588807573,-0.2588209976439364,0.09182193176688003,Building Materials,Basic Materials,EXP
2012Q1,2012,Q1,2011-08-05,2011-06-30,3057000.0,119807000.0,3255000.0,0.07,7373000.0,0.061540644536629746,985211000.0,458757000.0,181004000.0,64860000.0,526454000.0,114124000.0,435762000.0,1231297686.93,1523819686.93,10.383807040097905,2.790687634905951,0.3004432553026712,0.6452217622837363,0.0032641148319228225,10.383807040097905,0.006663658538180343,10.277343451801649,100.69493677870463,2.68398670086778,1.4805364736669937,0.9851915460376433,0.0036757967208439217,0.12160542259475382,0.9720012334258402,0.0031028886197981957,-460.9875278659678,0.061540644536629746,1.2843528609774157,-0.9410598909983472,-0.4749550783903746,0.008566035495237649,4.287115470352207,1.2829507589781561,1.4751824817518249,-0.6162780218685676,-0.33399795674895155,0.10964384206357168,Building Materials,Basic Materials,EXP
2011Q4,2011,Q4,2011-05-26,2011-03-31,-10804000.0,95381000.0,-6850000.0,-0.2461730110939859,-2243000.0,-0.02351621392101152,982810000.0,459564000.0,174626000.0,70350000.0,523246000.0,115237000.0,437154000.0,1328045826.5800002,1613171826.5800002,10.471330402665359,2.4822459132906896,0.2920198207181449,0.6245049655760677,-0.006677265528794568,10.471330402665359,-0.02350923919192974,13.923588834044518,-30.730419904202147,2.8897951679853078,-0.40910773787486115,0.8471584647292102,0.003328198403651806,0.09704927707288286,0.7792039800995025,-0.010992969139508145,2710.2976052653066,-0.02351621392101152,-3.0514417591165497,-1.2956121415921353,-0.48457112175177697,0.1841924487938964,-1.2860969387755101,-2.965793304221252,-2.7573114417650078,-6.667549305792401,-0.3395377681044455,0.13619671442144302,Building Materials,Basic Materials,EXP
2011Q3,2011,Q3,2011-02-04,2010-12-31,5496000.0,103870000.0,3898000.0,0.12,7840000.0,0.07547896408972754,990443000.0,468779000.0,159783000.0,66383000.0,521664000.0,111012000.0,452405000.0,1239831282.25,1525778282.25,10.681297479417587,2.4069867285298945,0.2927982730959783,0.6186283941900128,0.004264962987184901,10.681297479417587,0.01172407467058038,11.936375105901607,56.39698336290029,2.6448097765684895,0.8036754002911208,0.8650416171224733,0.0035625815086583325,0.10487226422923883,0.6975731738547519,0.005549032099777574,254.4287466139955,0.07547896408972754,-0.4545454545454546,-0.8311848662351794,-0.4119240332311743,0.2962282522247411,-0.4213595099269319,-0.4292834890965732,-0.5732428289905847,-0.7536331336723117,-0.39781477409519894,0.08156630930526591,Building Materials,Basic Materials,EXP
2011Q2,2011,Q2,2010-11-05,2010-09-30,9630000.0,132135000.0,9134000.0,0.22,13549000.0,0.10253906989064214,1000535000.0,466318000.0,170829000.0,84126000.0,534217000.0,102952000.0,451328000.0,1039371226.1999999,1326370226.1999998,10.63309847474398,2.0306326224948292,0.2948422593912257,0.6326155113034453,0.011194363841160373,10.63309847474398,0.020651143640176874,7.865979688954478,26.982638271028037,2.228889354903735,0.4585669781931464,1.1518571761597638,0.004248722582156855,0.13206434557511731,0.774065092836935,0.009624850704872893,113.99114128098266,0.10253906989064214,-0.0833333333333333,-0.7301076408525894,-0.2766300599363219,0.10706908857187238,-0.17540015823747793,-0.08520946138500997,-0.2823695788812068,-0.7049603622152321,-0.331019772248708,0.18406470590042032,Building Materials,Basic Materials,EXP
2011Q1,2011,Q1,2010-08-06,2010-06-30,10527000.0,130794000.0,12728000.0,0.24,16431000.0,0.12562502867103995,1008889000.0,453106000.0,166584000.0,79633000.0,555783000.0,106505000.0,439830000.0,1136573405.96,1428576405.96,10.337245723320654,2.091896575540291,0.29240084885453205,0.6510617824526711,0.012211256665791552,10.337245723320654,0.02323297418264159,8.68979774270991,26.991863920395176,2.5084051104156644,0.41616794908330956,1.0737805736819868,0.0038545684572828926,0.12964161567823615,0.7103964436854068,0.010434249952175116,91.8220557408305,0.12562502867103995,68.08360842105263,-0.6263095714230853,-0.20860294591971626,0.16510077158303588,10.169084821428571,68.25657894736842,3.372856077554064,-0.7024401408405705,-0.3532548342647631,-0.08973222439514927,Building Materials,Basic Materials,EXP
2010Q4,2010,Q4,2010-05-28,2010-03-31,152000.0,97189000.0,-5364000.0,0.0034740513051553642,-1792000.0,-0.018438300630729817,1013776000.0,445362000.0,161274000.0,71884000.0,568414000.0,105871000.0,433719000.0,1161203346.08,1462787346.08,10.179016035306601,2.243531244783262,0.29888259339341233,0.6803454268662347,0.0012772373174854436,10.179016035306601,0.00034129539565566885,11.947888609616314,1909.8739244736842,2.607324706822764,28.82236842105263,0.9349207998413163,0.0037728103478080876,0.09586831805053582,0.7113822269211507,0.00014993450229636526,-62.05992977820533,-0.018438300630729817,-0.9684177154076785,-0.9930561004255669,-0.2040679933983327,0.1522454554065071,-1.2127760626929471,-0.9675491033304867,-2.0213252094440213,-0.9954051602592251,-0.43992425267509244,-0.0986013646041569,Building Materials,Basic Materials,EXP
2010Q3,2010,Q3,2010-02-08,2009-12-31,4684000.0,104639000.0,5252000.0,0.11,8422000.0,0.08048624317892947,1026567000.0,449224000.0,164772000.0,58363000.0,577343000.0,99515000.0,437948000.0,1139764399.6000001,1417322399.6000001,10.267284365178377,2.823227044531638,0.29223616188714424,0.6678182821932933,0.006005938063189262,10.267284365178377,0.010426869445977953,10.892347973508922,60.832856511528604,2.5371850114864745,0.9340307429547395,0.9668592674471185,0.0038385125921948475,0.10193099914569628,1.0401110292479825,0.004562780607597946,56.0990500369149,0.08048624317892947,-0.6071428571428572,-0.7726087187201922,-0.12283972626061292,0.19111398930998466,-0.6318573239498186,-0.61587666065278,-0.7086430711194941,-0.8734838201207572,-0.4600548284989018,-0.07595392375206078,Building Materials,Basic Materials,EXP
2010Q2,2010,Q2,2009-11-09,2009-09-30,12194000.0,138185000.0,18026000.0,0.28,22877000.0,0.1655534247566668,1036367000.0,446439000.0,163010000.0,71954000.0,589928000.0,95180000.0,437645000.0,1246946543.1999998,1542535543.1999998,10.232376591907776,2.265475164688551,0.28947274469372336,0.6719843024466948,0.016836872593620728,10.232376591907776,0.027313921946783323,9.023747463183412,25.564756093160568,2.7930950100685648,0.3576349024110218,1.2114729985291028,0.0034973431890740897,0.1333359707516739,0.8800483642327043,0.011766102162650876,39.009746385108706,0.1655534247566668,0.03703703703703707,-0.487592448976095,0.07222238256177897,0.24819551303456922,0.1543546271066707,0.022986577181208053,0.1610950080515298,-0.7903313342540355,-0.38767263924816603,-0.038881122412267856,Building Materials,Basic Materials,EXP
2010Q1,2010,Q1,2009-07-24,2009-06-30,11920000.0,127892000.0,15525000.0,0.27,19818000.0,0.15495887154786853,1047577000.0,436815000.0,167419000.0,68386000.0,610762000.0,104383000.0,429824000.0,1100000745.04,1423961745.04,10.022911938663354,2.4481472816073464,0.3102397246216746,0.7440220688392111,0.014128845674854416,10.022911938663354,0.027288440186348913,8.601012925280706,23.070485424496642,2.5182302463056443,0.36526845637583893,1.0353601640113812,0.003958179137271106,0.12208362726558525,0.8471178311350276,0.011378638515354957,63.89409532063197,0.15495887154786853,0.6713823442389759,-0.3414095648532931,0.09139218564780198,0.26661365536851883,0.4820520490577326,0.6955903271692745,0.46725262262546075,-0.7670223729468281,-0.43182762528432556,-0.026487248938682706,Building Materials,Basic Materials,EXP
2009Q4,2009,Q4,2009-05-27,2009-03-31,7030000.0,108616000.0,10581000.0,0.1615429293785786,13372000.0,0.12311261692568314,1066668000.0,427827000.0,175283000.0,64249000.0,638841000.0,107063000.0,422265000.0,1055307717.0,1392509717.0,9.831070675284373,2.728182539806067,0.33281208398489504,0.82977465190369,0.007627861145643018,9.831070675284373,0.01643187550107871,9.715950845179348,37.528723933143674,2.4666692775350785,0.6193456614509246,0.8896070537907587,0.004125810822626629,0.10182737271578411,0.9659138663636788,0.0065906167617290476,74.89763782824699,0.12311261692568314,-0.37868104085162085,-0.4383867060919032,0.14340413093908017,0.2542567802286919,-0.35338491295938107,-0.3756106226130207,-0.3191119691119691,-0.8060142697997191,-0.4080603277721216,0.11178610640225402,Building Materials,Basic Materials,EXP
2009Q3,2009,Q3,2009-02-06,2008-12-31,11259000.0,137829000.0,15540000.0,0.26,20680000.0,0.1500409928244419,1104926000.0,425238000.0,200684000.0,74519000.0,679688000.0,102246000.0,419595000.0,801163508.04,1153339508.04,9.771577838277098,2.693058146244582,0.3620151937776829,0.940649706752454,0.012810722317741476,9.771577838277098,0.026476937620814697,5.812735404305335,17.789401990407672,1.8840355472464831,0.7735145217159606,1.1457563132054065,0.0108704401942945,0.12474048035796062,1.3209785423851634,0.010189822666857327,20.338228778432168,0.1500409928244419,-0.27777777777777773,-0.1950674502706278,0.46223217312651727,0.006699034793312455,-0.21767420746008928,-0.2803451581975072,-0.27784748361912726,-0.6512282993739109,-0.21302547980219047,0.18582927656449644,Building Materials,Basic Materials,EXP
2009Q2,2009,Q2,2008-11-07,2008-09-30,15645000.0,178934000.0,21519000.0,0.36,26434000.0,0.14773044809818145,1108946000.0,416012000.0,192873000.0,91910000.0,692934000.0,103173000.0,412690000.0,972648651.39,1355630651.3899999,9.567882941800868,2.0984985311717983,0.3607028656039158,0.9615107256521447,0.01854762135242725,9.567882941800868,0.03760708825706951,5.435795608380744,15.54248404266539,2.338030276506447,0.5558964525407478,1.4780998904752212,0.00894156382941695,0.16135501638492766,0.9759547383309759,0.014107990830933156,59.9290604676525,0.14773044809818145,1.0,0.07353577402143757,0.6929502023637452,0.0277247735894204,0.7515239862178638,0.9980842911877394,0.9497145963577059,-0.5577455528401429,-0.01197530906721731,-0.0038362314521036443,Building Materials,Basic Materials,EXP
2009Q1,2009,Q1,2008-08-08,2008-06-30,7830000.0,176803000.0,11037000.0,0.18,15092000.0,0.08536054252473091,1117830000.0,406333000.0,190841000.0,101049000.0,711497000.0,103972000.0,405754000.0,1099877410.9099998,1495358410.9099998,9.35778368380565,1.8885986006788786,0.36678206882978626,1.0090246177396371,0.009683800382665721,9.35778368380565,0.019269909163174045,6.220920521201562,35.11741414144316,2.706837522204694,1.108684546615581,1.5553322048243758,0.007892697780580516,0.15816626857393343,0.8596720402972815,0.007004642924237138,-171.72168788602653,0.08536054252473091,3.144072782426778,-0.2999019244342392,0.5604402156224125,0.04391310630004156,0.9602545785166905,3.0951882845188283,2.308453237410072,-0.7194211093448479,0.0798964606110801,0.05470657098850413,Building Materials,Basic Materials,EXP
2008Q4,2008,Q4,2008-05-29,2008-03-31,1912000.0,144848000.0,3336000.0,0.04343553056386997,7699000.0,0.053152269965757205,1114847000.0,405687000.0,180626000.0,107276000.0,709160000.0,98717000.0,406621000.0,1564884764.1,1945924764.1,9.216124522941797,1.6837503262612328,0.3587936281839571,0.9859818037058126,0.0017187932523061403,9.216124522941797,0.004712993021713784,10.803633906577929,204.61359363232216,3.8573697557476576,4.606171548117155,1.389314910299138,0.005627890437712263,0.12992634863797453,0.7635351802826355,0.001715033542719315,-88.54663973858428,0.053152269965757205,-0.9131289388722601,-0.7449587075965242,0.5447121713647625,0.05853457000029924,-0.7609822731365061,-0.9145474860335195,-0.8804772311991688,-0.9131814887851105,0.17906015078197954,0.04324794864126454,Building Materials,Basic Materials,EXP
2008Q3,2008,Q3,2008-02-05,2007-12-31,22375000.0,173005000.0,27911000.0,0.5,32211000.0,0.18618537036501837,1122566000.0,434724000.0,205035000.0,104623000.0,687842000.0,85998000.0,435134000.0,1561803415.7599998,1895983415.7599998,9.87576756738902,1.9597507240281773,0.356326487707627,0.9201240327196106,0.023413714012607424,9.87576756738902,0.05146943808025322,9.0275044984827,17.45031749452514,3.5926321430608845,0.3935642458100559,1.6371776087815997,0.0056383536565098695,0.15411566001464502,1.137770853445227,0.019932012906145383,-104.34282574559057,0.18618537036501837,-0.3150684931506849,0.8216559214052616,0.8188218746853669,0.15516184561148638,-0.36957372685638235,-0.35665200264527447,-0.3845153038722766,0.0796539283677729,0.44148003471882824,0.14569388421594912,Building Materials,Basic Materials,EXP
2008Q2,2008,Q2,2007-11-06,2007-09-30,34779000.0,210463000.0,45348000.0,0.73,51094000.0,0.242769512931014,1092980000.0,419641000.0,179099000.0,166597000.0,673339000.0,81273000.0,420047000.0,1694420952.56,1993455952.56,8.980166727170586,1.0750433681278775,0.2927775439623781,0.7625565662077823,0.04234088256244066,8.980166727170586,0.08287798380043895,8.05092083910236,12.179914262629747,4.037786947795854,0.2762011558699215,1.9609095271492378,0.005669193352151876,0.1925588757342312,0.5872014502061862,0.031820344379586085,58.557539140171414,0.242769512931014,-0.08750000000000008,1.5565622422648058,0.8323698655364743,0.09100661030798475,-0.13733369352333355,-0.10136427058033176,-0.17370310307756784,0.3645156426342284,0.5247260504674808,0.09544480839585612,Building Materials,Basic Materials,EXP
2008Q1,2008,Q1,2007-08-07,2007-06-30,38702000.0,221237000.0,54881000.0,0.8,59228000.0,0.26771290516504925,1085550000.0,544545000.0,189854000.0,152375000.0,541005000.0,81718000.0,540912000.0,2351998904.4,2528535904.4,11.356269001670203,1.2459655455291223,0.18423840449541706,0.36727910457354307,0.04964507574046093,11.356269001670203,0.07107217952602632,10.631128176570828,15.193006203813756,4.319200257829931,0.216552116169707,1.9825375070363935,0.003563352000003593,0.20380175947676293,0.709670221493027,0.03565197365390816,202.75852624137931,0.26771290516504925,0.05809369803063459,1.6742157702778862,0.9866206977003035,0.40855311856346155,0.12521610274141765,0.058588621444201315,0.15961290595220487,0.9434711478246494,0.715934661649695,0.4351124183848644,Building Materials,Basic Materials,EXP
2007Q4,2007,Q4,2007-05-29,2007-03-31,36560000.0,191780000.0,47327000.0,0.7560767080353955,52637000.0,0.27446553342371466,971410000.0,546046000.0,173609000.0,108024000.0,425364000.0,78908000.0,546417000.0,2158078383.6600003,2340863383.6600003,11.292468876255349,1.6071335999407539,0.20588628900258388,0.36626950842969275,0.04295802173411581,11.292468876255349,0.06695406614094783,11.252885512879343,14.757100544721007,3.9521915436794703,0.2312636761487965,1.7633573275206569,0.003917837305640732,0.19742436252457768,0.8766662963785825,0.03763601362967233,6539.631465636365,0.27446553342371466,-0.08906420718627044,2.8617130166066365,0.9610444959813603,0.45341226327322737,-0.12878612334072628,-0.10648385756531516,-0.13630556974961677,1.628544202339171,0.8169221081680303,0.4407032683807912,Building Materials,Basic Materials,EXP
2007Q3,2007,Q3,2007-02-06,2006-12-31,40917000.0,214179000.0,54796000.0,0.83,60418000.0,0.28209114805839974,963935000.0,537282000.0,197823000.0,111211000.0,426653000.0,66663000.0,538203000.0,,,,,,,,,,,,,,,,,,,,,,,,,,,,,,,Building Materials,Basic Materials,EXP
2007Q2,2007,Q2,2006-11-09,2006-09-30,66095000.0,256468000.0,89307000.0,1.32,94440000.0,0.3682330739117551,964765000.0,527887000.0,241521000.0,121590000.0,436878000.0,67641000.0,528800000.0,,,,,,,,,,,,,,,,,,,,,,,,,,,,,,,Building Materials,Basic Materials,EXP
2007Q1,2007,Q1,2006-08-04,2006-06-30,59092000.0,259974000.0,85522000.0,1.16,89801000.0,0.34542300383884544,967924000.0,518230000.0,270419000.0,131699000.0,449694000.0,67401000.0,515910000.0,,,,,,,,,,,,,,,,,,,,,,,,,,,,,,,Building Materials,Basic Materials,EXP
