Quarters,Year,Quarter,FillingDate,Date,NetIncome,Revenue,OperatingIncome,EPSDiluted,GrossProfit,GrossProfitRatio,TotalAssets,CommonStockEquity,CurrentAssets,CurrentLiability,TotalLiability,Inventory,RetainedEarnings,MarketCap,EnterpriseValue,bookValuePerShare,currentRatio,debtToAssets,debtToEquity,roic,shareholdersEquityPerShare,roe,priceToSalesRatio,peRatio,pbRatio,payoutRatio,inventoryTurnover,dividendYield,assetTurnover,quickRatio,returnOnAssets,priceToFreeCashFlowsRatio,grossProfitMargin,epsdilutedGrowth,fiveYNetIncomeGrowthPerShare,fiveYRevenueGrowthPerShare,fiveYShareholdersEquityGrowthPerShare,grossProfitGrowth,netIncomeGrowth,operatingIncomeGrowth,threeYNetIncomeGrowthPerShare,threeYRevenueGrowthPerShare,threeYShareholdersEquityGrowthPerShare,Industry,Sector,Symbol
2023Q1,2023,Q1,2023-04-27,2023-03-31,488000000.0,4091000000.0,680000000.0,9.61,1634000000.0,0.3994133464,7825000000.0,3045000000.0,5190000000.0,1924000000.0,4780000000.0,2252000000.0,11101000000.0,34578262000.0,36837262000.0,60.657370517928285,2.6975051975051976,0.34760383386581467,0.8932676518883416,0.08457255896624835,60.657370517928285,0.16026272577996717,8.452276216084087,17.71427356557377,11.35575106732348,0.17827868852459017,1.0910301953818828,0.0025160316039018965,0.522811501597444,1.431912681912682,0.062364217252396166,97.12994943820225,0.3994133463700807,0.27453580901856756,1.353833763355028,0.6515318864298395,0.920613353989225,0.0849933598937583,0.2708333333333333,0.25,2.0118600741542503,0.4555413799649786,0.7962624639563295,Industrial Distribution,Industrials,GWW
2022Q4,2022,Q4,2023-02-21,2022-12-31,384000000.0,3802000000.0,544000000.0,7.54,1506000000.0,0.3961073119,7588000000.0,2735000000.0,4977000000.0,2010000000.0,4853000000.0,2253000000.0,10700000000.0,28035000000.0,30415000000.0,54.26587301587302,2.476119402985075,0.35648392198207696,0.9890310786106032,0.07060892877576709,54.26587301587302,0.14040219378427787,7.373750657548658,18.251953125,10.250457038391223,0.22135416666666666,1.019085663559698,0.003031924380238987,0.5010542962572483,1.2228855721393035,0.050606220347917764,89.85576923076923,0.3961073119410836,-0.08827085852478835,1.8588514295423513,0.6242659269593003,0.8198838602030484,-0.008558262014483212,-0.09859154929577464,-0.0978441127694859,2.9796578825705033,0.42553007621500777,0.5738565866598213,Industrial Distribution,Industrials,GWW
2022Q3,2022,Q3,2022-10-28,2022-09-30,426000000.0,3942000000.0,603000000.0,8.27,1519000000.0,0.3853373922,7201000000.0,2308000000.0,4686000000.0,1785000000.0,4639000000.0,2071000000.0,10402000000.0,24850852000.0,27217852000.0,45.43307086614173,2.6252100840336134,0.372448271073462,1.1620450606585788,0.08467879525743338,45.43307086614173,0.18457538994800693,6.304122780314561,14.583833333333335,10.767266897746968,0.23943661971830985,1.1699661999034283,0.004104487041329609,0.5474239688932093,1.3854341736694678,0.05915845021524788,74.18164776119403,0.38533739218670726,0.15020862308762156,1.9668680979153,0.6872953809951653,0.4733192321314524,0.05412907702984039,0.14824797843665768,0.12921348314606743,0.9480017897333649,0.42518800199856255,0.314309631381593,Industrial Distribution,Industrials,GWW
2022Q2,2022,Q2,2022-07-29,2022-06-30,371000000.0,3837000000.0,534000000.0,7.19,1441000000.0,0.3755538181,7049000000.0,2201000000.0,4513000000.0,1750000000.0,4584000000.0,1990000000.0,10066000000.0,23175930000.0,25589930000.0,43.15686274509804,2.5788571428571427,0.37962831607320185,1.2158109950022717,0.07686839535383715,43.15686274509804,0.16855974557019537,6.040117279124316,15.617203504043127,10.529727396637892,0.2668463611859838,1.2040201005025126,0.004271673240297153,0.5443325294367996,1.3491428571428572,0.05263157894736842,160.94395833333334,0.3755538180870472,-0.04005340453938582,3.309761310187824,0.6689010261074706,0.45280473504252966,0.04193781634128706,-0.03636363636363636,0.0,0.5416365007541478,0.4329293832984283,0.23657989456833176,Industrial Distribution,Industrials,GWW
2022Q1,2022,Q1,2022-04-28,2022-03-31,385000000.0,3647000000.0,534000000.0,7.49,1383000000.0,0.3792157938,6993000000.0,2081000000.0,4439000000.0,1742000000.0,4623000000.0,1929000000.0,9782000000.0,26356869000.0,28700869000.0,40.72407045009785,2.548220436280138,0.38724438724438726,1.3012974531475252,0.07708074713473254,40.72407045009785,0.1850072080730418,7.227,17.11485,12.665482460355598,0.21818181818181817,1.1736651114567134,0.003187024983885605,0.5215215215215215,1.357634902411022,0.055055055055055056,92.15688461538461,0.37921579380312587,0.2869415807560137,1.5317662346295702,0.6492033093024335,0.3323572276104804,0.10375099760574621,0.27906976744186046,0.2805755395683453,0.6557474687313878,0.4177078898040885,0.14878656368616971,Industrial Distribution,Industrials,GWW
2021Q4,2021,Q4,2022-02-23,2021-12-31,301000000.0,3359000000.0,417000000.0,5.82,1253000000.0,0.3730276868,6592000000.0,2160000000.0,4011000000.0,1528000000.0,4432000000.0,1870000000.0,9500000000.0,26637536000.0,29158536000.0,42.023346303501945,2.625,0.41899271844660196,1.2787037037037037,0.058814350819681345,42.023346303501945,0.13935185185185187,7.930198273295623,22.124199335548173,12.332192592592593,0.31893687707641194,1.1262032085561497,0.003603936940714036,0.5095570388349514,1.3056282722513088,0.04566140776699029,171.85507096774194,0.3730276868115511,0.021052631578947385,4.711720204048935,0.5650709155941834,0.3830107451740545,0.0024,0.013468013468013467,-0.04794520547945205,0.5699015001702905,0.3258982605691731,0.22631168510240096,Industrial Distribution,Industrials,GWW
2021Q3,2021,Q3,2021-10-29,2021-09-30,297000000.0,3372000000.0,438000000.0,5.7,1250000000.0,0.3706998814,6390000000.0,1827000000.0,4005000000.0,1550000000.0,4273000000.0,1786000000.0,9301000000.0,20360508000.0,22404508000.0,35.270270270270274,2.5838709677419356,0.37120500782472615,1.2983032293377121,0.0778621405006157,35.270270270270274,0.1625615763546798,6.038110320284697,17.13847474747475,11.14422988505747,0.28619528619528617,1.1881298992161253,0.0041747484885937035,0.5276995305164319,1.335483870967742,0.04647887323943662,183.428,0.370699881376038,0.3286713286713287,0.8513335183588528,0.5048015269177174,0.03627666285513968,0.11209964412811388,0.32,0.31137724550898205,2.0948437101133575,0.2952958467043404,0.025506502816493068,Industrial Distribution,Industrials,GWW
2021Q2,2021,Q2,2021-07-30,2021-06-30,225000000.0,3207000000.0,334000000.0,4.29,1124000000.0,0.3504833177,6462000000.0,1868000000.0,4057000000.0,1589000000.0,4321000000.0,1707000000.0,9089000000.0,22863600000.0,24691600000.0,35.78544061302682,2.553178099433606,0.36753327143299286,1.2714132762312633,0.05996378324025483,35.78544061302682,0.12044967880085652,7.129279700654817,25.403999999999996,12.239614561027837,0.4222222222222222,1.2202694786174575,0.004155076190976049,0.49628597957288767,1.3725613593455004,0.034818941504178275,117.24923076923076,0.3504833177424384,-0.050884955752212295,0.5199634396010548,0.4592166649369251,0.02113885418775658,0.028362305580969808,-0.0546218487394958,-0.0670391061452514,0.020560501794920628,0.20523157587338067,0.06008067742078522,Industrial Distribution,Industrials,GWW
2021Q1,2021,Q1,2021-04-30,2021-03-31,238000000.0,3084000000.0,358000000.0,4.52,1093000000.0,0.3544098573,6333000000.0,1816000000.0,3934000000.0,1531000000.0,4253000000.0,1675000000.0,8948000000.0,20968639000.0,22786639000.0,34.7227533460803,2.5695623775310255,0.3758092531185852,1.3105726872246697,0.06342983877467642,34.7227533460803,0.13105726872246695,6.799169584954605,22.025881302521007,11.546607378854628,0.3403361344537815,1.1886567164179105,0.0038629116558304044,0.48697299857887255,1.3964728935336381,0.03758092531185852,94.88071945701357,0.3544098573281453,0.4440894568690095,0.50302989018053,0.45079247261166805,-0.05556458318932519,0.06426484907497566,0.4166666666666667,0.3018181818181818,0.10188165184545868,0.1950164435714231,0.09943743347801146,Industrial Distribution,Industrials,GWW
2020Q4,2020,Q4,2021-02-24,2020-12-31,168000000.0,2941000000.0,275000000.0,3.13,1027000000.0,0.3492009521,6295000000.0,1828000000.0,3919000000.0,1441000000.0,4202000000.0,1733000000.0,8779000000.0,21764522000.0,23576522000.0,34.29643527204503,2.7196391394864676,0.3807783955520254,1.311269146608315,0.04649196956889265,34.29643527204503,0.09190371991247265,7.400381502890173,32.387681547619046,11.906193654266957,0.5476190476190477,1.1044431621465667,0.0042270627399949336,0.4671961874503574,1.4288688410825816,0.026687847498014297,74.79217182130584,0.3492009520571234,-0.29662921348314614,0.3477562509288367,0.3826520403848943,-0.060365003615936046,-0.043761638733705775,-0.3,-0.27631578947368424,0.1826955726343124,0.1880736760243696,0.150180132471774,Industrial Distribution,Industrials,GWW
2020Q3,2020,Q3,2020-10-22,2020-09-30,240000000.0,3018000000.0,380000000.0,4.45,1074000000.0,0.3558648111,6583000000.0,2131000000.0,4273000000.0,1441000000.0,4208000000.0,1780000000.0,8694000000.0,19122872000.0,20663872000.0,39.757462686567166,2.96530187369882,0.3645754215403312,1.1262318160488034,0.059309044751259275,39.757462686567166,0.11262318160488034,6.336273028495692,19.919658333333334,8.973661191928672,0.3416666666666667,1.0921348314606742,0.004288058822963413,0.45845359258696644,1.626648160999306,0.036457542154033115,75.8844126984127,0.3558648111332008,1.099056603773585,0.5077499324983707,0.4387154597732646,0.08972023096004077,0.05708661417322835,1.105263157894737,0.8536585365853658,0.5841591273291701,0.2243135490737198,0.2892686600350497,Industrial Distribution,Industrials,GWW
2020Q2,2020,Q2,2020-07-23,2020-06-30,114000000.0,2837000000.0,205000000.0,2.12,1016000000.0,0.3581247797,7194000000.0,1929000000.0,4918000000.0,1388000000.0,5042000000.0,1695000000.0,8536000000.0,16807560000.000002,18541560000.0,36.05607476635514,3.543227665706052,0.4638587711982207,1.7299118714359771,0.027292598953087072,36.05607476635514,0.05909797822706065,5.924413112442722,36.85868421052632,8.713094867807156,0.7543859649122807,1.0743362831858407,0.005116745083759927,0.39435640811787603,2.206772334293948,0.0158465387823186,88.92888888888889,0.3581247796968629,-0.34161490683229817,-0.3560366794080811,0.401123359621477,-0.20437094491267127,-0.0936663693131133,-0.34104046242774566,0.2893081761006289,0.2624103714352222,0.17629029086884762,0.2137683977864694,Industrial Distribution,Industrials,GWW
2020Q1,2020,Q1,2020-04-23,2020-03-31,173000000.0,3001000000.0,159000000.0,3.22,1121000000.0,0.3735421526,7177000000.0,1810000000.0,4914000000.0,1500000000.0,5147000000.0,1615000000.0,8500000000.0,13319600000.0,15168600000.0,33.76865671641791,3.276,0.465514839069249,1.8458563535911603,0.04021508198872911,33.76865671641791,0.09558011049723757,4.438387204265245,19.247976878612718,7.3588950276243095,0.4508670520231214,1.1640866873065014,0.005856031712664044,0.4181412846593284,2.07,0.02410477915563606,68.65773195876288,0.3735421526157947,0.6947368421052633,0.028326662778800877,0.5428895348055054,-0.27536621112301013,0.036044362292051754,0.6796116504854369,-0.12154696132596685,0.08458873056773542,0.29378031834163626,0.10479903765878322,Industrial Distribution,Industrials,GWW
2019Q4,2019,Q4,2020-02-20,2019-12-31,103000000.0,2847000000.0,181000000.0,1.9,1082000000.0,0.3800491746,6005000000.0,1855000000.0,3555000000.0,1678000000.0,3945000000.0,1655000000.0,8405000000.0,18212376000.0,20067376000.0,34.479553903345725,2.1185935637663884,0.3688592839300583,1.1940700808625337,0.0306070241364359,34.479553903345725,0.055525606469002696,6.397041095890411,44.20479611650485,9.817992452830188,0.8349514563106796,1.066465256797583,0.004722063721943804,0.474104912572856,1.0637663885578068,0.017152373022481265,85.10456074766356,0.38004917456972254,-0.5571095571095571,-0.12662333599607428,0.4309647915131572,-0.27064779203554806,-0.015468607825295723,-0.5579399141630901,-0.46449704142011833,0.8673189186155117,0.2673376220031811,0.13474051287441977,Industrial Distribution,Industrials,GWW
2019Q3,2019,Q3,2019-10-23,2019-09-30,233000000.0,2947000000.0,338000000.0,4.29,1099000000.0,0.3729216152,5922000000.0,1871000000.0,3396000000.0,1572000000.0,3850000000.0,1520000000.0,8380000000.0,16083298425.599998,17985298425.6,34.56801181498062,2.1603053435114505,0.3694697737250929,1.1694281133083912,0.06310032609078207,34.56801181498062,0.12453233564938536,5.4575155838479805,17.256757967381976,8.596097501656867,0.33905579399141633,1.2157894736842105,0.004911927759436128,0.49763593380614657,1.1329516539440203,0.03934481594056062,60.92158494545454,0.37292161520190026,-0.0852878464818764,0.2764869540865744,0.45128368563946814,-0.3048404893807533,-0.019625334522747548,-0.10384615384615385,-0.11052631578947368,0.3899990703531786,0.25864184740627993,0.015643590215410542,Industrial Distribution,Industrials,GWW
2019Q2,2019,Q2,2019-07-24,2019-06-30,260000000.0,2893000000.0,380000000.0,4.69,1121000000.0,0.3874870377,5992000000.0,1923000000.0,3456000000.0,1452000000.0,3878000000.0,1535000000.0,8226000000.0,14727679000.000002,16624679000.000002,34.900181488203266,2.3801652892561984,0.3691588785046729,1.1502860114404576,0.06829609953680761,34.900181488203266,0.13520540821632865,5.09079813342551,14.16122980769231,7.65869942797712,0.3346153846153846,1.1543973941368078,0.005907244447682489,0.48281041388518026,1.2520661157024793,0.043391188251001335,53.36115579710145,0.38748703767715176,0.03532008830022078,0.5686736280846063,0.4341565991821011,-0.28987800888999604,0.023744292237442923,0.02766798418972332,0.046831955922865015,0.6639599759843124,0.24706232435503647,-0.0041220472541698425,Industrial Distribution,Industrials,GWW
2019Q1,2019,Q1,2019-04-22,2019-03-31,253000000.0,2799000000.0,363000000.0,4.53,1095000000.0,0.3912111468,6014000000.0,1971000000.0,3508000000.0,1462000000.0,3862000000.0,1523000000.0,8045000000.0,17306056000.0,19125056000.0,35.44964028776978,2.399452804377565,0.3676421682740273,1.121765601217656,0.06479131156319105,35.44964028776978,0.12836123795027904,6.1829424794569485,17.100845849802372,8.780342973110097,0.30039525691699603,1.118844386080105,0.00439152629576606,0.46541403392085134,1.283857729138167,0.04206850681742601,258.29934328358206,0.3912111468381565,0.2210242587601079,0.4429050704592865,0.4497138985704958,-0.2502124197971976,0.02714187221229475,0.20990688977413477,0.2514565851438658,0.5029276648842083,0.23857046605673682,-0.03579374978488737,Industrial Distribution,Industrials,GWW
2018Q4,2018,Q4,2019-02-28,2018-12-31,209107000.0,2762958000.0,290062000.0,3.71,1066065000.0,0.3858419129,5873000000.0,1921000000.0,3557000000.0,1501000000.0,3780000000.0,1541000000.0,7869000000.0,15828536880.0,17510536880.0,34.26807948910057,2.369753497668221,0.37800102162438276,1.1556480999479437,0.05496591507741271,34.26807948910057,0.10885320145757418,5.72883731131635,18.92396820766402,8.239738094742323,0.4003261488137652,1.101163530175211,0.00528861262633644,0.47045087689426185,1.2811459027315124,0.03560480163459901,64.89977891853772,0.3858419129063851,1.016304347826087,0.6453396683591069,0.43348941856677276,-0.27108438435791926,-0.012203088298655993,1.0033819711239067,0.5337295502374129,0.5949984090825398,0.2350421151662466,-0.06114187986541033,Industrial Distribution,Industrials,GWW
2018Q3,2018,Q3,2018-11-01,2018-09-30,104377000.0,2831429000.0,189122000.0,1.84,1079235000.0,0.3811626567,5932183000.0,1937703000.0,3583344000.0,1467332000.0,3832129000.0,1473117000.0,7751677000.0,20057040000.0,21774991000.0,34.39302449414271,2.442081274040231,0.37672489200012876,1.1533248387394766,0.03049114652641585,34.39302449414271,0.053866356195970175,7.083716384906703,48.03989384634546,10.35093613417536,0.7392145779242554,1.189446595212736,0.003846878701942061,0.4772996719757297,1.3617572573896024,0.017595040476667694,71.03558678528928,0.3811626567362275,-0.5608591885441528,-0.38950648439609337,0.4554078389772108,-0.27355281429518746,-0.028539769438701065,-0.5595554073955296,-0.45020436878245046,-0.3761634253228242,0.28413090390034085,-0.057314726278182106,Industrial Distribution,Industrials,GWW
2018Q2,2018,Q2,2018-07-26,2018-06-30,236981000.0,2860212000.0,343986000.0,4.19,1110941000.0,0.3884121177,5904572000.0,1894121000.0,3373002000.0,1424495000.0,3854303000.0,1464181000.0,7724635000.0,17304324000.0,19286615000.0,33.75728034218499,2.3678580830399545,0.38863985399788503,1.211512886452344,0.0629156474418914,33.75728034218499,0.1251139710715419,6.050014474451544,18.2549698077061,9.135807057732848,0.34972423949599335,1.1947095338622753,0.004789438755307633,0.48440632106780984,1.246100547913471,0.04013516983110715,89.18835171631791,0.38841211770316325,0.019464720194647216,0.351790144056336,0.4911141358547799,-0.2568573471178807,0.017569811652571675,0.02352128187962943,0.027345219962368963,0.276389788030694,0.3468796016889568,-0.2550971442395373,Industrial Distribution,Industrials,GWW
2018Q1,2018,Q1,2018-04-27,2018-03-31,231535000.0,2766401000.0,334830000.0,4.11,1091759000.0,0.3946495826,5902811000.0,1770598000.0,3307162000.0,1504332000.0,3976905000.0,1434609000.0,7564319000.0,15824903009.999998,17935216010.0,31.582291350801775,2.1984256134948934,0.4086744434134855,1.3624368716106083,0.0627832397189451,31.582291350801775,0.13076655457647643,5.720393757087276,17.08694474917399,8.937603572352392,0.3120651305418187,1.1673159725054005,0.004565841569729785,0.468658237575284,1.1501769556188395,0.03922453217628008,161.91478073585984,0.39464958261654765,0.5509433962264153,0.3561524388345539,0.5051963668738938,-0.2978559285213281,0.06906384366288071,0.5327454835527841,0.39547968441979003,0.31580065977012906,0.35979182786413183,-0.3222829194795368,Industrial Distribution,Industrials,GWW
2017Q4,2017,Q4,2018-02-26,2017-12-31,151059000.0,2632461000.0,239939000.0,2.65,1021229000.0,0.3879369913,5804254000.0,1690132000.0,3205989000.0,1506661000.0,3976521000.0,1429199000.0,7405192000.0,13390886250.0,15406358250.0,29.818316543462537,2.127876808386226,0.40355711517793674,1.385896486191611,0.04641082693642132,29.818316543462537,0.089377042739857,5.086831770727088,22.16168227315155,7.92298249485839,0.5227692491013445,1.127367147612054,0.005897219834870899,0.45353993812124693,1.0965054514585564,0.02602556676534142,46.24260132813498,0.387936991279263,-0.06028368794326239,0.18626760180779348,0.45116472569465615,-0.3141094569505912,0.003980613067500344,-0.06757157142328062,-0.14664082227833694,0.21578207578025638,0.25588015758324634,-0.36924778465167374,Industrial Distribution,Industrials,GWW
2017Q3,2017,Q3,2017-10-26,2017-09-30,162006000.0,2635999000.0,281170000.0,2.82,1017180000.0,0.3858802678,5825060000.0,1767497000.0,3175060000.0,1392523000.0,3923975000.0,1391993000.0,7327140000.0,10302730750.0,12341340750.0,30.837221068792854,2.280077241094043,0.39882593484015616,1.3143926128304602,0.046964021109195585,30.837221068792854,0.09165842997187548,3.9084729356877603,15.898687008505858,5.828994759255603,0.45595224868214757,1.1629505320788251,0.00716965257002373,0.45252735594139804,1.1905713586059261,0.0278119023666709,35.691082885292246,0.3858802677846236,0.6785714285714285,0.26642247786166506,0.40366245433843867,-0.25117865865054945,-0.0219009265776629,0.6544561432174917,0.2116001982203262,-0.16187751222267935,0.22583877106906522,-0.3798663451697394,Industrial Distribution,Industrials,GWW
2017Q2,2017,Q2,2017-07-27,2017-06-30,97921000.0,2615269000.0,232065000.0,1.68,1039956000.0,0.3976478137,5861881000.0,1723328000.0,3186347000.0,1410578000.0,4013685000.0,1397804000.0,7239159000.0,10473086890.0,12624191890.0,29.705893506627824,2.2588945808030467,0.41388933006316575,1.4078399468934526,0.02887021728725471,29.705893506627824,0.05682087217291195,4.004592602137677,26.738612989042185,6.077245242925317,0.8120729976205309,1.126991337841357,0.007592699347880613,0.44614842914757225,1.165969552906681,0.01670470621972708,75.42571561291437,0.39764781366658647,-0.4305084745762712,-0.3809899330398946,0.40170132598473257,-0.25661046329230064,0.020373001357938444,-0.43963168978620154,-0.21463815789473684,-0.43887274752107497,0.23137627640660488,-0.39556737686998505,Industrial Distribution,Industrials,GWW
2017Q1,2017,Q1,2017-04-27,2017-03-31,174744000.0,2541129000.0,295488000.0,2.95,1019192000.0,0.4010784183,5782549000.0,1794802000.0,3096183000.0,1688430000.0,3866026000.0,1388091000.0,7216018000.0,13667667200.0,15718207200.0,30.565429155313353,1.8337645031182814,0.3959051622390057,1.2755395859821863,0.048876045707216716,30.565429155313353,0.09736115738672009,5.378580623022287,19.55384333653802,7.615139274415784,0.4127065879229044,1.0964245139547768,0.005276540535022685,0.43944789745837,0.9263155712703518,0.030219199180153943,133.76330716984086,0.40107841829360097,1.8921568627450982,0.11301319290145367,0.3836821331853133,-0.22926500451242532,0.029807253165631327,1.8804272574423895,0.6959845719402162,-0.056355841485419535,0.24622041465060948,-0.353517300085857,Industrial Distribution,Industrials,GWW
2016Q4,2016,Q4,2017-02-28,2016-12-31,60666000.0,2470710000.0,174228000.0,1.02,989692000.0,0.4005698767,5694307000.0,1797935000.0,3020229000.0,1628937000.0,3788539000.0,1406470000.0,7113559000.0,13742464750.0,15715370750.0,30.385408392624765,1.854110379959446,0.3946137782876828,1.249796015985005,0.020257380308769356,30.385408392624765,0.033742042954834295,5.562152073695415,56.63165838360861,7.643471399132895,1.3490258134704778,1.0530036189893848,0.005955263592726334,0.4338912531410758,0.9191527971922794,0.010653798609734248,52.45896318606231,0.4005698766751258,-0.6688311688311689,-0.5157393173114382,0.4099991728262415,-0.18935179301466173,-0.04814609637682832,-0.6736158559876905,-0.45990383989435407,-0.547768251705398,0.2144249232951902,-0.3536726015798251,Industrial Distribution,Industrials,GWW
2016Q3,2016,Q3,2016-10-28,2016-09-30,185873000.0,2596288000.0,322587000.0,3.08,1039752000.0,0.4004763724,5885509000.0,2042713000.0,3129192000.0,1536311000.0,3724473000.0,1381468000.0,7125727000.0,13494222280.0,15486545280.0,34.03557325424463,2.036821971592991,0.3871039870978024,1.1153324035241368,0.049248818850939576,34.03557325424463,0.09099320364632721,5.1975059315453445,18.149788134909322,6.606029471589988,0.3962436717543699,1.1267260624205555,0.00545796552567237,0.44113227929818816,1.049488026838316,0.03158146559626364,57.15735286269161,0.40047637242093326,0.09219858156028378,0.18774589686726428,0.42883553331313895,-0.0636938084944178,-0.0002951755621556085,0.07642637077532488,0.055623729911744205,0.020551941665603927,0.25277898471404364,-0.281102875712289,Industrial Distribution,Industrials,GWW
2016Q2,2016,Q2,2016-07-28,2016-06-30,172676000.0,2563668000.0,305589000.0,2.82,1040059000.0,0.4056917666,5964804000.0,2133903000.0,3190262000.0,1641344000.0,3722230000.0,1418678000.0,7013688000.0,13837479750.0,15792765750.0,35.04463713849337,1.9436888306168603,0.380780826997836,1.0643796836126103,0.04398950616229428,35.04463713849337,0.08092026676001673,5.397531876202379,20.0338781156617,6.484587045428026,0.4334591952558549,1.073963929799433,0.005409077473085372,0.4297992021196338,0.9908824719254464,0.028949149041611427,116.53792172682714,0.40569176664061024,-0.06312292358803985,0.16195479789864317,0.46314831488615626,-0.019642282968766224,-0.004778705003478293,-0.0751795536465056,-0.03627653803943335,-0.09235736084437532,0.23157710773609638,-0.22851709769266554,Industrial Distribution,Industrials,GWW
2016Q1,2016,Q1,2016-04-28,2016-03-31,186713000.0,2506538000.0,317092000.0,3.01,1045053000.0,0.4169308425,5964839000.0,2267299000.0,3138961000.0,1880440000.0,3600639000.0,1420897000.0,6916043000.0,14395394670.0,16207813670.0,36.76561967925538,1.6692694263044818,0.3507764417446976,0.9228271171998047,0.04684054076836866,36.76561967925538,0.08235040901089799,5.743138412423829,19.274762161713433,6.349138190419525,0.38900344378805973,1.0285650543283573,0.005045502514173166,0.42021888604202057,0.8426038586713748,0.03130226985170933,141.22269968803343,0.41693084246079654,0.2974137931034483,0.3304942726940217,0.4975943121461049,0.1014485301465843,0.04257687991021324,0.2856188718739672,0.2601718423374373,-0.005795227879478953,0.2398288819215102,-0.18261909481835614,Industrial Distribution,Industrials,GWW
2015Q4,2015,Q4,2016-02-29,2015-12-31,145232000.0,2478258000.0,251626000.0,2.32,1002375000.0,0.4044675736,5857755000.0,2266634000.0,3048642000.0,1788534000.0,3505041000.0,1414177000.0,6802130000.0,12580839000.0,14279535000.0,36.4997423510467,1.704547970572547,0.33952119882105003,0.8774385277905475,0.03754471098417583,36.4997423510467,0.06407386459393091,5.076484772771842,21.6564514018949,5.550450138840237,0.5200369064668944,1.0436338591279593,0.006003256221624011,0.4230730032239314,0.838551014406212,0.024793116134082083,81.13738907233515,0.40446757359403257,-0.21088435374149664,0.22767851711052087,0.5162362741810621,0.14872720785160912,-0.056036516401586245,-0.24437437890541672,-0.26150694540235786,0.04098455462602836,0.24694468298257036,-0.16042114363389032,Industrial Distribution,Industrials,GWW
2015Q3,2015,Q3,2015-10-29,2015-09-30,192201000.0,2532900000.0,340729000.0,2.94,1061879000.0,0.4192344743,5807153000.0,2361251000.0,3104686000.0,1549197000.0,3361101000.0,1367533000.0,6730068000.0,13915447200.0,15469507200.0,36.48410074165636,2.0040614589364685,0.3120653097998279,0.7674791879389358,0.05025114137677613,36.48410074165636,0.08139795388122652,5.493879426744049,18.100123308411504,5.893252009210372,0.40084078646833265,1.075674956289903,0.005536437233580248,0.4361689798770585,1.000205913127898,0.03309728536513503,48.98063435186782,0.41923447431797545,-0.10365853658536582,0.38064213890727444,0.4407433446640491,0.23321351101555945,-0.01076267523233889,-0.12852984384351707,-0.04481984318100903,0.33060176897839016,0.19448425294842797,-0.11405527773242162,Industrial Distribution,Industrials,GWW
2015Q2,2015,Q2,2015-07-30,2015-06-30,220548000.0,2522565000.0,356717000.0,3.28,1073432000.0,0.4255319486,5826909000.0,3020515000.0,3523746000.0,1047102000.0,2727471000.0,1302977000.0,6615081000.0,15773195800.0,16358821800.0,45.31769489287643,3.3652366245122254,0.24119340116689655,0.4652888663026007,0.052062009583990064,45.31769489287643,0.07301668755162613,6.25284018449475,17.87954980321744,5.222022006181065,0.3650588534015271,1.1121708211273107,0.005104418978936405,0.43291649140221683,1.9268820038544479,0.03784991322157254,111.1477239415976,0.4255319486316507,0.058064516129032163,0.837857230656953,0.5211745042503192,0.5147747651596066,-0.018570175991983493,0.04517688315996493,0.01557308674522487,0.21349260674499163,0.17677551311346856,0.1340746307987618,Industrial Distribution,Industrials,GWW
2015Q1,2015,Q1,2015-04-30,2015-03-31,211015000.0,2439661000.0,351247000.0,3.1,1093743000.0,0.4483176146,5210972000.0,3132985000.0,2946641000.0,1297545000.0,2000703000.0,1328395000.0,6473464000.0,15853506300.0,16238098300.0,46.60099657890822,2.270935497420128,0.12051859038966242,0.20045388024519747,0.057529460724409495,46.60099657890822,0.06735270037998906,6.49824147699209,18.7824399924176,5.060192212857706,0.3478093974362012,1.013191106560925,0.004629449070203479,0.46817772192980506,1.1110057839997842,0.040494364583037484,279.5046949929478,0.44831761461940817,0.42857142857142866,1.296972409093769,0.5748426637171784,0.47366270093928337,0.036918812174049895,0.417739974065937,0.31793076536317044,0.1739086514902485,0.16027795274520207,0.1750863600002051,Industrial Distribution,Industrials,GWW
2014Q4,2014,Q4,2015-02-27,2014-12-31,148839000.0,2510959000.0,266514000.0,2.17,1054801000.0,0.420078942,5284252000.0,3209872000.0,2967549000.0,1261716000.0,2000151000.0,1356396000.0,6335990000.0,17306776110.0,17564968110.0,47.274216115112154,2.3519944266380075,0.09175111255102898,0.15104527532562045,0.04165041301321366,47.274216115112154,0.046369138707088635,6.892496496358563,29.06962575333078,5.391734034877403,0.5114922836084629,1.0735493174559643,0.004398855079428193,0.47517775458097,1.109257550827603,0.02816652195996709,115.54257786056199,0.4200789419500677,-0.3483483483483484,0.6391588389746812,0.6427534078401315,0.5857046119583378,-0.04351078724392084,-0.3537786229713184,-0.30867700959500716,0.035371302663921425,0.24876936827109278,0.2612224273956069,Industrial Distribution,Industrials,GWW
2014Q3,2014,Q3,2014-10-30,2014-09-30,230322000.0,2562263000.0,385513000.0,3.33,1102784000.0,0.430394538,5326416000.0,3396137000.0,3043663000.0,1156783000.0,1850010000.0,1306504000.0,6261502000.0,17186688400.0,17324146400.0,49.72673363008082,2.6311443027776167,0.08583482777161978,0.13462118872118528,0.06093507514718944,49.72673363008082,0.06781881885212522,6.707620724336261,18.655065951146657,5.060658153661057,0.3229391894825505,1.117087280253256,0.0043277679951421,0.4810482320569779,1.3439149780036532,0.04324145917254679,68.64214297410746,0.4303945379533639,0.12121212121212116,0.7274016544411939,0.7475763445431305,0.5998701616483852,0.020448122766465005,0.11852949032367724,0.13136278396835227,0.2933666788962163,0.2391734387178579,0.36796428352758903,Industrial Distribution,Industrials,GWW
2014Q2,2014,Q2,2014-07-31,2014-06-30,205915000.0,2506104000.0,340751000.0,2.97,1080686000.0,0.4312215295,5311312000.0,3364291000.0,3030553000.0,1126453000.0,1863288000.0,1317467000.0,6105729000.0,17405798580.0,17641545580.0,49.14674087708534,2.690350152203421,0.10683876224932748,0.1686697137673287,0.05354212678963822,49.14674087708534,0.06120606095013779,6.945361637027035,21.132261588519533,5.173689963204729,0.37007017458660124,1.0819382952286472,0.004378023774649471,0.47184273866796,1.339825097008042,0.03876914028021702,247.2344333967785,0.43122152951353976,-0.045016077170417904,1.3892274265732674,0.7536140329584944,0.7101064635324663,0.004382088364835112,-0.04956312628950441,-0.03834745822503309,0.23253571870591974,0.2722718979773022,0.3748576278697461,Industrial Distribution,Industrials,GWW
2014Q1,2014,Q1,2014-05-01,2014-03-31,216653000.0,2385627000.0,354339000.0,3.11,1075971000.0,0.4510223099,5234229000.0,3248107000.0,2995664000.0,1166137000.0,1905638000.0,1266460000.0,5974519000.0,17357742000.0,17556878000.0,47.27957787481805,2.568878270734914,0.10979649533866401,0.17693382637948812,0.057746388657088116,47.27957787481805,0.06670131248755044,7.275966444041755,20.029427240795187,5.34395634133974,0.29855113937956085,1.0341076701988219,0.003726406349397289,0.45577428882076043,1.3164147951741518,0.04139157839674191,170.41787264123155,0.45102230985816305,0.39461883408071746,1.429894121387122,0.7599160708663378,0.7670914423635418,0.06913176410502019,0.3821651174808133,0.38002360153137327,0.38584075372702176,0.2794773416932386,0.41643258050544074,Industrial Distribution,Industrials,GWW
2013Q4,2013,Q4,2014-02-27,2013-12-31,156749000.0,2377232000.0,256763000.0,2.23,1006397000.0,0.423348247,5266328000.0,3250438000.0,3044285000.0,1195790000.0,1939492000.0,1305520000.0,5822612000.0,17659738800.0,17771893800.0,47.01240960370263,2.545835807290578,0.10306972904080414,0.1669925714626767,0.04242812960975168,47.01240960370263,0.048223962432139916,7.428698082475753,28.165632316633598,5.433033578859218,0.426018666785753,1.0500298731539923,0.003781369631582547,0.4514021914320566,1.2814122881107888,0.02976438231724268,144.41341445463914,0.42334824703688995,-0.254180602006689,0.560094402546541,0.6031633399569836,0.7165659387931529,-0.042771974745236196,-0.2563701141900194,-0.25944075104913256,0.19011613183127443,0.3063337830764326,0.47958397895071214,Industrial Distribution,Industrials,GWW
2013Q3,2013,Q3,2013-10-31,2013-09-30,210789000.0,2398530000.0,346715000.0,2.99,1051366000.0,0.4383376485,5251549000.0,3288572000.0,3049097000.0,1074492000.0,1882410000.0,1256852000.0,5731002000.0,18178638310.0,18187294310.0,47.34414995465081,2.8377102854185976,0.10447412753837011,0.16683563564975923,0.055989316703772184,47.34414995465081,0.06409742587360107,7.579074812489316,21.560231214626945,5.527821288389003,0.30902466447490146,1.0718557157087707,0.0035832716889563332,0.4567281006042217,1.5096464189589127,0.04013844296225742,63.02857408839223,0.4383376484763584,-0.026058631921823984,0.646405980185473,0.4260660295280684,0.6900732553152206,0.004185355268084326,-0.03156758246806947,-0.009589455883361138,0.4108177085859486,0.27119217302828824,0.6002983273467244,Industrial Distribution,Industrials,GWW
2013Q2,2013,Q2,2013-08-01,2013-06-30,217660000.0,2381561000.0,350072000.0,3.07,1046984000.0,0.4396209041,5030135000.0,3164535000.0,2962184000.0,986885000.0,1787940000.0,1221888000.0,5585752000.0,17731135800.0,17790352800.0,45.42503409172468,3.00154931932292,0.10893504846291402,0.17315592970215213,0.059898858077675234,45.42503409172468,0.06878103734039914,7.445173900647516,20.365634246071856,5.603077798159919,0.3078333180189286,1.0922253103394093,0.003778832938609607,0.47345866462828534,1.5851218733692376,0.043271204450775175,104.18252102025347,0.4396209041044928,0.02675585284280924,1.1129943694023356,0.4893991817166328,0.6992013460121489,0.01477897446633635,0.027483265514213692,0.01971133540146517,0.7353449508292494,0.37403224952298575,0.5183626508654469,Industrial Distribution,Industrials,GWW
2013Q1,2013,Q1,2013-04-25,2013-03-31,211838000.0,2280435000.0,343305000.0,2.99,1031736000.0,0.4524294707,5013728000.0,3128884000.0,2923428000.0,989422000.0,1795538000.0,1230614000.0,5433869000.0,15290423220.0,15354793220.0,44.979787815186455,2.954682632890718,0.10967607337294724,0.17574508994261212,0.058550400019751495,44.979787815186455,0.06770401203751882,6.705046721349216,18.04494852198378,4.886861647795188,0.266930390203835,1.0146959160224083,0.0036981317774145953,0.45483819624838046,1.5336590453820513,0.04225159402344922,114.57362571653367,0.4524294706930915,0.35294117647058837,1.077534101470803,0.5381224925038922,0.7613340607225155,0.0641664732729945,0.3556157090108596,0.32838437071947624,1.2286269041824744,0.4227101735183851,0.42239523756031394,Industrial Distribution,Industrials,GWW
2012Q4,2012,Q4,2013-02-28,2012-12-31,156267000.0,2226120000.0,258438000.0,2.21,969525000.0,0.4355223438,5014598000.0,3023912000.0,2900640000.0,1080003000.0,1897232000.0,1301935000.0,5278577000.0,14076250090.0,14188831090.0,43.4738703509352,2.6857703173046743,0.11260005288559521,0.18672633330599567,0.044966566883119355,43.4738703509352,0.05167709906902053,6.323221609796417,22.519550016958156,4.654980068864439,0.37166516283028406,0.9651749127260577,0.0041260278574661215,0.4439279080795709,1.2889621602902954,0.03116241820381215,96.81784791146511,0.4355223438089591,0.009132420091324209,0.6772050403795116,0.547519700803373,0.6148322383949265,-0.024583484244838825,0.0056179775280898875,0.016168225034011465,0.6799412988647805,0.4216865750517026,0.4582307731406208,Industrial Distribution,Industrials,GWW
2012Q3,2012,Q3,2012-11-01,2012-09-30,155394000.0,2281205000.0,254326000.0,2.19,993960000.0,0.4357170881,4983744000.0,2867228000.0,2874953000.0,1083201000.0,2015381000.0,1269683000.0,5178930000.0,14698533750.0,14839819750.0,41.181012567324956,2.6541269810496853,0.11278448491736333,0.19603917093443562,0.04667799108869347,41.181012567324956,0.05419659685243029,6.44331997781874,23.647202836016838,5.126391675165003,0.3644735317965945,1.013831798960843,0.0038532414840357796,0.457729169074495,1.3321516505246949,0.031180172978387332,52.66328590776198,0.4357170881179026,-0.1797752808988764,0.6814836628741596,0.6244520430537055,0.7066758789089284,0.01596270428673788,-0.18515605336018123,-0.19004458598726115,0.14319999630412236,0.5261837573006714,0.3249266224290163,Industrial Distribution,Industrials,GWW
2012Q2,2012,Q2,2012-07-26,2012-06-30,190704000.0,2249275000.0,314000000.0,2.67,978343000.0,0.4349592647,4761308000.0,2794687000.0,2698731000.0,962912000.0,1867156000.0,1265830000.0,5080295000.0,13374751880.0,13673549880.0,39.960064057651884,2.8026766724269714,0.11520867795152089,0.19628101465387715,0.05836681544580473,39.960064057651884,0.06823805313439395,5.946250182836692,17.53339190578069,4.785778113971261,0.30594009564560787,1.004030557025825,0.004362249148505325,0.47240695203922956,1.313624713369446,0.04005285942434306,175.4295891920252,0.4349592646519434,0.019083969465648786,1.1891730324256549,0.6900226001575196,0.42292830731563746,0.00411666659824372,0.01700121589624352,0.031669629157480755,1.1658139228723632,0.5405269854059622,0.3904475171419456,Industrial Distribution,Industrials,GWW
2012Q1,2012,Q1,2012-04-26,2012-03-31,187516000.0,2193445000.0,304361000.0,2.62,974332000.0,0.444201701,4751210000.0,2781300000.0,2706198000.0,1230866000.0,1877661000.0,1244419000.0,4946609000.0,15065269730.0,15250202730.0,39.65750787788915,2.1986130090521634,0.1102220276519034,0.18828892963722,0.0576750555243753,39.65750787788915,0.06742027109624996,6.86831433202109,20.085312360011944,5.416628817459461,0.25073593720002557,0.9796644056382938,0.003120886704495798,0.46166029285171567,1.0693259867442921,0.03946699893290341,229.6465005640072,0.4442017009772299,0.23584905660377356,1.2059460538608051,0.6981706422392066,0.5046171596138848,0.07567689904337122,0.2628700735432774,0.3741337198015287,1.0601331665067648,0.5850774415481904,0.4822138002591536,Industrial Distribution,Industrials,GWW
2011Q4,2011,Q4,2012-02-28,2011-12-31,148484000.0,2076904000.0,221493000.0,2.12,905785000.0,0.4361227096,4716062000.0,2628785000.0,2694900000.0,1387925000.0,1991783000.0,1268647000.0,4806110000.0,13128196270.0,13309269270.0,37.48285400596011,1.9416755228128322,0.10953291114493406,0.19650294717901998,0.047254301207508426,37.48285400596011,0.05648388894489279,6.321041449195533,22.10372206769753,4.994016730162413,0.32197408474987205,0.9231243994586359,0.0036416274571739017,0.4403894605287208,0.8820274870760307,0.03148474299108027,116.1427546335206,0.4361227095715546,-0.17187499999999997,0.7971625153028788,0.7008694856016862,0.4455157911806635,-0.00790143253168952,-0.1846958889968757,-0.2690964889123548,0.4569099751217717,0.3807962115711438,0.3686129049279817,Industrial Distribution,Industrials,GWW
2011Q3,2011,Q3,2011-10-27,2011-09-30,182121000.0,2114647000.0,303040000.0,2.56,912999000.0,0.4317500746,4550645000.0,2538965000.0,2577694000.0,1374608000.0,1919140000.0,1114291000.0,4704619000.0,10444770840.0,10691533840.0,36.35090055264439,1.8752211539580739,0.13348129770614936,0.2392415807228536,0.058997117256531145,36.35090055264439,0.07173040983235295,4.93925030513367,14.337680498130362,4.113790792704901,0.25771876938958166,1.078396935809407,0.004493731908435054,0.46469170853802044,0.949832243083119,0.04002092011132488,50.589313481415466,0.43175007459873915,0.07112970711297067,1.1773847116170142,0.7386171492304593,0.39330626627785553,0.05867967541518146,0.07202519351325896,0.1423315566076854,0.41464838925553504,0.2503507303354748,0.29764046644610787,Industrial Distribution,Industrials,GWW
2011Q2,2011,Q2,2011-07-28,2011-06-30,169885000.0,2003022000.0,265282000.0,2.39,862394000.0,0.4305464443,4200435000.0,2488298000.0,2506258000.0,1078773000.0,1625634000.0,996600000.0,4569434000.0,10695422850.0,10715944850.0,35.74678561680243,2.3232487279529614,0.1157563442833897,0.19540545384837346,0.057997782198021056,35.74678561680243,0.0682735749496242,5.339643224088403,15.73921012743915,4.298288569134404,0.2793007034170174,1.1445193658438693,0.004436383737740673,0.47686061086530324,1.2385747511292922,0.040444620616674226,76.57583070215006,0.4305464443226285,0.07174887892376688,1.3260985719310898,0.7336966416493373,0.3556425832423102,0.03951235152733681,0.07567766078020427,0.010159397442634437,0.6505321802824584,0.253673272778093,0.337169854689089,Industrial Distribution,Industrials,GWW
2011Q1,2011,Q1,2011-04-28,2011-03-31,157933000.0,1883612000.0,262614000.0,2.23,829614000.0,0.4404378396,3933424000.0,2316626000.0,2261702000.0,781967000.0,1534190000.0,981367000.0,4446360000.0,9555405040.0,9710609040.0,33.37933518723975,2.892324100633403,0.12454797652121917,0.2114713380580206,0.05699974531469347,33.37933518723975,0.06817371470405667,5.072915780957012,15.125725845770042,4.124707674005212,0.2427231800826933,1.0740100288678955,0.00401176086618302,0.47887336834269584,1.4636755771023586,0.04015153210027701,106.17352652281161,0.44043783964001076,0.17368421052631583,1.3654404563045135,0.7142962551783935,0.2715761817840165,0.08711730080772395,0.19456168217230163,0.2422493637713929,0.5524263127740648,0.2733813654824965,0.3070795316137313,Industrial Distribution,Industrials,GWW
2010Q4,2010,Q4,2011-02-28,2010-12-31,132210000.0,1826696000.0,211402000.0,1.9,763132000.0,0.417766284,3904377000.0,2205216000.0,2238071000.0,869303000.0,1616707000.0,991577000.0,4326761000.0,9585248330.0,9766068330.0,31.774073166865985,2.5745580079673025,0.12659484470889978,0.22413858778459797,0.0496374648856381,31.774073166865985,0.05995331069609507,5.247314457359079,18.125044115422437,4.346625604929404,0.28900990847893504,1.0725984971414222,0.003986333862672079,0.46785850854054306,1.2381747215872947,0.033861996420939885,196.7213613134941,0.4177662840450737,-0.09952606635071089,0.6445131518133915,0.6965818217739742,0.2442926227283047,-0.03367252356519493,-0.12097337189588112,-0.15867602169751624,0.42215125347739413,0.27267200738208386,0.18024453035317584,Industrial Distribution,Industrials,GWW
2010Q3,2010,Q3,2010-10-28,2010-09-30,150405000.0,1899412000.0,251273000.0,2.11,789724000.0,0.4157728813,3789237000.0,2068672000.0,2147557000.0,895260000.0,1640708000.0,935219000.0,4232761000.0,8328647640.0,8547286640.0,29.58457754133059,2.3988081674597326,0.13331100693886394,0.24418902561643413,0.0591192906854238,29.58457754133059,0.07270606456702658,4.38485575536008,13.843701406203252,4.0260841931442,0.26262424786410027,1.186554165388,0.0047426667218208795,0.5012650304005793,1.196780823447937,0.039692687472438384,49.645614859145695,0.41577288129168394,0.1920903954802259,1.1743091740560447,0.6938161415339058,0.2009589780178908,0.05707241201146856,0.16523470486608768,0.169173859432799,0.620539510766653,0.3467925375355519,0.2260816752612343,Industrial Distribution,Industrials,GWW
2010Q2,2010,Q2,2010-07-29,2010-06-30,129077000.0,1783696000.0,214915000.0,1.77,747086000.0,0.4188415515,3731928000.0,2144818000.0,2122448000.0,798510000.0,1511712000.0,867303000.0,4121239000.0,7129769400.0,7250063400.0,29.91711767003292,2.658010544639391,0.13621672229474951,0.23701358343691634,0.04935916642860479,29.91711767003292,0.0601808638308705,3.9971886464958155,13.809139893242017,3.324183870146558,0.3141768091914129,1.1952109009192866,0.005687841741417331,0.4779556304408874,1.3941628783609472,0.0345872160448969,44.56941551540914,0.41884155147513924,0.32089552238805963,0.9747789655441182,0.6218559443716267,0.2763087912167443,0.05858231478358947,0.30153368356306653,0.17513738141455013,0.4454579199193009,0.3073958358602999,0.06531144556138543,Industrial Distribution,Industrials,GWW
2010Q1,2010,Q1,2010-04-29,2010-03-31,99173000.0,1672354000.0,182885000.0,1.34,705742000.0,0.4220051496,3810775000.0,2295071000.0,2227823000.0,733908000.0,1452071000.0,852521000.0,4031606000.0,7847025240.0,7816098240.0,31.622566377778085,3.035561678030489,0.13581016984734076,0.22550152043226548,0.035716934768684955,31.622566377778085,0.0432112993454233,4.692203468882784,19.781153237272243,3.41907733573384,0.34359150171921793,1.1338277884063852,0.004342409888820492,0.4388487906003372,1.6856295339470342,0.02602436512258005,78.96615988407197,0.4220051496274114,0.0,0.6969040844500006,0.5603911668332089,0.34727473399174213,0.031487961087287596,0.021791093985039874,0.10597420189766632,0.12738801175659165,0.251140829229631,0.19976918745219263,Industrial Distribution,Industrials,GWW
2009Q4,2009,Q4,2010-02-25,2009-12-31,97058000.0,1633815000.0,165361000.0,1.34,684198000.0,0.4187732393,3726332000.0,2163720000.0,2131515000.0,776799000.0,1499133000.0,889679000.0,3966508000.0,7027630910.0,7093167910.0,29.812750595918818,2.7439723789551738,0.14099870864968553,0.24282624369142033,0.036546445862439346,29.812750595918818,0.044857005527517424,4.301362706303958,18.101627145624263,3.2479391557133086,0.35684848235075933,1.0673703661657743,0.004928403389927033,0.4384512705792184,1.396475793609415,0.0260465251083371,41.733014103744175,0.4187732393202413,-0.30208333333333326,0.3423512790146994,0.6087008788748977,0.3031797454944181,0.036750032199653004,-0.3286156996209291,-0.11439053127677806,0.1351739992030465,0.2929473790220241,0.14972039637320386,Industrial Distribution,Industrials,GWW
2009Q3,2009,Q3,2009-10-29,2009-09-30,144564000.0,1589665000.0,186720000.0,1.92,659945000.0,0.4151472166,3745049000.0,2301540000.0,2284794000.0,673844000.0,1381824000.0,851478000.0,3904086000.0,6616929280.0,6479696280.0,31.08173076923077,3.390686865209158,0.14280240392048274,0.23236702381883434,0.04077127889393786,31.08173076923077,0.06281185640918689,4.16246774005844,11.442906394399712,2.8750007733952048,0.24124263302066903,1.0918896319106306,0.005270571669159505,0.42447108168678166,1.9449100978861575,0.03860136409430157,27.469701969022047,0.415147216551915,0.5483870967741935,1.6043105434070113,0.48990987839778444,0.43346375775364215,0.05596606546255168,0.5634287197456362,0.21302678507623646,0.6302848998106966,0.2328206422300741,0.1913424313879918,Industrial Distribution,Industrials,GWW
2009Q2,2009,Q2,2009-07-31,2009-06-30,92466000.0,1533263000.0,153929000.0,1.24,624968000.0,0.4076065228,3405765000.0,2110678000.0,2025025000.0,581612000.0,1295087000.0,899843000.0,3794397000.0,6013512840.0,6132205840.0,28.738994866767424,3.481745562333652,0.15708188909099718,0.25346547412727094,0.035480888042588005,28.738994866767424,0.04380867190542565,3.92203610209077,16.258713581208227,2.8490905955337573,0.3737481885233491,1.009392749624101,0.005746890531292189,0.45019635823375953,1.7171619567684298,0.02714984739111477,36.096165237069094,0.40760652282093807,-0.03125000000000003,0.7053557360977664,0.4999163226082228,0.33912511135388307,-0.007065290785888484,-0.040590176181286186,-0.03319431708266861,0.19996930524436235,0.2578215475767033,0.08988275641375172,Industrial Distribution,Industrials,GWW
2009Q1,2009,Q1,2009-05-04,2009-03-31,96378000.0,1465248000.0,159214000.0,1.28,629415000.0,0.4295620946,3270505000.0,1986881000.0,1904291000.0,570783000.0,1283624000.0,956565000.0,3736490000.0,5211594942.18,5484336942.18,26.755592122374885,3.3362784105343013,0.16214988205185438,0.26690677499055054,0.03846812964533515,26.755592122374885,0.04850718286600959,3.5568005840513006,13.518632214250141,2.623003059659839,0.31765548154143064,0.8737858901381506,0.0058744012801566275,0.4480188839338267,1.4311656093471599,0.02946884349664654,369.380887531363,0.42956209460787526,-0.11724137931034478,0.8716740830550613,0.44985969472122017,0.29909710857905125,-0.07447545300950059,-0.10690821479868415,-0.11820643896387291,0.3490809150935752,0.24631125981513316,0.019246593183971244,Industrial Distribution,Industrials,GWW
2008Q4,2008,Q4,2009-02-27,2008-12-31,107915000.0,1592655000.0,180557000.0,1.45,680063000.0,0.4269995699,3515417000.0,2033805000.0,2144109000.0,761734000.0,1481612000.0,1009932000.0,3670726000.0,5854690014.84,5987845014.84,27.3874766714497,2.8147739237056504,0.1506065994446747,0.26032240062346196,0.04377593124261177,27.3874766714497,0.05306064249030758,3.676056656865423,13.563197921604969,2.8786879837742556,0.2883751100403095,0.9036172732421589,0.005315396702663935,0.453048671039595,1.294029149283083,0.030697638430945747,44.56811186267271,0.4269995699005748,-0.18994413407821234,1.1235934326943613,0.6761074758880401,0.33913166255572375,-0.08390269792604008,-0.22930518557665527,-0.21991125781462648,0.25451487280970775,0.38245560779612753,0.07251075423861601,Industrial Distribution,Industrials,GWW
2008Q3,2008,Q3,2008-10-30,2008-09-30,140023000.0,1839475000.0,231457000.0,1.79,742348000.0,0.4035651477,3536441000.0,2128091000.0,2171321000.0,734864000.0,1408350000.0,961094000.0,3593931000.0,6606917304.78,6768416304.78,28.01307564968272,2.9547249559102093,0.14871335334026498,0.24713040936689268,0.053397442836372516,28.01307564968272,0.06579746824736349,3.5917407438426725,11.796128680252531,3.104621609122918,0.22162787542046664,1.1415397453318823,0.004697046832650397,0.5201486466195817,1.4775577521827168,0.03959432661254634,35.37215541446491,0.4035651476644151,0.25174825174825183,1.9398021178391565,0.8281541718202052,0.40493436986998077,0.051667641812950416,0.23718180934625682,0.25223577785592555,0.8631819390947459,0.5098640435179772,0.13716529013744103,Industrial Distribution,Industrials,GWW
2008Q2,2008,Q2,2008-07-31,2008-06-30,113179000.0,1756856000.0,184835000.0,1.43,705877000.0,0.40178421,3390591000.0,2046212000.0,2037947000.0,666370000.0,1344379000.0,968293000.0,3484941000.0,6261141407.8,6525250407.8,26.733167436768206,3.058281435238681,0.15405662316687563,0.25527315840196424,0.04417203259359283,26.733167436768206,0.05531147310249378,3.5638330106736125,13.830174784633192,3.0598693624121056,0.27643820850157713,1.085393574052482,0.004997012199887916,0.5181562742306577,1.4045185107372782,0.03338031629294126,169.17431526074034,0.40178420997509184,0.0,1.3987244689091731,0.777918848673288,0.3819639478192892,0.038155173884524086,-0.009270120275214903,-0.00531688757581139,0.6218323893736193,0.4962290828431212,0.14047673285027779,Industrial Distribution,Industrials,GWW
2008Q1,2008,Q1,2008-05-08,2008-03-31,114238000.0,1661046000.0,185823000.0,1.43,679934000.0,0.4093408611,3155833000.0,1990227000.0,1854521000.0,993509000.0,1165606000.0,966326000.0,3403049000.0,5953377954.44,6174950954.44,25.537340597805354,1.86663734299337,0.10742076656147521,0.17033333383578858,0.04886737757314503,25.537340597805354,0.05739948257158606,3.5841138381718505,13.028453654738353,2.991305993959483,0.24566256412052032,1.0153012544420827,0.004713962428518419,0.5263415396188582,0.7673428222592851,0.03619900039070508,-296.6750363502267,0.4093408611200412,0.0671641791044775,1.5416602270153725,0.6999130943609538,0.3509555183116808,0.012588591486579665,0.09431757222775691,0.11164087317017725,0.8203148115571612,0.44330792803630514,0.08801459532843273,Industrial Distribution,Industrials,GWW
2007Q4,2007,Q4,2008-02-27,2007-12-31,104392000.0,1611753000.0,167161000.0,1.34,671481000.0,0.4166153251,3094028000.0,2098108000.0,1800817000.0,826403000.0,995920000.0,946327000.0,3316875000.0,6820783329.92,6818891329.92,26.92160171024722,2.1791026896078547,0.03605170993927657,0.05316456540845371,0.046811517561508496,26.92160171024722,0.04975530334949393,4.231903604286761,16.334545103839375,3.2509209868700752,0.27135221089738676,0.9936015774674082,0.004153042052478193,0.5209238571855199,0.8908014612725268,0.03373983687284019,100.05549845855948,0.4166153250529082,0.038759689922480654,0.9449877883498543,0.6771844783581517,0.4668367140068557,0.01802940922301615,-0.04359138799816766,-0.04113415781382649,0.34454124386037177,0.47789294157807355,0.1768013807442781,Industrial Distribution,Industrials,GWW
2007Q3,2007,Q3,2007-11-02,2007-09-30,109150000.0,1658592000.0,174332000.0,1.29,659589000.0,0.3976800805,3059945000.0,1984236000.0,1778718000.0,877507000.0,1075709000.0,889166000.0,3239438000.0,7685517769.259999,7749850769.259999,24.129369305700756,2.0270128899256643,0.05022933418737918,0.07746004003556028,0.05023216003096745,24.129369305700756,0.05500857760871187,4.633760303474272,17.603109870041227,3.873288141763379,0.2812734768666972,1.1235281151101144,0.003994656042927353,0.5420332718398533,0.8934242120005881,0.03567057577832281,77.90218303255757,0.3976800804537825,0.0661157024793389,1.0339858741679375,0.5398012621562428,0.3756444870691439,0.029859555166949013,0.04159708371902167,0.04656761218670269,0.770607630233334,0.39978047734668715,0.11282658787508751,Industrial Distribution,Industrials,GWW
2007Q2,2007,Q2,2007-08-02,2007-06-30,104791000.0,1601011000.0,166575000.0,1.21,640465000.0,0.4000378511,3239011000.0,2362623000.0,2001671000.0,684196000.0,876388000.0,845227000.0,3160989000.0,7828303385.7,7454620385.7,28.082977794599348,2.925581266186882,0.004849319746058288,0.0066481194841496085,0.043109151039564426,28.082977794599348,0.044353669629052114,4.88960000006246,18.675991701815995,3.313395063749062,0.2819516943248943,1.1364355374355055,0.0037742533144502067,0.4942900780516028,1.5013285666680307,0.032352776819837906,141.85306754792882,0.400037851082847,0.03418803418803422,1.11986135958247,0.47731809460969776,0.56917611825526,0.013252901494728582,0.029512609665281422,0.024541009318202786,0.6871590970579079,0.3672370834647274,0.3085572735123108,Industrial Distribution,Industrials,GWW
2007Q1,2007,Q1,2007-05-02,2007-03-31,101787000.0,1546658000.0,162585000.0,1.17,632088000.0,0.4086798762,3073056000.0,2213455000.0,1869231000.0,674538000.0,859601000.0,815891000.0,3085744000.0,6486546765.36,6170559765.36,26.35720829348116,2.771127794134652,0.0030865041183759747,0.004285156011755378,0.044922870979345976,26.35720829348116,0.045985574588143875,4.193911495210965,15.931668006130447,2.9305076296378285,0.24088537828995843,1.120946302876242,0.003779977372696736,0.503296392906605,1.3885029457198854,0.033122403236387495,131.20037955825242,0.40867987622344437,-0.00847457627118645,0.9203327157528889,0.5158896952730345,0.47844235827634135,0.05097342837332961,0.02884780609099087,0.10005615810875729,0.747956550725413,0.35330327727384725,0.27975388949223884,Industrial Distribution,Industrials,GWW
