Quarters,Year,Quarter,FillingDate,Date,NetIncome,Revenue,OperatingIncome,EPSDiluted,GrossProfit,GrossProfitRatio,TotalAssets,CommonStockEquity,CurrentAssets,CurrentLiability,TotalLiability,Inventory,RetainedEarnings,MarketCap,EnterpriseValue,bookValuePerShare,currentRatio,debtToAssets,debtToEquity,roic,shareholdersEquityPerShare,roe,priceToSalesRatio,peRatio,pbRatio,payoutRatio,inventoryTurnover,dividendYield,assetTurnover,quickRatio,returnOnAssets,priceToFreeCashFlowsRatio,grossProfitMargin,epsdilutedGrowth,fiveYNetIncomeGrowthPerShare,fiveYRevenueGrowthPerShare,fiveYShareholdersEquityGrowthPerShare,grossProfitGrowth,netIncomeGrowth,operatingIncomeGrowth,threeYNetIncomeGrowthPerShare,threeYRevenueGrowthPerShare,threeYShareholdersEquityGrowthPerShare,Industry,Sector,Symbol
2023Q1,2023,Q1,2023-05-09,2023-03-31,-6710000.0,36664000.0,-7341000.0,-0.16,29955000.0,0.8170139647,189474000.0,97513000.0,88699000.0,21238000.0,91961000.0,19849000.0,-266654000.0,402296148.45,461659148.45,2.2905957552674154,4.176429042282701,0.35397996558894623,0.6878057284669736,-0.03749292619257586,2.2905957552674154,-0.06881133797544943,10.972511140355662,-14.988679152384499,4.12556426784121,0.0,0.3380019144541287,0.0,0.19350412193757455,2.831952161220454,-0.03541382986583911,-33.580646782136895,0.8170139646519747,-0.23076923076923075,0.03500429238649227,0.7225563471033023,2.645424379684881,-0.0022649302201645403,-0.3082472216806395,-0.3090228245363766,0.2060494452822607,0.4092349655023181,-0.26782622938711004,Medical Devices,Healthcare,AXGN
2022Q4,2022,Q4,2023-03-14,2022-12-31,-5129000.0,36164000.0,-5608000.0,-0.13,30023000.0,0.8301902444,195387000.0,100999000.0,98075000.0,23753000.0,94388000.0,18905000.0,-259580000.0,398870660.0,451013660.0,2.527059824355093,4.128952132362228,0.3450946071130628,0.6676006693135575,-0.027936144563914352,2.527059824355093,-0.05078268101664373,11.0294950779781,-19.441931175667772,3.9492535569659104,0.0,0.3248346998148638,0.0,0.1850890796214692,2.9880436155432997,-0.02625046702185918,-73.76931015350472,0.8301902444419865,-0.4976958525345622,-0.36099225163065535,0.804557163941554,2.396471661810413,-0.024688951694116883,-0.4002184002184002,-0.15509783728115345,0.2321344871604239,0.26865506667814526,-0.24495881921211893,Medical Devices,Healthcare,AXGN
2022Q3,2022,Q3,2022-11-08,2022-09-30,-3663000.0,36959000.0,-4855000.0,-0.0868,30783000.0,0.8328959117,195520000.0,101445000.0,102454000.0,23547000.0,94075000.0,19116000.0,-254165000.0,503268586.48,556601586.48,2.4027416621761564,4.351042595659744,0.34600552373158755,0.6668736753906057,-0.021533734963626067,2.4027416621761564,-0.03610823598994529,13.616942733299062,-34.34811537537537,4.960999423135689,0.0,0.32308014228918186,0.0,0.18902925531914894,3.162738353081072,-0.018734656301145663,-96.13535558357212,0.8328959116859223,0.4894117647058824,-0.35958713871275316,0.8158809426275277,6.579333545961948,0.09275825346112886,0.49642562551553476,0.38730439172135284,0.3873393609430089,0.2056393300310351,-0.3019397306060233,Medical Devices,Healthcare,AXGN
2022Q2,2022,Q2,2022-08-05,2022-06-30,-7274000.0,34454000.0,-7924000.0,-0.17,28170000.0,0.8176118883,196084000.0,101690000.0,106775000.0,23600000.0,94394000.0,19222000.0,-249847000.0,343935921.41999996,399793921.41999996,2.4215007742182584,4.524364406779661,0.3451581975071908,0.6655521683548038,-0.038829127958747406,2.4215007742182584,-0.07153112400432687,9.982467098740349,-11.820728671295024,3.382200033631625,0.0,0.3269170741858287,0.0,0.17571040982436098,3.3221186440677966,-0.03709634646376043,-34.362665742831446,0.8176118883148545,0.37037037037037035,-1.7849621945936989,0.7916800595433635,6.092746754754168,0.10639802050194415,0.35451237909308725,0.3,0.03380940530999063,0.2037167388947021,-0.3123978295319129,Medical Devices,Healthcare,AXGN
2022Q1,2022,Q1,2022-05-05,2022-03-31,-11269000.0,31007000.0,-11320000.0,-0.27,25461000.0,0.8211371626,198025000.0,103851000.0,112475000.0,22945000.0,94174000.0,17400000.0,-242107000.0,331926380.2,385359380.2,2.4842163479237676,4.901939420353018,0.34335058704709004,0.654707224773955,-0.05706943012005554,2.4842163479237676,-0.10851123243878248,10.704885354919856,-7.363705302156358,3.1961789506119347,0.0,0.31873563218390805,0.0,0.15658123974245677,3.7484419263456092,-0.05690695619239995,-19.913989692824572,0.8211371625761925,-1.2500000000000002,-1.3664869002815512,1.001154706008966,5.7667302863888805,-0.02481902792140641,-1.1885803068557002,-1.11470203624136,-0.10429862129509038,0.24019816861157492,-0.31278685588198063,Medical Devices,Healthcare,AXGN
2021Q4,2021,Q4,2022-02-25,2021-12-31,-5149000.0,31537000.0,-5353000.0,-0.12,26109000.0,0.8278847069,208024000.0,112550000.0,127049000.0,24293000.0,95474000.0,16693000.0,-230632000.0,388551374.52,423248374.52,2.714167467050658,5.229860453628618,0.324255855093643,0.5993158596179475,-0.02573229464947258,2.714167467050658,-0.04574855619724567,12.320492580778133,-18.86538039036706,3.4522556598844956,0.0,0.3251662373449949,0.0,0.1516026996884975,4.20878442349648,-0.024751951697881015,-44.46176616546516,0.8278847068522688,0.2941176470588236,0.5261703825749188,1.1710313139393138,4.924122576015216,0.005545927209705373,0.2818688981868898,0.19973090148004186,-0.048576538468998245,0.2575014217564478,-0.284535395416597,Medical Devices,Healthcare,AXGN
2021Q3,2021,Q3,2021-11-04,2021-09-30,-7170000.0,31204000.0,-6689000.0,-0.17,25965000.0,0.8321048584,209971000.0,115281000.0,134968000.0,23359000.0,94690000.0,15453000.0,-225346000.0,655188016.8000001,677641016.8000001,2.780026119671852,5.777987071364357,0.32948835791609316,0.6001249121711296,-0.03238125830000006,2.780026119671852,-0.062195851874983735,20.996924009742344,-22.844770460251045,5.683399838655112,0.0,0.33902802044910374,0.0,0.14861099866171995,4.724688556873154,-0.03414757276004782,-65.94746017111224,0.8321048583514934,0.1052631578947368,-1.2614617024353179,1.0248880188087806,74.95110735076058,-0.019744790093627302,0.0984534138061109,0.06499860218059826,-0.6231887067994524,0.2786563085219701,-0.28388555079889405,Medical Devices,Healthcare,AXGN
2021Q2,2021,Q2,2021-08-05,2021-06-30,-7953000.0,33580000.0,-7154000.0,-0.19,26488000.0,0.7888028588,210532000.0,118703000.0,141795000.0,21628000.0,91829000.0,13415000.0,-218205000.0,887758205.78,902894205.78,2.8894937983098616,6.5560847050120215,0.3240077517907016,0.5746611290363344,-0.034459789244219934,2.8894937983098616,-0.06699914913692157,26.437111547945204,-27.906393995347667,7.4788186126719625,0.0,0.5286619455833023,0.0,0.15950069348127602,5.4809968559275015,-0.03777573005528851,-97.98655692935982,0.7888028588445504,-0.1875,-1.077745329505586,1.3683282073611236,30.118028183496534,0.02408660351826793,-0.200271657108361,-0.15016077170418007,0.044024893649425564,0.45644860772695584,-0.29584147733674626,Medical Devices,Healthcare,AXGN
2021Q1,2021,Q1,2021-05-06,2021-03-31,-6626000.0,31037000.0,-6220000.0,-0.16,25865000.0,0.833360183,197369000.0,119704000.0,135145000.0,22273000.0,77665000.0,13388000.0,-210307000.0,824700318.4000001,839170318.4000001,2.9407082620085965,6.067660395995151,0.27518505945715893,0.45372752790215864,-0.03154210839617843,2.9407082620085965,-0.055353204571275814,26.5715216805748,-31.11606996679747,6.889496745305086,0.0,0.3863161039737078,0.0,0.1572536720558953,4.973151349167153,-0.03357163485653775,-58.60992952881814,0.8333601830073782,-0.06666666666666674,-0.32813982513200346,1.8193131595011316,17.227099822847478,-0.04317105652559929,-0.09938609590177534,-0.15742463714179383,0.003421214610403301,0.5250029160178519,3.6800617556437283,Medical Devices,Healthcare,AXGN
2020Q4,2020,Q4,2021-03-01,2020-12-31,-6027000.0,32495000.0,-5374000.0,-0.15,27032000.0,0.831881828,201381000.0,123149000.0,145251000.0,22831000.0,78232000.0,12529000.0,-203647000.0,728634536.0,733631536.0,3.0253398529547604,6.362007796417152,0.26697652708050906,0.4365768296941104,-0.02724749856328326,3.0253398529547604,-0.04894071409430852,22.422973872903523,-30.22376538908246,5.916690643042168,0.0,0.43602841407933596,0.0,0.16136080365079128,5.325390915860015,-0.02992834477929894,-1583.9881217391305,0.8318818279735344,-2.9473684210526314,0.030662957434794785,2.0592962677440694,10.046954815688583,-0.02520644765785583,-2.959921156373193,-4.142583732057417,-0.5702506230218485,0.5920457877128233,3.0661803804066388,Medical Devices,Healthcare,AXGN
2020Q3,2020,Q3,2020-10-30,2020-09-30,-1522000.0,33428000.0,-1045000.0,-0.038,27731000.0,0.8295740098,193937000.0,121713000.0,139973000.0,18792000.0,72224000.0,11929000.0,-197637000.0,466288428.44000006,459578428.44000006,3.035722320486757,7.448541932737335,0.2747902669423576,0.437849695595376,-0.005473239082221679,3.035722320486757,-0.012504826928922958,13.949037586454471,-76.59139757555849,3.8310486837067534,0.0,0.4775756559644564,0.0,0.1723652526335872,6.274425287356322,-0.007847909372631318,-142.03119964666465,0.8295740098121336,0.8099999999999999,0.6579500030916429,1.7446169198554689,6.290823688681639,0.6795469686875416,0.8086978381096028,0.8733947177126242,0.40511444195368784,0.7295224217908759,8.576040729677015,Medical Devices,Healthcare,AXGN
2020Q2,2020,Q2,2020-08-07,2020-06-30,-7956000.0,22116000.0,-8254000.0,-0.2,16511000.0,0.7465635739,169961000.0,119760000.0,140229000.0,14018000.0,50201000.0,12836000.0,-196158000.0,367964520.0,326157520.0,3.0073073349571855,10.003495505778286,0.19718052965091992,0.27983466933867734,-0.05286163138093608,3.0073073349571855,-0.06643286573146293,16.637932718393923,-11.562484917043742,3.0725160320641285,0.0,0.43666251168588344,0.0,0.1301239696165591,8.089527750035668,-0.04681073893422609,-24.068846153846152,0.7465635738831615,0.0,-0.5607965483972962,1.157339326073088,22.23529926992613,-0.15088711751092826,-0.00951655881233346,0.029968268891761664,-2.2121842114545984,0.21279403831262536,7.808615536144953,Medical Devices,Healthcare,AXGN
2020Q1,2020,Q1,2020-05-06,2020-03-31,-7881000.0,24261000.0,-8509000.0,-0.2,19445000.0,0.8014921067,144883000.0,124194000.0,120352000.0,19488000.0,20689000.0,14563000.0,-188053000.0,412857016.0,379937016.0,3.128486497611076,6.175697865353038,0.020526907918803447,0.023946406428651947,-0.06437126835447253,3.128486497611076,-0.06345717184405043,17.017312394377807,-13.096593579494987,3.3242911573828047,0.0,0.3307010918080066,0.0,0.1674523581096471,4.929135878489327,-0.05439561577272696,-31.29601394784718,0.8014921066732617,-0.1764705882352941,-0.25035122778312235,1.7793242315923086,104.52015707663246,-0.16476955457239809,-0.19427185937263222,-0.14692007009030866,-0.7428298545104215,0.6488629156933616,7.521650842381932,Medical Devices,Healthcare,AXGN
2019Q4,2019,Q4,2020-02-24,2019-12-31,-6599000.0,28162000.0,-7419000.0,-0.17,23281000.0,0.8266813437,154643000.0,132153000.0,135021000.0,20880000.0,22490000.0,13861000.0,-179861000.0,706386650.0,673993650.0,3.346916550588831,6.466522988505747,0.021539933912301235,0.025205632864936853,-0.05134358941174004,3.346916550588831,-0.049934545564610716,25.082971734962005,-26.761124791635094,5.345218421072545,0.0,0.3521390953033692,0.0,0.18210976248520785,5.433620689655172,-0.042672477900713254,-157.53493532560213,0.82668134365457,-0.30769230769230776,0.6336943172280084,2.3503160838315216,7.7015714662415675,-0.032136027271971394,-0.18452701489858195,-0.21384162303664922,0.36224458261404435,1.0360381909358691,6.305202843260003,Medical Devices,Healthcare,AXGN
2019Q3,2019,Q3,2019-11-06,2019-09-30,-5571000.0,28564000.0,-6112000.0,-0.13,24054000.0,0.8421089483,154192000.0,135411000.0,137343000.0,16757000.0,18781000.0,13682000.0,-172823000.0,490969340.16,470189340.16,3.442026093623842,8.1961568299815,0.024482463422226833,0.02787808966775225,-0.038493742566655394,3.442026093623842,-0.04114141391762855,17.18839588853102,-22.032370317716747,3.6257714673106323,0.0,0.32963017102762754,0.0,0.18524955899138737,6.899504684609417,-0.036130279132510115,-123.63871572903551,0.8421089483265649,0.1875,0.2361834613139601,1.7147736605993964,6.902050801462888,0.07111368392928709,0.20674925245621528,0.20333680917622524,-0.8521336064953338,0.9537942971077538,93.03713565533032,Medical Devices,Healthcare,AXGN
2019Q2,2019,Q2,2019-08-06,2019-06-30,-7023000.0,26701000.0,-7672000.0,-0.16,22457000.0,0.8410546421,156603000.0,137960000.0,141292000.0,16233000.0,18643000.0,13587000.0,-167252000.0,780360263.0400001,759695263.0400001,3.521659584887312,8.703998028706955,0.02690242204810891,0.030537837054218614,-0.04752888551111261,3.521659584887312,-0.05090605972745724,29.225881541515303,-27.77873640324648,5.656424057987823,0.0,0.31235740045631855,0.0,0.1705012036806447,7.352183823076449,-0.04484588417846402,-107.05998944162438,0.8410546421482341,0.30434782608695654,0.16333453589959177,1.8241298611877628,9.56951240963335,0.1474630831332073,0.2610479797979798,0.2480642948152504,-0.9240578104590328,0.974798726955366,36.926055518549425,Medical Devices,Healthcare,AXGN
2019Q1,2019,Q1,2019-05-08,2019-03-31,-9504000.0,23285000.0,-10203000.0,-0.23,19571000.0,0.8404981748,160492000.0,140743000.0,145629000.0,16492000.0,19749000.0,13120000.0,-160230000.0,818003003.84,799065003.84,3.6149139014389076,8.830281348532623,0.02856217132318122,0.03257000348152306,-0.0649180100495066,3.6149139014389076,-0.06752733706116823,35.13004096371054,-21.51733490740741,5.812033307802165,0.0,0.28307926829268293,0.0,0.14508511327667423,7.460465680329857,-0.05921790494230242,-87.449540714133,0.8404981747906377,-0.9166666666666669,-0.0009231935264898524,2.312862381837559,18.016968165949123,-0.011171573479107254,-1.0714614984748472,-0.742389661035792,-0.9917125996048087,1.211402008296363,21.405961646641362,Medical Devices,Healthcare,AXGN
2018Q4,2018,Q4,2019-02-26,2018-12-31,-4588065.0,23432504.0,-5855751.0,-0.12,19792109.0,0.8446433638,160173000.0,146982000.0,150953000.0,13044000.0,13191000.0,11982000.0,-150726000.0,791560350.0,767329350.0,3.7935733643050717,11.57260042931616,0.000393324717649042,0.0004286239131322203,-0.03493820361966496,3.7935733643050717,-0.031215148793729844,33.78044232916807,-43.13149170728837,5.385423725354125,0.0,0.30382198297446167,0.0,0.14629496856523883,10.113922109782276,-0.028644434455245265,-152.0190294493048,0.8446433637651358,-0.3698630136986301,0.6202148457540286,2.522491203320968,481.65548981856074,0.03104688450468321,-0.11859607941041947,-0.21122202730702,0.22474560701839857,1.3177401890471006,12.852140778348618,Medical Devices,Healthcare,AXGN
2018Q3,2018,Q3,2018-10-29,2018-09-30,-4101628.0,22660139.0,-4834581.0,-0.0876,19196129.0,0.8471320057,161657736.0,149479427.0,152786342.0,12015299.0,12178309.0,10949045.0,-145496772.0,1401190035.9,1375635254.9,3.882097509376101,12.715983347563801,0.00045946455664825096,0.0004968978105595762,-0.026596011160981134,3.882097509376101,-0.027439414789835928,61.835015041169875,-85.40450498558134,9.373798548879908,0.0,0.3163755377752124,0.0,0.14017355160782408,11.681763225367925,-0.025372296442404713,-166.3268806900027,0.8471320056774585,0.663076923076923,0.5706422643944833,1.849540649419084,12.511718714765925,0.09828459694810983,0.4477736609114311,-0.0035191599515695176,0.04017701434232159,0.9372864947907056,8.323543293838869,Medical Devices,Healthcare,AXGN
2018Q2,2018,Q2,2018-08-01,2018-06-30,-7427440.0,20584498.0,-4817627.0,-0.26,17478283.0,0.8490993076,160543734.0,150503295.0,156910450.0,9857353.0,10040439.0,9682119.0,-141395144.0,1843022968.5,1709544917.5,4.103470604007288,15.918112093581309,0.000524891242407505,0.0005599080073296735,-0.04140844148662318,4.103470604007288,-0.04935068032895891,89.53451128611444,-62.03425973484807,12.245731686472379,0.0,0.32081975030465953,0.0,0.12821738654714485,14.803294860192183,-0.04626427836791189,-410.63305069149476,0.8490993076440339,-0.44444444444444453,0.3477090202907619,1.1838799630544936,5.91492727858227,0.2014647348863676,-0.31725900793412215,0.03493841496894757,-0.582085557504651,1.1801754828892574,29.97556405643518,Medical Devices,Healthcare,AXGN
2018Q1,2018,Q1,2018-04-30,2018-03-31,-5638557.0,17259859.0,-4992041.0,-0.18,14547479.0,0.8428503964,55170572.0,21691284.0,51734903.0,15567386.0,33479288.0,8052930.0,-133967842.0,1260020953.0,1254046545.0,0.6283481747783285,3.3232877375816336,0.44562659237972013,1.1334264029736552,-0.12024238136700566,0.6283481747783285,-0.2599457459503089,73.00296908566867,-55.866286046234876,58.088813599047434,0.0,0.3368190211513077,0.0,0.3128453879361628,2.7189350222317348,-0.10220225739185738,-198.57062306800694,0.8428503964024272,-0.9088016967126193,0.4714025698248689,1.5955514577241523,2.163979135497351,0.013299298222615786,-0.7668072953974172,-1.7626493102288021,-0.028726908377100648,1.2737838992693669,21.791747639485667,Medical Devices,Healthcare,AXGN
2017Q4,2017,Q4,2018-02-28,2017-12-31,-3191382.0,16971005.0,-1806976.0,-0.0943,14356547.0,0.8459455996,58874698.0,25182035.0,55740667.0,13718746.0,33692663.0,7315942.0,-128329285.0,957832857.2,945966536.2,0.7440249988743025,4.063102196075356,0.41852109373028124,0.9784873621214489,-0.04631372460990583,0.7440249988743025,-0.12673249004697199,56.439371575224925,-75.03276458286723,38.036356362780054,0.0,0.35736450617022386,0.0,0.2882563406100189,3.467616063450697,-0.05420634174633049,-621.439146857811,0.8459455995682047,-0.14164648910411606,0.7404902987948603,1.7278176504575848,3.9253145958166393,0.06015163962420548,-0.5024780151774016,-0.2059168793900262,0.7933320335800867,1.355367599130156,2.4897702489024462,Medical Devices,Healthcare,AXGN
2017Q3,2017,Q3,2017-11-01,2017-09-30,-2124079.0,16046253.0,-1498425.0,-0.0826,13541975.0,0.8439337832,42227825.0,10552137.0,39512512.0,11137702.0,31675688.0,6698943.0,-125830106.0,644088182.85,646425379.85,0.31701226072261574,3.547635948600528,0.5773040406414491,2.310270801070911,-0.05553297326066258,0.31701226072261574,-0.20129372846467022,40.13947572994144,-75.80793638678223,61.038648650031746,0.0,0.37383181197391885,0.0,0.37999241021767044,2.8948213015575384,-0.05030045947192402,-263.8886963552701,0.8439337831704387,-0.023543990086741177,0.6815565884537617,1.7024095207944216,1.9213411189974772,0.05050957410686934,-0.031016722333350646,-0.03650391899024178,0.6558070348056179,0.8024518130659848,1.5435817209339113,Medical Devices,Healthcare,AXGN
2017Q2,2017,Q2,2017-08-02,2017-06-30,-2060179.0,15168064.0,-1445653.0,-0.0807,12890863.0,0.849868711,42765705.0,11308754.0,40181854.0,10951942.0,31456951.0,6304097.0,-123706027.0,554829328.25,555128094.25,0.34140522112891747,3.6689250180470276,0.5651483121814548,2.137190887696381,-0.05290287733891182,0.34140522112891747,-0.18217559600288413,36.57878343933675,-67.32780601224457,49.06193275138888,0.0,0.36122556489850965,0.0,0.3546782170433061,3.039887081213542,-0.04817362416917949,-230.1838212933672,0.849868710997,0.3792307692307693,0.330481717713701,1.522131167230965,0.1570644757318575,0.2484583443296523,0.4523749842172766,0.5482661882013554,0.7097345508369813,0.8973545910816704,1.8307663499711868,Medical Devices,Healthcare,AXGN
2017Q1,2017,Q1,2017-05-04,2017-03-31,-3762025.0,12241073.0,-3200232.0,-0.13,10325425.0,0.8435065292,43272824.0,12124734.0,40897857.0,10694750.0,31148090.0,5850730.0,-121645848.0,345126224.84999996,343488326.84999996,0.36712211700246283,3.8241059398302903,0.5609956724802615,2.002177284878992,-0.1010458862160671,0.36712211700246283,-0.31027690999241714,28.194115405569427,-22.934870505246508,28.464643005776455,0.0,0.32742033900043244,0.0,0.2828813067527093,3.2069650996984502,-0.08693735819044304,-83.41679410669238,0.8435065292070393,0.5,0.4049084878393616,1.4798131987562615,-0.014267122487831962,0.07793791500206496,0.5592014217007143,-0.17681504125357017,0.532928704358314,1.0531175558191512,2.7282030909671278,Medical Devices,Healthcare,AXGN
2016Q4,2016,Q4,2017-03-01,2016-12-31,-8534567.0,11408672.0,-2719401.0,-0.26,9578868.0,0.839612884,46360478.0,14921149.0,44037252.0,11081369.0,31439329.0,5458840.0,-117883823.0,293111037.0,287408299.0,0.4581551836957951,3.973990217273696,0.5244050115272755,1.6293428207170908,-0.10513070658993678,0.4581551836957951,-0.5719778684603981,25.69195056181824,-8.585996131965453,19.64399906468329,0.0,0.33520015241333323,0.0,0.24608615985365812,3.435190002246112,-0.1840914366758686,-159.13705305128786,0.83961288395354,-1.3636363636363638,-0.532582006087583,1.845955992768164,-0.16523228775198662,0.007476718279480775,-2.7020330332662,-1.3012870582480809,0.1595421903652503,1.0402919422950871,57.2909814478083,Medical Devices,Healthcare,AXGN
2016Q3,2016,Q3,2016-11-02,2016-09-30,-2305373.0,11205224.0,-1181687.0,-0.11,9507781.0,0.848513247,30772765.0,1103659.0,28664531.0,4595426.0,29669106.0,4970819.0,-112256839.0,272275079.37,281267904.37,0.03660283854497366,6.2376221486321395,0.8122789746062793,22.648363307869552,-0.06734420259502004,0.03660283854497366,-2.0888453770593998,24.298941223307985,-29.526141688351515,246.70217827245554,0.0,0.3414815546492439,0.0,0.3641279553527283,5.006717766753289,-0.07491601745894462,-105.03175519381927,0.8485132470354899,0.15384615384615388,0.9674555873348849,-0.5683734694399418,-0.9939058733910326,0.07463262665681526,0.17744450343526377,0.2641911119136721,0.6918238204691448,0.7993998156564647,-0.8726030818681938,Medical Devices,Healthcare,AXGN
2016Q2,2016,Q2,2016-08-03,2016-06-30,-2802696.0,10381883.0,-1605970.0,-0.13,8847471.0,0.8522029193,31750737.0,2793103.0,29747157.0,3922427.0,28957634.0,4786322.0,-109951466.0,206950124.79999998,213629122.79999998,0.09285594129779427,7.583865040700566,0.7858778522211941,8.933505495500881,-0.0825979327801765,0.09285594129779427,-1.0034345314154187,19.933775481769537,-18.459915452835414,74.0932664495366,0.0,0.3205826937677824,0.0,0.3269808508696979,6.2066990666747905,-0.08827184074498806,-72.30059870239805,0.8522029192584814,0.1875,-2.601674610086246,-0.3378897365314815,-0.9653868404195934,0.31930351282580455,0.2375879704827764,0.3876896634289104,0.6998795136998609,0.3430186414819478,1.1112180987521343,Medical Devices,Healthcare,AXGN
2016Q1,2016,Q1,2016-05-04,2016-03-31,-3676091.0,8111759.0,-2622804.0,-0.16,6706168.0,0.8267217998,33496735.0,4839157.0,31454312.0,3764724.0,28657578.0,4515940.0,-107148770.0,160768193.76000002,164623894.76000002,0.16133714582077668,8.355011416507558,0.7405036043065093,5.125779758747236,-0.11382889490953202,0.16133714582077668,-0.759655245738049,19.819153128193282,-10.933366023855232,33.222355414383124,0.0,0.31125103522190284,0.0,0.24216566181748758,6.969789286014061,-0.10974475572022169,-31.538944719418538,0.8267217997970601,-0.06666666666666674,-1.5828762864265953,-0.6788213815215386,-0.9376421742079621,0.0488892781676648,0.19579289335659555,0.01097585854125572,0.603363309377733,0.40396732032567584,1.2988678555202744,Medical Devices,Healthcare,AXGN
2015Q4,2015,Q4,2016-02-29,2015-12-31,-4571075.0,7808848.0,-2651911.0,-0.15,6393590.0,0.8187622553,37546053.0,8195591.0,35051374.0,3709245.0,29350462.0,3933960.0,-103472679.0,149630005.0,149267925.0,0.27386188351727986,9.449732762327644,0.6804289121948451,3.1172150977275463,-0.09947333551947837,0.27386188351727986,-0.5577480623423009,19.161597843881708,-8.18352384285972,18.257378265948116,0.0,0.359754039186977,0.0,0.20798052993746108,8.274591999180426,-0.12174581972704294,-34.226224977663634,0.818762255328827,0.0,-0.7531973089374001,25.672064526583846,-0.8824441637447581,-0.05185460027562341,-0.5345058408289352,-0.38276934403851026,0.5796144662756215,0.41954561441088734,2.0767543648439704,Medical Devices,Healthcare,AXGN
2015Q3,2015,Q3,2015-11-05,2015-09-30,-2978858.0,8153675.0,-1917826.0,-0.15,6743259.0,0.8270208219,40912952.0,11175967.0,38570255.0,4100425.0,29736985.0,3701755.0,-99861186.0,110585167.2,106187067.2,0.416375769064262,9.406404214197309,0.6241878366537814,2.2850252689543553,-0.07084433298148504,0.416375769064262,-0.2665414097947855,13.562616513412664,-9.280835743093494,9.894908172151904,0.0,0.381012789879395,0.0,0.19929324581614155,8.43285000945024,-0.07280965695166655,-36.400395915630604,0.8270208218993276,0.11764705882352951,-0.0276757180380533,48.587244734219475,-0.8253555362868412,0.2539970900500092,0.06644419881330282,0.10934212121198048,0.4461704771346339,0.7029253974435216,2.8369987720631076,Medical Devices,Healthcare,AXGN
2015Q2,2015,Q2,2015-08-06,2015-06-30,-3190873.0,6417253.0,-2153269.0,-0.17,5377412.0,0.8379616637,25423153.0,-3530323.0,23242020.0,3422240.0,28953476.0,3539957.0,-96882327.0,78275285.9,88079000.9,-0.14161831659307936,6.791464070316517,1.0001374337793585,-7.202357121430532,-0.13031713719184385,-0.14161831659307936,0.9038473250181357,12.197631276186245,-6.132748459434143,-22.17227316027457,0.0,0.29374396355661947,0.0,0.25241766825696244,5.686613153957642,-0.1255105139791276,-21.47196198564518,0.8379616636588896,0.15,-1.3918306604973185,339.5746957322145,-1.0572460112483886,0.3550460068011697,0.10749829170443843,0.15349073634353683,-0.3778964707787269,0.41786950550242197,-1.4799619721718436,Medical Devices,Healthcare,AXGN
2015Q1,2015,Q1,2015-05-05,2015-03-31,-3575201.0,4951316.0,-2543704.0,-0.2,3968435.0,0.8014909572,28135926.0,-680498.0,26015159.0,3437390.0,28816424.0,3337898.0,-93691455.0,78810763.5,84824088.5,-0.030221037003403728,7.568288439775527,0.8981062148087822,-37.13317305855418,-0.1332977742524274,-0.030221037003403728,5.253800892875511,15.917134656725606,-5.510932357369557,-115.81336535889893,0.0,0.29446106501756497,0.0,0.17597842701178557,6.521608836937327,-0.12706889405381575,-30.881270872868434,0.8014909571515937,0.5652173913043478,-1.7772463677495272,47.43536326857683,-1.011977034905553,0.03432740901757486,0.6519988790613707,0.0610170029593957,0.17051846672061005,0.47117489021191555,-1.0811443069951763,Medical Devices,Healthcare,AXGN
2014Q4,2014,Q4,2015-03-05,2014-12-31,-10273533.0,4793614.0,-2708999.0,-0.46,3836730.0,0.8003835937,16400789.0,-11245680.0,14411088.0,2445312.0,27646469.0,3213620.0,-90116254.0,80837325.99,97707311.99,-0.4994226454867424,5.893353486180905,1.529546962649175,-2.2307034345633165,-0.30978481446056494,-0.4994226454867424,0.9135537379687133,16.863545122740376,-1.967125768467381,-7.188300395351815,0.0,0.29775891362388834,0.0,0.2922794750911069,4.53443118914887,-0.6264048028421072,-30.582064331144647,0.8003835936727488,-0.7037037037037037,-1.129353056823722,-0.9622126389046245,-1.1942256644059774,0.01630870410329411,-2.172631550991392,-0.502575289643819,-1.6682973345488223,0.7295308699267724,-1.909957835366613,Medical Devices,Healthcare,AXGN
2014Q3,2014,Q3,2014-11-13,2014-09-30,-3238174.0,4671340.0,-1802904.0,-0.27,3775162.0,0.8081539772,20097174.0,-10186080.0,17992687.0,2034209.0,30283254.0,3346115.0,-83624985.0,42617276.68,58988545.68,-0.5831915395866633,8.845053286068442,1.4018825233836358,-2.765919470493065,-0.14465434602477434,-0.5831915395866633,0.31790188178376766,9.123137403828451,-3.29022441968838,-4.183874138039363,0.0,0.26782641959406656,0.0,0.23243765516485054,7.150518457051365,-0.16112583789143686,-17.99690235866546,0.8081539772313726,0.09999999999999991,-5.072662523275753,46.38283713889477,-14.39759384719542,0.13491842315939914,0.13451848216917892,0.21535906523964377,0.9210849761064308,-0.6893628864431917,-1.09709747169343,Medical Devices,Healthcare,AXGN
2014Q2,2014,Q2,2014-08-04,2014-06-30,-3741471.0,4214193.0,-2297744.0,-0.3,3326373.0,0.7893262126,22398729.0,-7175772.0,20252702.0,2253173.0,29574501.0,3410442.0,-80386814.0,48542502.95999999,61614759.95999999,-0.4109521541655585,8.988525071088638,1.2162560205983117,-3.796468031592977,-0.15868874008912137,-0.4109521541655585,0.5214032720103147,11.51881343830242,-3.2435439804290875,-6.7647777772203455,0.0,0.260324028381072,0.0,0.188144291580116,7.410565012096275,-0.16703943335356217,-18.11720749627056,0.789326212634305,0.06250000000000006,-7.61360508033936,0.6964684145923232,-6.548948989592166,0.3649704795654907,0.11748684534541759,0.23181714542472406,-4.68332944955946,-0.5370133210334054,-1.1531873167536588,Medical Devices,Healthcare,AXGN
2014Q1,2014,Q1,2014-04-30,2014-03-31,-4239564.0,3138256.0,-2991142.0,-0.32,2436956.0,0.7765319337,24567875.0,-3692837.0,22434498.0,1922861.0,28260712.0,3466099.0,-76645339.0,53020547.3,62468334.3,-0.21242996203473744,11.667248958713085,1.0686939753641698,-7.10985618915755,-0.17160806857446806,-0.21242996203473744,1.1480506721526025,16.89490828664073,-3.1265330173102703,-14.35767332812144,0.0,0.20233120865849474,0.0,0.1277381946953084,9.763009390694387,-0.17256535211124283,-15.806169619138444,0.7765319336599691,-0.03225806451612906,-6.781089596905519,17.39287522801683,-6.099034613363676,0.020241077648571887,0.2178304295991596,-0.06928540378532656,-2.1598512764965587,-0.7856068378152307,-1.0821055219378095,Medical Devices,Healthcare,AXGN
2013Q4,2013,Q4,2014-03-06,2013-12-31,-5420262.0,2984678.0,-2797328.0,-0.31,2388608.0,0.8002900145,27684270.0,136633.0,25658606.0,2098060.0,27547637.0,3398438.0,-72405778.0,78053199.14,83347144.14,0.007859795328819625,12.229681705956931,0.9161771287449516,185.6337414826579,-0.14471162884265518,0.007859795328819625,-39.67022608008314,26.151296434657272,-3.600065787410277,571.2616947589529,0.0,0.17539528453954434,0.0,0.10781133112774872,10.468456097537725,-0.19578851094863617,-31.09002998541358,0.8002900145342312,0.08823529411764713,-10.073825220718133,21.60382771483073,-0.8923367626519787,0.035261891862606996,-0.5256392105226864,-0.22851794954224736,-2.5787968548053346,16.549771542321718,-0.9966261649821154,Medical Devices,Healthcare,AXGN
2013Q3,2013,Q3,2013-10-30,2013-09-30,-3552781.0,2957462.0,-2276994.0,-0.34,2307250.0,0.7801452732,29764006.0,4114360.0,27964165.0,1317121.0,25649646.0,3460064.0,-68296978.0,63581301.720000006,65327376.720000006,0.2873133752506003,21.231280193695188,0.8175151221243538,5.9140486005113795,-0.10878702078580885,0.2873133752506003,-0.8635075686133444,21.49860309954955,-4.4740515753715195,15.453509590799058,0.0,0.18791906739297307,0.0,0.09936370796323586,18.469575688186584,-0.1193650142390107,-21.699673426259825,0.780145273210611,0.19047619047619038,-0.8261368171776051,62.1862657377321,1.840187774000198,0.03510728597090349,-0.027468918812227083,-0.03767210842129872,-1.2973541505758508,32.712345727396084,-0.8794894082068584,Medical Devices,Healthcare,AXGN
2013Q2,2013,Q2,2013-08-14,2013-06-30,-3457799.0,2862289.0,-2194329.0,-0.42,2228996.0,0.7787459617,15672745.0,-9298885.0,13811312.0,1587938.0,24971630.0,3575779.0,-64744200.0,48003611.989999995,62694620.989999995,-0.8348995562739945,8.697639328487636,1.4919972219288964,-2.5146769747125597,-0.2127207441538476,-0.8348995562739945,0.37185092621319654,16.77105700717153,-3.470676866266662,-5.162297629231891,0.0,0.1771063032698609,0.0,0.18262844192258598,6.365618179047293,-0.22062497667128508,-18.902758527948183,0.7787459617110641,-0.024390243902439046,-6.508758994171021,216.2404594708201,-7.376188151757671,0.4083600757950551,-0.005902822626158252,0.05561523424891352,-4.80121580963206,338.99698439896116,-1.3374893201637679,Medical Devices,Healthcare,AXGN
2013Q1,2013,Q1,2013-04-30,2013-03-31,-3437508.0,2142932.0,-2323554.0,-0.41,1582689.0,0.7385623996,17851957.0,-6005385.0,15941871.0,1418938.0,23857342.0,3420253.0,-61286401.0,43942300.35,55180257.35,-0.5398276958889341,11.235072286456491,1.2569156423578658,-3.7363805984129246,-0.18721585096489252,-0.5398276958889341,0.5724042671702148,20.505690497878607,-3.195796224328787,-7.317149583249034,0.0,0.16380162520141053,0.0,0.12003905230110065,8.724542580436918,-0.1925563679096919,-16.223204077518783,0.7385623995535089,-0.13888888888888887,-7.179393759169689,37.72376022577293,-4.087576786538156,0.010434482824665064,0.14957478838377528,-0.04145275585257298,-4.404922359819142,41.43088644134188,-1.21394153866784,Medical Devices,Healthcare,AXGN
2012Q4,2012,Q4,2013-03-12,2012-12-31,-4042105.0,2044912.0,-2231070.0,-0.36,1566345.0,0.7659718364,20230563.0,-2829441.0,18295855.0,1479752.0,23060004.0,3151109.0,-57848893.0,30036509.1,37709360.1,-0.2543401656486106,12.364136017386697,1.0667153454898908,-7.627037284043031,-0.11893352669537063,-0.2543401656486106,1.4285878376682886,14.688411579569195,-1.8577269207504505,-10.615704338772217,0.0,0.151872562961167,0.0,0.10108033078466477,10.108105952889403,-0.19980190368404477,-8.883248044437964,0.7659718364408835,-0.7999999999999998,-77.49624903058228,0.0,-2.1962393491464898,0.08878754134187489,-0.8165204694787997,-0.09206221475603381,-1.1030140032523326,-0.9673720397088316,-1.0989129910400492,Medical Devices,Healthcare,AXGN
2012Q3,2012,Q3,2012-11-06,2012-09-30,-2225191.0,1980849.0,-2042988.0,-0.2,1438614.0,0.7262613152,9693771.0,1205000.0,8183148.0,3749466.0,8488771.0,2722670.0,-53806788.0,29981753.1,32161931.1,0.10851600268831511,2.1824835856625984,0.6834571396415285,5.498155186721991,-0.25955361572672186,0.10851600268831511,-1.8466315352697096,15.135809493807958,-3.3684471467842534,24.881122904564318,0.0,0.19915560828157655,0.0,0.2043424586778458,1.4323754369288852,-0.2295485420482906,-16.089413430815814,0.7262613152239267,-1.1528525296017225,-0.8308706279971605,0.0,-0.5066387654598212,-0.047651390576964325,-1.160969157605133,-0.28748685249523726,-5.563702198648205,30.60338211216217,1.4929259621455249,Medical Devices,Healthcare,AXGN
2012Q2,2012,Q2,2012-08-14,2012-06-30,-1029719.0,2012513.0,-1586803.0,-0.0929,1510596.0,0.7506018595,9837655.0,3270645.0,8209486.0,3106259.0,6567010.0,2467787.0,-51569979.0,33253860.0,33478044.0,0.295061535713448,2.6428852198094237,0.49432278322425416,1.4868556507967083,-0.1137442445311158,0.295061535713448,-0.31483667594618187,16.52355040687936,-8.073527826523547,10.167370656246703,0.0,0.2033874884663871,0.0,0.20457243113323245,1.7709473034927223,-0.1046711843422035,-33.40065588260404,0.7506018594662495,0.5110526315789474,-1.4428770714880716,0.0,0.1869932796800503,0.24403428556369577,0.513709805766142,0.18251329804360986,-3.8672869733684507,0.27622313100618545,2.984116870707644,Medical Devices,Healthcare,AXGN
2012Q1,2012,Q1,2012-05-15,2012-03-31,-2117499.0,1653430.0,-1941075.0,-0.19,1214272.0,0.7343957712,10477092.0,4120010.0,8804523.0,2424853.0,6357082.0,2126336.0,-50540260.0,29868315.3,29077077.3,0.3724357027930531,3.63095123704406,0.46298238098892325,1.177353695743457,-0.21721748302292998,0.3724357027930531,-0.5139548204980084,18.064457098274495,-3.5263671080836403,7.249573496180835,0.0,0.2065327398868288,0.0,0.15781382849363162,2.6953922567677298,-0.20210751227535273,-11.718404739728458,0.7343957712149894,-0.11764705882352934,-5.954726651537166,0.0,0.3066096465380446,0.46560227105395924,-0.11945887420712668,0.02415585956431072,-5.107167595678394,14.228056311488402,7.939711336405842,Medical Devices,Healthcare,AXGN
2011Q4,2011,Q4,2012-03-15,2011-12-31,-1891538.0,1361646.0,-1989124.0,-0.17,828514.0,0.6084650489,12495042.0,6071471.0,10882475.0,2019834.0,6423571.0,1760540.0,-48430935.0,29868315.3,26516005.3,0.5488415243828634,5.387806621732281,0.38723127141149266,0.7969190662361724,-0.17470792997572987,0.5488415243828634,-0.31154525814254896,21.935448200193,-3.947622952856353,4.919452847588335,0.0,0.30282299748940666,0.0,0.10897490380584555,4.450085997166104,-0.15138308458667046,-13.426417911051596,0.6084650489187351,0.9276595744680851,-3.8113377578729377,0.0,0.7580388839680915,78.38999616711384,0.3923333704918644,0.24265220447191896,-5.072812320850735,15.204891315532151,6.5180145072500375,Medical Devices,Healthcare,AXGN
2011Q3,2011,Q3,2011-11-14,2011-09-30,-3112789.0,1140768.0,-2626434.0,-2.35,10436.0,0.009148223,14441458.0,7958081.0,13070830.0,1657113.0,6483377.0,1662343.0,-46293949.0,3312417.5,-2386855.5,6.006248457508753,7.887711942396203,0.3341950653458951,0.6064607786726474,-0.20541627813979402,6.006248457508753,-0.39114819263588796,2.903673227159247,-0.2660329289906897,0.4162331974253592,0.0,0.6799631604307895,0.0,0.07899257817320107,6.676458394810734,-0.21554534175150458,-0.4183673327619398,0.009148222951555443,-40.16666666666667,-156.40619890372088,102.89430127525955,16.252718481109454,-0.995349606146933,-13.429379726718789,-6.117868855334,-16.292426611271253,262.41604806582956,58.373753211958295,Medical Devices,Healthcare,AXGN
2011Q2,2011,Q2,2011-08-11,2011-06-30,250438.0,2244111.0,513189.0,0.06,2244111.0,1.0,12160567.0,11548996.0,9592938.0,611571.0,611571.0,0.0,-1794599.0,12915078.0,3359901.0,2.6826774100783597,15.68573068376362,0.0,0.0,0.02072569935339486,2.6826774100783597,0.021684828707188054,5.755097675649734,12.89249035689472,1.118285779993343,0.0,0.0,0.0,0.1845399971892758,15.655235450994242,0.020594269987575416,3.9982261171282785,1.0,-0.7142857142857143,3.275662543860976,0.0,6.389100136796249,-0.38093609198547757,-0.7233377374581866,-0.6548876276042017,2.406985155817513,439.64863943509505,19.487800943944986,Medical Devices,Healthcare,AXGN
2011Q1,2011,Q1,2011-05-17,2011-03-31,905212.0,3625007.0,1487020.0,0.21,3625007.0,1.0,11370768.0,11138307.0,11319733.0,232461.0,232461.0,0.0,-2045037.0,11838821.5,6197583.5,2.5872798445352014,48.69519188164897,0.0,0.0,0.08117779287645133,2.5872798445352014,0.08127016071652542,3.2658754865852675,3.2696267559422543,1.0628923677539144,0.0,0.0,0.0,0.3188005418807243,34.92196970674651,0.07960869485684696,-55.99537188128178,1.0,3.413793103448276,17.91590955087991,36.86019352083848,5.657573902882713,85.06992425861291,3.413435287091545,3.851696516067665,6.565928392494407,168.27307967967462,13.798101781551608,Medical Devices,Healthcare,AXGN
2010Q4,2010,Q4,2011-03-30,2010-12-31,-375072.0,42117.0,-521451.0,-0.087,42117.0,1.0,10143477.0,10029128.0,10087168.0,114349.0,114349.0,0.0,-2950249.0,15024540.74,16347713.74,2.3296323878183314,88.21387156861887,0.0,0.0,-0.03813619610404099,2.3296323878183314,-0.03739826632983446,356.733403138875,-10.014437721290847,1.4980904361775023,0.0,0.0,0.0,0.004152126534126316,62.256285581859046,-0.036976669834219565,-60.75504652300675,1.0,0.20909090909090916,-3.5898490659041595,-0.8402934235667788,4.808800135696052,0.5969741781367307,0.1932391360927145,0.15004604689448334,-17.822004446312615,0.0,9.956971441170433,Medical Devices,Healthcare,AXGN
2010Q3,2010,Q3,2010-11-15,2010-09-30,-464911.0,26373.0,-613505.0,-0.11,26373.0,1.0,10404820.0,10263758.0,10353199.0,141062.0,141062.0,0.0,-941227.0,15067591.0,5783894.0,2.384133800817928,73.39467042860586,0.0,0.0,-0.04565626091490007,2.384133800817928,-0.04529637195265126,571.326394418534,-8.102406159458477,1.468038412441135,0.0,0.0,0.0,0.0025346906529858278,65.99738412896457,-0.0446822722545897,-43.002834017340874,1.0,-1.0560747663551402,-1183.2193372673062,-0.6301183464639007,5.488999777829807,7.1047940995697605,-1.0179479834019134,-0.8117641152550181,0.013316955403305476,0.0,9.839315549237032,Medical Devices,Healthcare,AXGN
2010Q2,2010,Q2,2010-08-16,2010-06-30,-230388.0,3254.0,-338623.0,-0.0535,3254.0,1.0,10786951.0,10650009.0,10753480.0,136942.0,136942.0,0.0,-476316.0,12872027.74,3237944.74,2.4738547455927096,78.52579924347533,0.0,0.0,-0.02190663383200925,2.4738547455927096,-0.02163265777521878,3955.755298094653,-13.96777147681303,1.208640080961434,0.0,0.0,0.0,0.00030166077513469746,70.37531947831928,-0.021358027861626515,-23.598092173890727,1.0,0.06468531468531472,-1.6971085697442676,-0.9199669056258222,5.414943132273997,-0.8333760049157662,0.06318922611496047,0.09687528337413921,-0.40730351481062105,0.0,8.951988322784672,Medical Devices,Healthcare,AXGN
2010Q1,2010,Q1,2010-05-17,2010-03-31,-245928.0,19529.0,-374946.0,-0.0572,19529.0,1.0,11321853.0,10854241.0,11282701.0,467612.0,467612.0,0.0,-1879878.0,13335248.3,3155696.3000000007,2.5232486372226006,24.128339306946785,0.0,0.0,-0.02290274959226978,2.5232486372226006,-0.022657318922622044,682.8433765169748,-13.556049229855894,1.2285749229264395,-17.478083016167332,0.0,0.32232995616587057,0.0017248943260436255,21.810990735909257,-0.021721532685506514,-10.047617587335793,1.0,-1.0162039660056656,0.6025629682811712,-0.7716342857480506,5.012679919592261,-0.9991941734228418,-1.016208503967896,-1.0233132501691076,-1.0771716162620115,0.0,7.8522689561826855,Medical Devices,Healthcare,AXGN
2009Q4,2009,Q4,2010-03-31,2009-12-31,15172776.0,24234743.0,16082957.0,3.53,24234743.0,1.0,16808435.0,11061169.0,16773055.0,5747266.0,5747266.0,0.0,-1633950.0,17292805.86,1526698.8599999994,2.5713524884272307,2.9184406985860756,0.0,0.0,,2.5713524884272307,1.3717154127199394,0.7135543323071344,0.28493147628357524,1.5633795903489043,0.0,0.0,0.0,1.441820312242038,2.748721218053941,0.9026882038690693,1.112891640026064,1.0,116.73770491803278,12.84668431721646,0.0,3.6077600606909956,999.8153210819739,116.84570983553988,123.7650412958185,100.24836745405848,0.0,7.236508096077887,Medical Devices,Healthcare,AXGN
2009Q3,2009,Q3,2009-11-16,2009-09-30,-130974.0,24215.0,-131006.0,-0.0305,24215.0,1.0,455968.0,186743.0,417384.0,269225.0,269225.0,0.0,-12508376.0,19090615.7,18863133.7,0.0435295730142428,1.5503166496424923,0.0,0.0,,0.0435295730142428,-0.7013596225829081,788.3797522196985,-36.43970501778979,102.2293510332382,0.0,0.0,0.0,0.053106796968208296,1.3052985421116168,-0.28724384167309985,1175.0963744921826,1.0,-2.0166666666666666,-1.1048197988180963,0.0,-0.8566362208567111,-0.9603235071955118,-1.9423200063313453,-1.943697684805002,-1.0455136276505013,-0.31887941263322883,-0.8749629699586007,Medical Devices,Healthcare,AXGN
2009Q2,2009,Q2,2009-08-13,2009-06-30,138991.0,610311.0,138822.0,0.03,610311.0,1.0,734601.0,317717.0,690963.0,416884.0,416884.0,0.0,-12377402.0,15015091.0,14803855.0,0.07405945791470728,1.6574466758138955,0.0,0.0,,0.07405945791470728,0.43746793530091244,24.602360108207126,27.007308027138446,47.25932512267206,0.0,0.0,0.0,0.8308061110725414,1.4858761669912974,0.18920611325059455,-617.9558399868301,1.0,1.9584664536741214,5.093275932513687,-0.6241545467122493,6.775888421734515,13.494288360605125,2.0336900662645676,2.0283720516771364,2.267389685843236,0.0,-0.7960124655492459,Medical Devices,Healthcare,AXGN
2009Q1,2009,Q1,2009-05-14,2009-03-31,-134461.0,42107.0,-134992.0,-0.0313,42107.0,1.0,436381.0,178726.0,382876.0,257655.0,257655.0,0.0,-12516393.0,20377623.5,20135364.5,0.041660819771255464,1.4860026003764724,0.0,0.0,,0.041660819771255464,-0.7523303828206305,483.94859524544614,-37.88760960427187,114.0159993509618,0.0,0.0,0.0,0.09649136878095059,1.2301410801265258,-0.3081275307586719,-224.94589298921503,1.0,-0.10992907801418447,-2.6690467207481796,-0.9842465773720606,73.80721342024185,0.292180691094335,-0.11316146764686404,-0.10001792728043156,-1.5214899586159625,-0.5586896279546465,-0.8927986135447835,Medical Devices,Healthcare,AXGN
2008Q4,2008,Q4,2009-03-31,2008-12-31,-120792.0,32586.0,-122718.0,-0.0282,32586.0,1.0,524243.0,313187.0,454257.0,211056.0,211056.0,0.0,-12381932.0,11797571.5,11464723.5,0.07300352025838538,2.152305549238117,0.0,0.0,,0.07300352025838538,-0.3856865067834872,362.04417541275393,-24.41712095999735,37.66941635508498,0.0,0.0,0.0,0.062158197629725145,1.731455158820408,-0.23041223249523599,-218.55854128457364,1.0,0.7985714285714286,-0.28242067649915825,-0.9848020559229712,2.889241449841579,1.3239195549850236,0.7927523724390441,0.7905289264944602,-1.8369776031987328,-0.8760026856703387,-0.8179700537300962,Medical Devices,Healthcare,AXGN
2008Q3,2008,Q3,2008-11-19,2008-09-30,-582839.0,14022.0,-585847.0,-0.14,14022.0,1.0,641829.0,433979.0,555170.0,207850.0,207850.0,0.0,-12261140.0,18232610.5,17822503.5,0.10115999296973957,2.6710127495790235,0.0,0.0,,0.10115999296973957,-1.3430119890593784,1300.2860148338325,-7.820603331280164,42.01265614234791,0.0,0.0,0.0,0.021846940540237354,2.0405532836179936,-0.908090784305477,-102.14233173857995,1.0,-2.389830508474576,-0.5642975635503578,-0.9934458228392687,34.34778011263382,1.7629556650246305,-2.2858954988273497,-2.2306194924507285,-1488.2798553833268,-0.802653661572793,-0.7246684847634374,Medical Devices,Healthcare,AXGN
2008Q2,2008,Q2,2008-08-14,2008-06-30,-177376.0,5075.0,-181342.0,-0.0413,5075.0,1.0,795498.0,561737.0,699500.0,233761.0,233761.0,0.0,-11678301.0,10081561.1,9492952.1,0.13094023206386163,2.992372551452124,0.0,0.0,,0.13094023206386163,-0.31576342665695867,1986.5145024630542,-14.209308333709183,17.947119559509165,0.0,0.0,0.0,0.0063796514887529574,2.554771754056494,-0.22297479063429448,-45.76952212759002,1.0,-0.09259259259259267,0.6276079945355163,-0.9971114836790683,0.5654474756437251,-0.7586666032621617,-0.11066862030531865,-0.08664153928201195,-1.0837676222183716,-0.8747424360746532,-0.6604593928108,Medical Devices,Healthcare,AXGN
2008Q1,2008,Q1,2008-05-15,2008-03-31,-159702.0,21029.0,-166883.0,-0.0378,21029.0,1.0,986159.0,739113.0,888472.0,247046.0,247046.0,0.0,-11500925.0,7440225.76,6631348.76,0.17483863016543735,3.5963828598722505,0.0,0.0,,0.17483863016543735,-0.21607250853387777,353.80787293737217,-11.64704537200536,10.066425242148359,0.0,0.0,0.0,0.021324147525906067,3.3710564024513654,-0.16194345942185795,-309.39062541583496,1.0,-7.217391304347826,0.6866388903971339,-0.9880107198872855,-0.09386216032520037,0.0,-7.161385936222404,-4.585480955887275,0.7373746315918518,-0.7497722423642296,-0.5833748980354638,Medical Devices,Healthcare,AXGN
2007Q4,2007,Q4,2008-04-11,2007-12-31,-19568.0,0.0,-29878.0,-0.0046,0.0,0.0,1099989.0,898815.0,996233.0,201174.0,201174.0,0.0,-11341223.0,5495621.3,4662696.3,0.2126164515739103,4.952096195333393,0.0,0.0,,0.2126164515739103,-0.021770887223733472,0.0,-70.21184203802126,6.1142963791214,0.0,0.0,0.0,0.0,4.639545865767942,-0.01778926880177893,-49.746284612529756,0.0,0.9581818181818181,0.9730704066858931,-1.0,-0.12771855324581438,0.0,0.9571811507784549,0.9363326606759674,-1.0181715992917322,0.0,-0.6189998849954134,Medical Devices,Healthcare,AXGN
2007Q3,2007,Q3,2007-11-14,2007-09-30,-456995.0,0.0,-469283.0,-0.11,0.0,0.0,1132443.0,918383.0,1013485.0,214060.0,214060.0,0.0,-11321655.0,10020890.4,9077492.4,0.21995243057443278,4.734583761562178,0.0,0.0,,0.21995243057443278,-0.49760829632081605,0.0,-5.481947504896115,10.911450233726017,0.0,0.0,0.0,0.0,4.407166215079884,-0.4035479048393606,-83.90035332138851,0.0,-1.8947368421052635,-0.07846401753068971,-1.0,-0.46411264696060434,0.0,-1.890708515981302,-1.7354189253780063,-1.3757807533986328,0.0,-0.2755910638364187,Medical Devices,Healthcare,AXGN
2007Q2,2007,Q2,2007-08-13,2007-06-30,-158091.0,0.0,-171558.0,-0.038,0.0,0.0,1237471.0,1033416.0,1102751.0,204055.0,204055.0,0.0,-10864660.0,19955016.0,18901217.0,0.24857894376030568,5.404185146161574,0.0,0.0,,0.24857894376030568,-0.15297905199842077,0.0,-31.556217621496476,19.309761025569568,0.0,0.0,0.0,0.0,5.164289039719684,-0.12775329684493616,-109.58754915097863,0.0,-0.3818181818181818,0.8134074744616834,-1.0,-0.5052344502456334,0.0,-0.38280880989451216,-0.3278277426046036,-8.151882880374933,-1.0,20.386642619038398,Medical Devices,Healthcare,AXGN
2007Q1,2007,Q1,2007-05-15,2007-03-31,-114326.0,0.0,-129202.0,-0.0275,0.0,0.0,1436356.0,1184007.0,1285761.0,252349.0,252349.0,0.0,-10706569.0,2907681.6999999997,1679290.6999999997,0.28503976208950244,5.095169784702931,0.0,0.0,,0.28503976208950244,-0.09655855075181144,0.0,-6.358312413624198,2.455797727547219,0.0,0.0,0.0,0.0,4.867825907770587,-0.07959447379340498,-52.92082301980197,0.0,0.22535211267605626,0.8714284259900522,-1.0,-0.5908750154358884,0.0,0.22554903740634866,0.27340314253900055,-2.465643232200022,-1.0,499.14072084160443,Medical Devices,Healthcare,AXGN
