Quarters,Year,Quarter,FillingDate,Date,NetIncome,Revenue,OperatingIncome,EPSDiluted,GrossProfit,GrossProfitRatio,TotalAssets,CommonStockEquity,CurrentAssets,CurrentLiability,TotalLiability,Inventory,RetainedEarnings,MarketCap,EnterpriseValue,bookValuePerShare,currentRatio,debtToAssets,debtToEquity,roic,shareholdersEquityPerShare,roe,priceToSalesRatio,peRatio,pbRatio,payoutRatio,inventoryTurnover,dividendYield,assetTurnover,quickRatio,returnOnAssets,priceToFreeCashFlowsRatio,grossProfitMargin,epsdilutedGrowth,fiveYNetIncomeGrowthPerShare,fiveYRevenueGrowthPerShare,fiveYShareholdersEquityGrowthPerShare,grossProfitGrowth,netIncomeGrowth,operatingIncomeGrowth,threeYNetIncomeGrowthPerShare,threeYRevenueGrowthPerShare,threeYShareholdersEquityGrowthPerShare,Industry,Sector,Symbol
2023Q1,2023,Q1,2023-05-10,2023-03-31,-29392000.0,11422000.0,-32942000.0,-0.21,2419000.0,0.211784276,382461000.0,264485000.0,338554000.0,114769000.0,117976000.0,4899000.0,-180796000.0,298891660.0,185160660.0,1.8936557145823338,2.9498732236056773,0.0035402302456982544,0.005119382951774202,-0.11649833314196073,1.8936557145823338,-0.11112917556761252,26.168066888460864,-2.5422875272182908,1.130089267822372,0.0,1.8377219840783834,0.0,0.02986448291459783,1.2992881352978591,-0.07684966571755028,-3.627017850425328,0.21178427595867624,-0.23529411764705868,0.4703685262393205,0.0,0.0,-0.8482053212851406,-0.26270567512995663,-0.2797979797979798,0.4703685262393205,0.0,0.0,Utilities—Renewable,Utilities,NRGV
2022Q4,2022,Q4,2023-04-13,2022-12-31,-23277000.0,100322000.0,-25740000.0,-0.17,15936000.0,0.1588485078,416713000.0,287713000.0,390067000.0,125323000.0,129000000.0,4378000.0,-147265000.0,433879680.0,232392680.0,2.068925099234885,3.112493317268179,0.0037195863819943224,0.0053873130515478965,-0.08877363777206114,2.068925099234885,-0.08090353929089057,4.3248707162935345,-4.659961335223611,1.5080294599131772,0.0,19.275011420740064,0.0,0.24074602904157058,2.16221284201623,-0.055858588524956024,19.022301723004077,0.1588485078048683,0.19047619047619038,-1.1215574272706315,0.0,7.977052081899819,223.45070422535213,0.19078741526160264,0.22883336329318713,-1.1215574272706315,0.0,7.977052081899819,Utilities—Renewable,Utilities,NRGV
2022Q3,2022,Q3,2022-11-14,2022-09-30,-28765000.0,1694000.0,-33378000.0,-0.21,71000.0,0.0419126328,338549000.0,300310000.0,331694000.0,34700000.0,38239000.0,25086000.0,-123988000.0,740794560.0,492641560.0,2.140454163162321,9.558904899135447,0.004418858126888575,0.004981519096933169,-0.11076108213160545,2.140454163162321,-0.09578435616529586,437.3049350649351,-6.4383326959847045,2.4667662082514736,0.0,0.0646974408036355,0.0,0.005003706996623827,8.564466858789626,-0.08496554413098252,-34.8003269601165,0.04191263282172373,-3.5454545454545454,-3.4534732068955694,0.0,6.013209859988285,-0.8251231527093597,-3.6560375526060214,-0.5189769727860198,-3.4534732068955694,0.0,6.013209859988285,Utilities—Renewable,Utilities,NRGV
2022Q2,2022,Q2,2022-08-08,2022-06-30,-6178000.0,977000.0,-21974000.0,-0.0462,406000.0,0.4155578301,345520000.0,306586000.0,331399000.0,7530000.0,38934000.0,0.0,-95223000.0,1340445540.0,1042586540.0,2.291769138192664,44.01049136786189,0.0034846029173419774,0.003927119959815517,-0.07163644292499369,2.291769138192664,-0.020150952750614834,1372.0015762538383,-54.24269747491097,4.372168135531303,0.0,0.0,0.0,0.002827622134753415,43.44249667994688,-0.01788029636489928,-130.22884873214807,0.4155578300921187,0.8152,-1.1627168821280451,0.0,0.0,-0.9905325995709355,0.6923153543503162,-2.054566396314249,-1.1627168821280451,0.0,0.0,Utilities—Renewable,Utilities,NRGV
2022Q1,2022,Q1,2022-05-16,2022-03-31,-20079000.0,42884000.0,20837000.0,-0.25,42884000.0,1.0,351534000.0,295235000.0,338061000.0,5486000.0,56299000.0,0.0,-89045000.0,1284815400.0,982646400.0,3.653627205900552,61.622493620123954,0.0038374666461850064,0.004569241451724897,0.0703872492359026,3.653627205900552,-0.06801022913949904,29.96025090943009,-15.997004332885105,4.3518397209002995,0.0,0.0,0.0,0.12199104496293388,60.79475027342326,-0.057118230384543174,-76.05158044276074,1.0,0.0,0.37462122020244887,0.0,0.0,0.0,0.0,0.0,0.37462122020244887,0.0,0.0,Utilities—Renewable,Utilities,NRGV
2021Q3,2021,Q3,2021-11-17,2021-09-30,-6152000.0,0.0,-5614000.0,-0.046,0.0,0.0,132083310.0,-57056444.0,118404789.0,3462311.0,189139754.0,81015.0,-56216893.0,1322969551.2,1207956273.2,-0.42696280884744825,34.19819565602281,0.009671562591821782,-0.022389267722327737,0.10282241345709875,-0.42696280884744825,0.10782305325582506,0.0,-53.76176654746424,-23.187031270297883,0.0,0.0,0.0,0.0,33.58760377100728,-0.04657666437947383,-257.5816616327081,0.0,-1.1642857142857141,0.0,0.0,0.0,0.0,-1.1622063437656551,0.3104041272570937,0.0,0.0,0.0,Utilities—Renewable,Utilities,NRGV
2021Q2,2021,Q2,2021-08-13,2021-06-30,37927000.0,0.0,-8141000.0,0.28,0.0,0.0,,,,,,,,1302924558.0,,,0.0,0.0,0.0,0.0,,0.0,0.0,8.588370804440109,0.0,0.0,0.0,0.0,0.0,0.0,0.0,-433.15311103723405,0.0,1.7,0.0,0.0,0.0,0.0,1.7142964762604291,-1.7494089834515367,0.0,0.0,0.0,Utilities—Renewable,Utilities,NRGV
2021Q1,2021,Q1,2021-05-24,2021-03-31,-53097000.0,0.0,-2961000.0,-0.4,0.0,0.0,,,,,,,,1296242893.6,,,0.0,0.0,0.0,0.0,,0.0,0.0,-6.103183294724748,0.0,0.0,0.0,0.0,0.0,0.0,0.0,-215.7887287497919,0.0,-4.069708491761724,0.0,0.0,0.0,0.0,-4.036151366239945,-1.5997262040247886,0.0,0.0,0.0,Utilities—Renewable,Utilities,NRGV
2020Q4,2020,Q4,2021-03-26,2020-12-31,-10543170.0,0.0,4937253.0,-0.0789,0.0,0.0,30382816.0,-39626573.0,10801073.0,3899404.0,70009389.0,0.0,-37627611.0,1289558430.7,1281666490.7,-0.2965328443802481,2.769929199436632,0.07106684910312461,-0.05448896628027864,-0.13676231446393855,-0.2965328443802481,0.26606312890090195,0.0,-30.578052680076297,-32.54276948703084,0.0,0.0,0.0,0.0,2.669176109990142,-0.3470109551399054,-228.09376390367044,0.0,0.0,0.0,0.0,0.0,0.0,0.0,0.0,0.0,0.0,0.0,Utilities—Renewable,Utilities,NRGV
