Quarters,Year,Quarter,FillingDate,Date,NetIncome,Revenue,OperatingIncome,EPSDiluted,GrossProfit,GrossProfitRatio,TotalAssets,CommonStockEquity,CurrentAssets,CurrentLiability,TotalLiability,Inventory,RetainedEarnings,MarketCap,EnterpriseValue,bookValuePerShare,currentRatio,debtToAssets,debtToEquity,roic,shareholdersEquityPerShare,roe,priceToSalesRatio,peRatio,pbRatio,payoutRatio,inventoryTurnover,dividendYield,assetTurnover,quickRatio,returnOnAssets,priceToFreeCashFlowsRatio,grossProfitMargin,epsdilutedGrowth,fiveYNetIncomeGrowthPerShare,fiveYRevenueGrowthPerShare,fiveYShareholdersEquityGrowthPerShare,grossProfitGrowth,netIncomeGrowth,operatingIncomeGrowth,threeYNetIncomeGrowthPerShare,threeYRevenueGrowthPerShare,threeYShareholdersEquityGrowthPerShare,Industry,Sector,Symbol
2023Q1,2023,Q1,2023-05-12,2023-03-31,-50714000.0,0.0,-48877000.0,-0.53,0.0,0.0,403860000.0,293261000.0,384330000.0,29686000.0,110599000.0,11580000.0,-652574000.0,365510930.40000004,186833930.40000004,3.0889769801532587,12.946506770868423,0.20133462090823553,0.27726496192811184,-0.12891099844162127,3.0889769801532587,-0.1729312796450943,0.0,-1.8018245967582915,1.2463673328536697,0.0,0.0,0.0,0.0,12.45108805497541,-0.12557321844203437,-7.626568676709929,0.0,-0.15217391304347827,0.0,0.0,0.0,0.0,-0.17466935353114216,-0.1748431603490133,0.0,0.0,0.0,Biotechnology,Healthcare,CNTA
2022Q4,2022,Q4,2023-03-30,2022-12-31,-43173000.0,0.0,-41603000.0,-0.46,0.0,0.0,444307000.0,336169000.0,393644000.0,38338000.0,108138000.0,-29994000.0,-601860000.0,293271966.0,-30572034.0,3.553438517202152,10.267723929260786,0.15709858273671132,0.2076336604505472,-0.100926027472477,3.553438517202152,-0.12842647596893228,0.0,-1.6982371273712737,0.872394438511582,0.0,0.0,0.0,0.0,10.964760811727269,-0.09716929960590312,-5.61651535927685,0.0,0.19298245614035078,0.8629464168102595,0.0,-0.3498543430709178,0.0,0.19864501160092807,0.15144407277474095,0.8629464168102595,0.0,-0.3498543430709178,Biotechnology,Healthcare,CNTA
2022Q3,2022,Q3,2022-11-10,2022-09-30,-53875000.0,0.0,-49028000.0,-0.57,0.0,0.0,479355000.0,372921000.0,476990000.0,38191000.0,106434000.0,9153000.0,-558687000.0,379198214.28,2555214.2799999714,3.953453269410792,12.489591788641302,0.14227451471247823,0.18288055647174603,-0.11085398420010947,3.953453269410792,-0.14446759501342107,0.0,-1.7596204838979117,1.016832557780334,0.0,0.0,0.0,0.0,12.216202770286193,-0.11239060821311972,-9.697172010024548,0.0,0.17391304347826086,-0.2786876675492093,0.0,-0.3527737536543149,0.0,0.16680843166669243,0.2833630543456018,-0.2786876675492093,0.0,-0.3527737536543149,Biotechnology,Healthcare,CNTA
2022Q2,2022,Q2,2022-08-10,2022-06-30,-64661000.0,0.0,-68414000.0,-0.69,0.0,0.0,521051000.0,420039000.0,519498000.0,33569000.0,101012000.0,12395000.0,-504812000.0,458311263.43,41550263.43000001,4.463320221918204,15.475528016920373,0.12935394040122752,0.16046129049921554,-0.14030623526480118,4.463320221918204,-0.153940467432786,0.0,-1.7719771710536492,1.091115975968898,0.0,0.0,0.0,0.0,15.072209478983586,-0.12409725727423995,-7.625050135261039,0.0,-0.14999999999999997,-0.052842628116507445,0.0,-0.5159241052495855,0.0,-0.18648390766633638,-0.28554248562516443,-0.052842628116507445,0.0,-0.5159241052495855,Biotechnology,Healthcare,CNTA
2022Q1,2022,Q1,2022-05-16,2022-03-31,-54498000.0,0.0,-53218000.0,-0.6,0.0,0.0,582188000.0,480151000.0,581195000.0,27194000.0,102037000.0,12467000.0,-440151000.0,811832944.6500001,342167944.6500001,5.305222581053086,21.37217768625432,0.1284808343696538,0.15578432618072233,-0.09603773284097973,5.305222581053086,-0.11350179422723268,0.0,-3.724140998981614,1.6907867413584476,0.0,0.0,0.0,0.0,20.872545414429652,-0.09360893731921648,-16.153629238713016,0.0,0.8198198198198198,0.0,0.0,0.0,0.0,0.8180154609052811,0.821523313177655,0.0,0.0,0.0,Biotechnology,Healthcare,CNTA
2021Q4,2021,Q4,2022-03-30,2021-12-31,-299465000.0,0.0,-298179000.0,-3.33,0.0,0.0,629635000.0,491554000.0,628774000.0,24638000.0,138081000.0,0.0,-385653000.0,1012678256.52,493296256.52,5.465603714076276,25.520496793570906,0.12022838628729343,0.15400139150530764,-0.5258535923491928,5.465603714076276,-0.6092209604641606,0.0,-0.8454061881355083,2.060156679673037,0.0,0.0,0.0,0.0,24.153015666856074,-0.47561682562119323,-7.484964385380096,0.0,-6.3999999999999995,0.0,0.0,0.0,0.0,-6.457726310546632,-6.782507699535418,0.0,0.0,0.0,Biotechnology,Healthcare,CNTA
2021Q3,2021,Q3,2021-11-15,2021-09-30,-40155000.0,0.0,-38314000.0,-0.45,0.0,0.0,612207000.0,549133000.0,611645000.0,29144000.0,63074000.0,0.0,-324879000.0,1501320881.8,922505881.8,6.108301836849866,20.986995608015373,0.0,0.0,-0.06977180391635542,6.108301836849866,-0.07312436149348155,0.0,-9.347035747727556,2.733984083637297,0.0,0.0,0.0,0.0,20.60015783694757,-0.06559056005566745,0.0,0.0,0.3076923076923077,0.0,0.0,0.0,0.0,0.03126583194615329,0.07200813815486715,0.0,0.0,0.0,Biotechnology,Healthcare,CNTA
2021Q2,2021,Q2,2021-08-16,2021-06-30,-41451000.0,0.0,-41287000.0,-0.65,0.0,0.0,643757000.0,585642000.0,643682000.0,24185000.0,58115000.0,0.0,-284724000.0,1410704929.76,796945929.76,9.220290186561458,26.61492660740128,0.0,0.0,-0.07049870057133881,9.220290186561458,-0.07077873513170162,0.0,-8.50826837567248,2.408817895164623,,0.0,,0.0,26.01046102956378,-0.0643892027581836,0.0,0.0,0.0,0.0,0.0,0.0,0.0,0.0,0.0,0.0,0.0,0.0,Biotechnology,Healthcare,CNTA
2021Q1,2021,Q1,2021-03-31,2021-03-31,,,,,,,320520000.0,278634000.0,313636000.0,18977000.0,41886000.0,0.0,-243273000.0,0.0,-298321000.0,0.0,16.527164462243768,0.0009078996630475477,0.0010443808006201684,,0.0,,0.0,0.0,0.0,0.0,0.0,,,16.418085050324077,,0.0,0.0,0.0,0.0,0.0,0.0,0.0,0.0,0.0,0.0,0.0,0.0,Biotechnology,Healthcare,CNTA
