Quarters,Year,Quarter,FillingDate,Date,NetIncome,Revenue,OperatingIncome,EPSDiluted,GrossProfit,GrossProfitRatio,TotalAssets,CommonStockEquity,CurrentAssets,CurrentLiability,TotalLiability,Inventory,RetainedEarnings,MarketCap,EnterpriseValue,bookValuePerShare,currentRatio,debtToAssets,debtToEquity,roic,shareholdersEquityPerShare,roe,priceToSalesRatio,peRatio,pbRatio,payoutRatio,inventoryTurnover,dividendYield,assetTurnover,quickRatio,returnOnAssets,priceToFreeCashFlowsRatio,grossProfitMargin,epsdilutedGrowth,fiveYNetIncomeGrowthPerShare,fiveYRevenueGrowthPerShare,fiveYShareholdersEquityGrowthPerShare,grossProfitGrowth,netIncomeGrowth,operatingIncomeGrowth,threeYNetIncomeGrowthPerShare,threeYRevenueGrowthPerShare,threeYShareholdersEquityGrowthPerShare,Industry,Sector,Symbol
2023Q1,2023,Q1,2023-05-09,2023-03-31,-7074000.0,88277000.0,-5304000.0,-0.28,20753000.0,0.2350895477,355597000.0,-70864000.0,142953000.0,86334000.0,426461000.0,7390000.0,-423755000.0,141117984.79999998,410092984.79999995,-2.807082035372149,1.655813468621864,0.9453538696895644,-4.743805034996614,-0.01919439953950502,-2.807082035372149,0.09982501693384511,1.5985815648470154,-4.9872061351427766,-1.9913917475728156,0.0,9.13721244925575,0.0,0.24825012584470624,1.2077049598072602,-0.019893306186497636,-11.801136042816523,0.23508954767379953,0.6216216216216216,0.7090162063572866,0.49515532459807904,-1.4986423639600588,0.05387974812106439,0.614936584834794,0.3972727272727273,0.5851208863980573,0.026333767825012972,-1.3344523685856269,Health Information Services,Healthcare,TRHC
2022Q4,2022,Q4,2023-03-10,2022-12-31,-18371000.0,82708000.0,-8800000.0,-0.74,19692000.0,0.2380906321,384149000.0,-57031000.0,170260000.0,102082000.0,441180000.0,6566000.0,-407857000.0,123452138.7,389563138.7,-2.2867441015827454,1.6678748457122705,0.8749938175031042,-5.893777068611808,-0.029906109978535156,-2.2867441015827454,0.3221230558818888,1.492626332398317,-1.6799866460726145,-2.164649729094703,0.0,9.597319524824856,0.0,0.2153018750536901,1.0349131090691797,-0.04782258967223656,-19.749182322828347,0.2380906321033032,0.30188679245283023,-2.1752498875013777,0.31828564673426907,-1.3260342438132382,0.16755602988260407,0.2901468315301391,0.627891242758679,-1.2586987587484133,-0.052313847082946494,-1.2578809392947063,Health Information Services,Healthcare,TRHC
2022Q3,2022,Q3,2022-11-04,2022-09-30,-25880000.0,77101000.0,-23649000.0,-1.06,16866000.0,0.2187520266,403846000.0,-31651000.0,179844000.0,98056000.0,435497000.0,5735000.0,-378215000.0,116880873.6,372812873.6,-1.2998260136207607,1.8340948029697315,0.8337707938174452,-10.638368455972955,-0.07354254723007028,-1.2998260136207607,0.8176676882247006,1.5159449760703492,-1.1290656259659968,-3.6928019209503646,0.0,10.503051438535309,0.0,0.19091683463498463,1.363710532756792,-0.06408383393669864,-20.771436573662697,0.2187520265625608,-1.0,-3.306463326975303,0.5893671185339886,-1.2857058057955653,0.05636978579481398,-1.0392404065873453,-1.3442704203013482,-1.7136039301685,-0.11787890702484913,-1.1455616597660863,Health Information Services,Healthcare,TRHC
2022Q2,2022,Q2,2022-08-05,2022-06-30,-12691000.0,72597000.0,-10088000.0,-0.53,15966000.0,0.2199264432,484468000.0,-6683000.0,266304000.0,154128000.0,491151000.0,5798000.0,-338150000.0,61576495.81999999,429289495.82,-0.2789263950681239,1.727810650887574,0.813748276459952,-58.990722729313184,-0.02524811108892407,-0.2789263950681239,1.898997456232231,0.8481961488766753,-1.2129953474903474,-9.213900317222803,0.0,9.767333563297688,0.0,0.14984890642932042,0.5455595349320046,-0.026195744610583153,4.051085251315789,0.21992644324145627,0.37647058823529406,-4.972142376305233,0.6864811316098163,-1.0825362968814076,0.10959760928487039,0.3776480972930561,0.27136150234741785,-0.6616531248391411,-0.18615529550679683,-1.0310585910201584,Health Information Services,Healthcare,TRHC
2022Q1,2022,Q1,2022-05-09,2022-03-31,-20392000.0,67110000.0,-13845000.0,-0.85,14389000.0,0.214409179,506803000.0,36232000.0,289120000.0,76203000.0,470571000.0,4900000.0,-288540000.0,137467013.76,517936013.76,1.5181556236055098,3.7940763487001825,0.7792337456565963,10.899701920953852,-0.031148793400123175,1.5181556236055098,-0.5628173989843233,2.0483834564148413,-1.6853056806590818,3.794077438728196,0.0,10.759387755102042,0.0,0.13241831638723528,0.653832526278493,-0.04023654161478918,-5.565240830735597,0.21440917895991657,0.06593406593406599,-3.8160771914355807,0.6491374056997665,-0.5527887687745195,-0.41935353698397965,0.04580974217397408,0.2736858671702864,-0.5864350634388455,-0.059682177851701365,-0.8309954517469701,Health Information Services,Healthcare,TRHC
2021Q4,2021,Q4,2022-02-25,2021-12-31,-21371000.0,85685000.0,-19062000.0,-0.91,24781000.0,0.2892104802,499418000.0,55756000.0,89895000.0,73920000.0,443662000.0,5444000.0,-260347000.0,352053780.0,715102780.0,2.375602954753106,1.2161120129870129,0.7463026963385381,6.684787287466819,-0.04245596187701557,2.375602954753106,-0.3832950713824521,4.108697905117582,-4.118358757194328,6.314186455269388,0.0,11.187362233651728,0.0,0.17156970713910993,0.7437229437229437,-0.04279180966645175,234.54615589606928,0.28921048024741786,-0.2465753424657535,-1.3287081403900027,1.0616500165155767,-0.346926821906009,-0.025291063561988673,-0.24896265560165975,-0.29260188512917884,-0.6738752485829529,0.23720634106390315,-0.6680929824018736,Health Information Services,Healthcare,TRHC
2021Q3,2021,Q3,2021-11-05,2021-09-30,-17111000.0,86586000.0,-14747000.0,-0.73,25424000.0,0.29362714526597833,500978000.0,67248000.0,88250000.0,65320000.0,433730000.0,5127000.0,-238976000.0,613507718.11,977482718.11,2.8729387226453387,1.3510410287813839,0.7491786066454016,5.581162265048775,-0.03179826313186222,2.8729387226453387,-0.2544462288841304,7.085530202457672,-8.96364499605517,9.123062665209375,0.0,11.929393407450751,0.0,0.1728339368195809,1.0963870177587263,-0.034155192443580354,-85.661507694778,0.29362714526597833,0.19780219780219785,-24.322157539898402,-0.24731576679391046,1.4891200051481144,0.01509223029625489,0.18832123713296334,0.2141639134605137,-2.3487177705707176,0.30632657058244694,-0.4342955902958115,Health Information Services,Healthcare,TRHC
2021Q2,2021,Q2,2021-08-06,2021-06-30,-21081000.0,82309000.0,-18766000.0,-0.91,25046000.0,0.30429236171014107,503894000.0,75777000.0,89755000.0,65672000.0,428117000.0,4866000.0,-221865000.0,1163406550.0,1519866550.0,3.2566861515434997,1.3667164088195882,0.7317511222598404,4.865922377502408,-0.04033831023075264,3.2566861515434997,-0.27819787006611507,14.134621365828767,-13.796861510364785,15.353029943122582,0.0,11.767981915330868,0.0,0.1633458624234462,0.9400048727006943,-0.04183617983147249,-321.560682697623,0.30429236171014107,-0.07058823529411772,-48.13058047122433,1.4472434830706518,15.204189952101405,0.10563722244294355,-0.08152062384568028,-0.12062582109160397,0.40830293879292573,0.37982599837655984,-0.23004250543781465,Health Information Services,Healthcare,TRHC
2021Q1,2021,Q1,2021-05-07,2021-03-31,-19492000.0,76680000.0,-16746000.0,-0.85,22653000.0,0.2954225352112676,502590000.0,83624000.0,84883000.0,61548000.0,418966000.0,4084000.0,-200784000.0,1059634952.55,1411966952.55,3.634162114729121,1.379134984077468,0.7346564794365188,4.415371185305654,-0.03547423868924687,3.634162114729121,-0.23309097866641157,13.818922177230046,-13.590639141057869,12.671421512364871,0.0,13.228942213516161,0.0,0.1525696890109234,1.000844869045298,-0.03878310352374699,-101.27448652872025,0.2954225352112676,-624.5700571335293,-40.94462095363389,0.6293125253377321,2.160827398379752,0.06557222823274848,-635.3695723147241,0.28282655246252675,0.1203618303120151,0.42483563311661826,-0.3544373961759297,Health Information Services,Healthcare,TRHC
2020Q4,2020,Q4,2021-02-26,2020-12-31,-30630.0,77052000.0,-23350000.0,-0.0013587606860450574,21259000.0,0.2759045839173545,462238000.0,168529000.0,93212000.0,72220000.0,345911000.0,4261000.0,0.0,965725026.84,1202716026.8400002,7.47602284226208,1.2906674051509277,0.5632444757895283,1.5448557814975463,-0.06122672916330854,7.47602284226208,-0.00018174913516368104,12.53341933810933,-7882.182719882469,5.730319570162999,0.0,13.093874677305797,0.0,0.16669334844820202,0.7737191913597341,-6.626456500763676e-05,76.34189935494071,0.2759045839173545,0.9986275144585404,-1.012342071639758,0.7046915254091707,3.329559020738796,4.7041113933577944e-05,0.9985812219185697,-0.2488634540300583,-1.0021678728826457,0.3587367295585028,0.06589952606431318,Health Information Services,Healthcare,TRHC
2020Q3,2020,Q3,2020-11-06,2020-09-30,-21589000.0,70506000.0,-18697000.0,-0.99,21258000.0,0.30150625478682663,458234000.0,164706000.0,76189000.0,33978000.0,293528000.0,4194000.0,-149270000.0,887962772.1600001,1099584772.16,7.562325618297462,2.242303843663547,0.5244984003805916,1.4592243148397752,-0.04010971074760043,7.562325618297462,-0.131075977802873,12.59414478427368,-10.282583400805967,5.391198694400933,0.0,11.742489270386265,0.0,0.1538646193866016,1.7971628700924127,-0.04711348350406124,-223.8937902571861,0.30150625478682663,-0.4999999999999999,-0.3300936250556155,-0.21020737725717883,1.9487394658908868,-0.15428071292170592,-0.5086652690426275,-0.8420689655172414,-3.151111750839037,0.6249442086539689,0.6622227219823144,Health Information Services,Healthcare,TRHC
2020Q2,2020,Q2,2020-08-06,2020-06-30,-14310000.0,76834000.0,-10150000.0,-0.66,25136000.0,0.3271468360361298,482542000.0,173423000.0,93633000.0,38784000.0,309119000.0,4103000.0,-127681000.0,1179795235.58,1378288235.58,8.044989930251672,2.414217202970297,0.49165668480671115,1.3680134699549655,-0.022468427658100594,8.044989930251672,-0.08251500666001627,15.355119290678605,-20.611377281271835,6.802991734545015,0.0,12.600048744820862,0.0,0.15922759055170327,1.9504950495049505,-0.029655449681064032,-1009.2345898887937,0.3271468360361298,0.029411764705882377,-34.02952385548313,-0.07210918372612109,0.0,0.01543184939807708,0.008796841449054512,0.23071092921024708,-6.4847034822183165,0.9838869150900126,1.3805695302841958,Health Information Services,Healthcare,TRHC
2020Q1,2020,Q1,2020-05-08,2020-03-31,-14437000.0,72827000.0,-13194000.0,-0.68,24754000.0,0.33990141019127523,487851000.0,179401000.0,93664000.0,40311000.0,308450000.0,5135000.0,-113371000.0,1117693364.1299999,1313648364.1299999,8.393069683563855,2.3235345191138896,0.47983708140395326,1.304836650854789,-0.02431671414048021,8.393069683563855,-0.08047335299134341,15.347238855506884,-19.354667938803075,6.230140100278148,0.0,9.361830574488803,0.0,0.14928123545918734,1.8449306640867258,-0.02959305197693558,-193.10528060297165,0.33990141019127523,-1.0606060606060606,-10.057355256619848,1.166084953088388,0.0,-0.015079775593840767,-1.1156213364595544,-0.6919723005898949,-2.8069972009681563,0.9981772415504001,1.472391478571619,Health Information Services,Healthcare,TRHC
2019Q4,2019,Q4,2020-03-02,2019-12-31,-6824000.0,73223000.0,-7798000.0,-0.33,25133000.0,0.3432391461699193,492391000.0,185548000.0,94538000.0,40003000.0,306843000.0,3700000.0,-98934000.0,1018611377.84,1206902377.8400002,8.867441338770114,2.3632727545434093,0.46867022346062376,1.2437159117856296,-0.009761690628603149,8.867441338770114,-0.03677754543298769,13.911085012086367,-37.3172398094959,5.489745930109729,0.0,12.997297297297298,0.0,0.1487090543897025,1.7898907581931356,-0.013858904813451098,-185.94585210660827,0.3432391461699193,0.15384615384615383,-2.7901817929513575,1.5076501719526259,5.369177914551164,-0.0968773581515685,0.1579466929911155,-0.004379185986604843,0.16595586171160934,0.9761388593422143,1.4377340014188078,Health Information Services,Healthcare,TRHC
2019Q3,2019,Q3,2019-11-08,2019-09-30,-8104000.0,74270000.0,-7764000.0,-0.39,27829000.0,0.37470041739598764,498733000.0,184766000.0,96685000.0,43564000.0,313967000.0,3814000.0,-92110000.0,1136769693.28,1317223693.28,8.929727894759838,2.219378385823157,0.456669199752172,1.2326726778736348,-0.011761825010830689,8.929727894759838,-0.04386088349588128,15.305906735963376,-35.06816674728529,6.152483104467271,0.0,12.176455165180913,0.0,0.14891735658157773,1.797034248462033,-0.01624917541049018,456.35073997591326,0.37470041739598764,-0.21875000000000003,0.47444359485481147,-0.12426917773191369,2.120288347929236,-0.10514807550081996,-0.2412314290090366,-0.6310924369747899,-12.567315538773975,-0.26962189803836667,2.520292973681841,Health Information Services,Healthcare,TRHC
2019Q2,2019,Q2,2019-08-09,2019-06-30,-6529000.0,76255000.0,-4760000.0,-0.32,31099000.0,0.4078289948200118,507710000.0,183942000.0,102996000.0,52368000.0,323768000.0,3683000.0,-84006000.0,1031679951.8399999,1204349951.84,8.980651919692344,1.9667736021998168,0.442786236237222,1.2221624207630666,-0.007877908332786763,8.980651919692344,-0.035494884256994055,13.529341706642187,-39.50375064481544,5.608724227419512,0.0,12.260657073038285,0.0,0.1501940083906167,1.624789948059884,-0.012859703373973332,239.70259104089217,0.4078289948200118,0.40740740740740744,-15.820907342485908,-0.030785488341520353,0.0,0.6120989062257011,0.4053192458329538,0.6138557637705849,-16.286052017028073,1.5756487745637582,43.68474480767144,Health Information Services,Healthcare,TRHC
2019Q1,2019,Q1,2019-05-10,2019-03-31,-10979000.0,60959000.0,-12327000.0,-0.54,19291000.0,0.3164586033235453,510495000.0,183113000.0,101277000.0,56328000.0,327382000.0,3711000.0,-77477000.0,1099950695.72,1272453695.72,8.982927615253056,1.7979867916489134,0.43506988315262635,1.2129177065527843,-0.020865818564742924,8.982927615253056,-0.059957512574202815,18.0441066244525,-25.04669586756535,6.006950329687133,0.0,11.228240366478039,0.0,0.1194115515333157,1.4750390569521374,-0.02150657694982321,-36.307994577322994,0.3164586033235453,0.0,-7.817385821308186,0.9011818178568537,0.0,0.027592819474777607,-0.0391859914813062,-0.3193834956652039,-26.39744624128004,0.462128319711115,3.869334984035262,Health Information Services,Healthcare,TRHC
2018Q4,2018,Q4,2019-03-01,2018-12-31,-10565000.0,57310000.0,-9343000.0,-0.54,18773000.0,0.3275693596231024,270957000.0,139009000.0,63311000.0,75728000.0,131948000.0,3594000.0,-66498000.0,1238322618.72,1263989618.72,7.157435151399816,0.8360315867314599,0.16956565063829315,0.3305181678884101,-0.05395027188115314,7.157435151399816,-0.07600227323410715,21.607444053742803,-29.30247559678183,8.908219026969476,0.0,10.722593210907068,0.0,0.21150957532006923,0.6368582294527784,-0.03899142668393878,401.0112107253886,0.3275693596231024,-2.148936170212766,-5.32212357313741,1.1145711210731408,4.52662130975716,-0.030320247933884298,-2.014304915514593,-1.9523955147808358,-5.941162018452096,0.4716713034825621,3.2302858049121888,Health Information Services,Healthcare,TRHC
2018Q3,2018,Q3,2018-11-08,2018-09-30,10416000.0,54418000.0,9810000.0,0.47,19360000.0,0.35576463670109154,234536000.0,97597000.0,52560000.0,107314000.0,136939000.0,3613000.0,-55933000.0,1501665061.22,1515246061.22,5.078515693642236,0.48977766181486104,0.11737217314186309,0.2820578501388362,0.08433903997325395,5.078515693642236,0.10672459194442452,27.595006454114447,36.042268174443166,15.386385454675862,0.0,9.703293661776916,0.0,0.23202408159088583,0.3653670536929012,0.04441109254016441,476.11447724159797,0.35576463670109154,1.3071895424836601,1.7272856763386644,-0.3091497008972659,1.6371304952866286,0.1959476155176674,1.3588506855922275,1.2816941852117731,1.7272856763386644,-0.3091497008972659,1.6371304952866286,Health Information Services,Healthcare,TRHC
2018Q2,2018,Q2,2018-08-08,2018-06-30,-29026000.0,48598000.0,-34825000.0,-1.53,16188000.0,0.33310012757726654,199702000.0,80180000.0,38974000.0,108411000.0,119522000.0,3388000.0,-66349000.0,1209989884.35,1211799884.35,4.229696021590546,0.3595022645303521,0.045482769326296184,0.11328261411823397,-0.31820040101423547,4.229696021590546,-0.3620104764280369,24.897935807029093,-10.421603772049197,15.090918986655026,0.0,9.566115702479339,0.0,0.24335259536709697,0.2679709623562185,-0.14534656638391202,1228.4161262436546,0.33310012757726654,-0.5937500000000001,-79.79901864320317,-0.3326001196144662,0.0,0.3182410423452769,-0.6041781806123577,-1.2641570769130746,-79.79901864320317,-0.3326001196144662,0.0,Health Information Services,Healthcare,TRHC
2018Q1,2018,Q1,2018-05-09,2018-03-31,-18094000.0,43944000.0,-15381000.0,-0.96,12280000.0,0.2794465683597306,183417000.0,105773000.0,32939000.0,73362000.0,77644000.0,2671000.0,-37323000.0,729021968.8,726663968.8,5.629449557954117,0.4489926665030942,0.010326196590283344,0.0179062709765252,-0.16447631891539852,5.629449557954117,-0.17106444933962353,16.589795394137994,-10.072703227589257,6.892325723956018,0.0,11.854736053912392,0.0,0.23958520747804185,0.3403942095362722,-0.09864952539840909,-369.4992239229599,0.2794465683597306,-2.745454545454545,-14.7653651092369,0.4868864088952649,0.0,-0.14520395377975776,-2.6530239356842684,-2.6416906820365034,-14.7653651092369,0.4868864088952649,0.0,Health Information Services,Healthcare,TRHC
2017Q4,2017,Q4,2018-03-14,2017-12-31,10946000.0,43933000.0,9369000.0,0.55,14366000.0,0.32699792866410216,185990000.0,122490000.0,33609000.0,27767000.0,63500000.0,2795000.0,-20627000.0,489868089.15000004,481143089.15000004,7.013815711004453,1.210393632729499,0.009167159524705629,0.013919503632949628,0.09042626129170153,7.013815711004453,0.08936239693036166,11.15034459631712,11.188289995203727,3.999249646093559,0.0,10.578533094812165,0.0,0.2362116242808753,1.0033132855547953,0.05885262648529491,101.37998533733445,0.32699792866410216,0.34146341463414653,8.284305237731859,0.8026937865907019,4.455856941197756,0.46546975415689074,0.4224821312540611,40.69915254237288,8.284305237731859,0.8026937865907019,4.455856941197756,Health Information Services,Healthcare,TRHC
2017Q3,2017,Q3,2017-11-09,2017-09-30,7695000.0,33268000.0,-236000.0,0.41,9803000.0,0.29466754839485393,168541000.0,75973000.0,28286000.0,38668000.0,92568000.0,2781000.0,-31573000.0,446533987.47999996,476521987.47999996,4.549526076312367,0.7315092583014379,0.21316474923015766,0.472891685203954,0.03890621605652137,4.549526076312367,0.10128598317823437,13.42232738607671,14.507277046133852,5.877535275426796,0.0,8.437612369651205,0.0,0.19738817261081873,0.5925312920244129,0.045656546478304985,127.32648630738522,0.29466754839485393,5.555555555555555,1.6183284641241047,-0.5139570832422302,1.5707655498533013,0.1283379373848987,6.256147540983607,0.806873977086743,1.6183284641241047,-0.5139570832422302,1.5707655498533013,Health Information Services,Healthcare,TRHC
2017Q2,2017,Q2,2017-08-08,2017-06-30,-1464000.0,29656000.0,-1222000.0,-0.09,8688000.0,0.2929592662530348,73417000.0,55783000.0,16203000.0,13118000.0,17634000.0,3202000.0,-39268000.0,248424104.25,247074104.25,3.3794391753351767,1.2351730446714437,0.019900023155399977,0.02619077496728394,-0.023460001695564368,3.3794391753351767,-0.026244554792678773,8.376858114715404,-42.42214894979508,4.453401650144309,0.0,6.54840724547158,0.0,0.403939142160535,0.8906083244397012,-0.019940885625944944,81.71845534539473,0.2929592662530348,0.5,-3.6801485107197696,-0.5322864376915462,0.0,0.08140403286034353,0.49184311003123915,0.5490774907749078,-3.6801485107197696,-0.5322864376915462,0.0,Health Information Services,Healthcare,TRHC
2017Q1,2017,Q1,2017-05-02,2017-03-31,-2881000.0,27689000.0,-2710000.0,-0.18,8034000.0,0.29015132363032253,73377000.0,55126000.0,16370000.0,14083000.0,18251000.0,3021000.0,-37804000.0,218898498.28,217723498.28,3.3947171215833523,1.1623943761982531,0.022214045273041962,0.029568624605449335,-0.047997952778509545,3.3947171215833523,-0.05226209048361934,7.905612274910615,-18.99501026379729,3.970875780575409,0.0,6.506123800066203,0.0,0.3773525764204042,0.8314279627920187,-0.03926298431388582,701.597750897436,0.29015132363032253,0.5384615384615385,-1.9044821083156707,0.08403043936568272,0.0,-0.14294858118199275,0.5223014425468413,-9.92741935483871,-1.9044821083156707,0.08403043936568272,0.0,Health Information Services,Healthcare,TRHC
2016Q4,2016,Q4,2017-03-14,2016-12-31,-6031000.0,27313000.0,-248000.0,-0.39,9374000.0,0.3432065316882071,72739000.0,56106000.0,15664000.0,11009000.0,16633000.0,2911000.0,-34923000.0,231051669.8,228452669.8,3.6375754424433073,1.422835861567808,0.02400362941475687,0.031119666345845363,-0.004562130230613339,3.6375754424433073,-0.10749295975474994,8.459402841137921,-9.577668288840988,4.118127647666917,0.0,6.162487117828925,0.0,0.37549320172122247,1.0267054228358616,-0.08291288029805194,83.17194737221023,0.3432065316882071,-27.38135190140845,-3.544341982583194,0.2689645568668857,2.7923111840784185,0.3408668287798598,-41.471830985915496,-1.145369284876905,-3.544341982583194,0.2689645568668857,2.7923111840784185,Health Information Services,Healthcare,TRHC
2016Q3,2016,Q3,2016-11-10,2016-09-30,-142000.0,24174000.0,1706000.0,-0.01374141729945732,6991000.0,0.289195002895673,73890000.0,-28892000.0,13085000.0,50061000.0,102782000.0,2609000.0,-28892000.0,70438433.2,114088433.2,-5.873688854283033,0.2613811150396516,0.6150087968601976,-1.5728575384189396,0.04329868751992885,-5.873688854283033,0.004914855323272878,2.91380959708778,-124.01132605633804,-2.4379909040564867,0.0,6.586048294365657,0.0,0.3271619975639464,0.19656019656019655,-0.0019217756123968061,-13.789826389976508,0.289195002895673,0.2548328250307102,0.9612630513646415,0.19901023855461694,0.2631102245930104,0.11038754764930114,0.5034965034965035,0.1534820824881677,0.9612630513646415,0.19901023855461694,0.2631102245930104,Health Information Services,Healthcare,TRHC
2016Q2,2016,Q2,2016-06-30,2016-06-30,-286000.0,22418000.0,1479000.0,-0.018440717413543663,6296000.0,0.2808457489517352,64503000.0,3117000.0,14688000.0,12479000.0,61386000.0,2849000.0,-31614000.0,230776271.04000002,268823271.04,0.20097802859446012,1.1770173892138793,0.6564965970575012,13.585498877125442,0.06105086041800082,0.20097802859446012,-0.09175489252486366,10.294239942903026,-201.72750965034965,74.03794386910491,0.0,5.658827658827659,0.0,0.34754972636931614,0.8902956967705745,-0.00443390229911787,150.5389895890411,0.2808457489517352,-1.869558042794533,0.026908670301579667,-0.6237008239515742,0.0,0.011568123393316195,-2.3684210526315788,-0.08364312267657993,0.026908670301579667,-0.6237008239515742,0.0,Health Information Services,Healthcare,TRHC
2016Q1,2016,Q1,2016-03-31,2016-03-31,209000.0,20157000.0,1614000.0,0.021207,6224000.0,0.30877610755568785,60838000.0,-30854000.0,12145000.0,13130000.0,91692000.0,2289000.0,-30855000.0,146648545.44,184869545.44,-3.1306653511121247,0.924980959634425,0.6658338538413492,-1.3128929798405393,0.1285925858154974,-3.1306653511121247,-0.006773838076100344,7.2753160410775415,175.41692038277515,-4.752983257924419,0.0,6.086937527304499,0.0,0.3313225286827312,0.6985529322162985,0.003435352904434728,78.212557568,0.30877610755568785,-0.8072090909090909,1.3471760797342192,0.30028383434395567,0.0,0.06538856555973982,-0.8073732718894009,-0.19581464872944693,1.3471760797342192,0.30028383434395567,0.0,Health Information Services,Healthcare,TRHC
2015Q4,2015,Q4,2015-12-31,2015-12-31,1085000.0,19761000.0,2007000.0,0.11,5842000.0,0.2956328121046506,58707000.0,-31628000.0,12129000.0,51674000.0,90335000.0,2304000.0,-31628000.0,146648545.44,184553545.44,-3.209200872657493,0.23472152339667918,0.6801744255369888,-1.262520551410143,0.2183730627945338,-3.209200872657493,-0.03430504616162894,7.421109530894185,33.78998742857143,-4.6366683141520175,0.0,6.041232638888889,0.0,0.33660381215187285,0.17616209312226652,0.018481612073517638,1423.7722858252428,0.2956328121046506,1.147603419117647,2.2794811320754715,0.4368501417872462,-0.5812418758124187,0.029427312775330398,1.3324142156862746,0.30919765166340507,2.2794811320754715,0.4368501417872462,-0.5812418758124187,Health Information Services,Healthcare,TRHC
2015Q3,2015,Q3,2015-09-30,2015-09-30,-3264000.0,17952000.0,1533000.0,-0.7452401892690892,5675000.0,0.31612076648841353,58341000.0,-34911000.0,11981000.0,42656000.0,93252000.0,2393000.0,-34912000.0,65171364.480000004,102495364.48,-7.970919193496683,0.28087490622655664,0.6836015837918445,-1.1423906505113002,0.26197340785450274,-7.970919193496683,0.09349488699836728,3.6303121925133692,-4.9916792647058825,-1.8667859551430783,0.0,5.13038027580443,0.0,0.30770812978865636,0.19858870967741934,-0.05594693268884661,71.45982947368421,0.31612076648841353,-38.32665906433188,0.0,0.0,0.0,0.17738589211618258,-38.325301204819276,-0.13487584650112866,0.0,0.0,0.0,Health Information Services,Healthcare,TRHC
2015Q2,2015,Q2,2015-06-30,2015-06-30,-83000.0,16824000.0,1772000.0,-0.01895,4820000.0,0.2864954826438421,,,,,,,,65171364.480000004,,,0.0,0.0,0.0,0.0,,0.0,3.8737140085592014,-196.29929060240966,0.0,0.0,0.0,0.0,0.0,0.0,0.0,1357.73676,0.2864954826438421,0.6897663834454758,0.0,0.0,0.0,0.05378224748578924,0.8621262458471761,1.0773739742086752,0.0,0.0,0.0,Health Information Services,Healthcare,TRHC
2015Q1,2015,Q1,2015-03-31,2015-03-31,-602000.0,15502000.0,853000.0,-0.061083,4574000.0,0.2950587021029545,,,,,,,,146648545.44,,,0.0,0.0,0.0,0.0,,0.0,9.459975837956392,-60.90055873754154,0.0,0.0,0.0,0.0,0.0,0.0,0.0,143.91417609421,0.2950587021029545,0.2900627615062762,0.0,0.0,0.0,0.3674140508221226,0.29009433962264153,5.792134831460674,0.0,0.0,0.0,Health Information Services,Healthcare,TRHC
2014Q4,2014,Q4,2014-12-31,2014-12-31,-848000.0,13753000.0,-178000.0,-0.08604,3345000.0,0.24321966116483676,58823000.0,-20002000.0,12248000.0,22070000.0,78825000.0,2040000.0,-20003000.0,146648545.44,179860545.44,-2.0295445761633735,0.5549614861803353,0.6346837121534094,-1.8665133486651335,-0.010480117465297941,-2.0295445761633735,0.0423957604239576,10.663022281683997,-43.23365136792453,-7.331694102589741,0.0,5.101960784313725,0.0,0.23380310422793804,0.4255550521069325,-0.014416129745167707,343.43921648711944,0.24321966116483676,0.0,0.0,0.0,0.0,0.0,0.0,0.0,0.0,0.0,0.0,Health Information Services,Healthcare,TRHC
