Quarters,Year,Quarter,FillingDate,Date,NetIncome,Revenue,OperatingIncome,EPSDiluted,GrossProfit,GrossProfitRatio,TotalAssets,CommonStockEquity,CurrentAssets,CurrentLiability,TotalLiability,Inventory,RetainedEarnings,MarketCap,EnterpriseValue,bookValuePerShare,currentRatio,debtToAssets,debtToEquity,roic,shareholdersEquityPerShare,roe,priceToSalesRatio,peRatio,pbRatio,payoutRatio,inventoryTurnover,dividendYield,assetTurnover,quickRatio,returnOnAssets,priceToFreeCashFlowsRatio,grossProfitMargin,epsdilutedGrowth,fiveYNetIncomeGrowthPerShare,fiveYRevenueGrowthPerShare,fiveYShareholdersEquityGrowthPerShare,grossProfitGrowth,netIncomeGrowth,operatingIncomeGrowth,threeYNetIncomeGrowthPerShare,threeYRevenueGrowthPerShare,threeYShareholdersEquityGrowthPerShare,Industry,Sector,Symbol
2023Q1,2023,Q1,2023-05-22,2023-03-31,-10363000.0,597000.0,-8325000.0,-0.89,416000.0,0.6968174204,30599000.0,-13076000.0,29022000.0,13411000.0,43675000.0,2337000.0,-466483000.0,66828708.0,52267708.0,-1.1250703814294898,2.1640444411304154,0.3157292721984379,-0.7388345059651269,2.8855433473810956,-1.1250703814294898,0.7925206485163658,111.94088442211056,-1.612195020746888,-5.110791373508719,-1.6063881115507093,0.07744972186563971,0.24909953369141896,0.019510441517696656,1.840280366863023,-0.3386711984051766,-15.67277392120075,0.6968174204355109,0.3455882352941177,-1.000158924832636,-0.9999062672997298,0.9997676209031585,0.03482587064676617,0.14312882421035225,0.12607600251942053,0.9917493953294769,-0.9872911844339443,0.9897766871273977,Medical Devices,Healthcare,DCTH
2022Q4,2022,Q4,2023-03-27,2022-12-31,-12094000.0,639000.0,-9526000.0,-1.36,402000.0,0.6291079812,17862000.0,-5859000.0,16155000.0,14735000.0,23721000.0,1998000.0,-457484000.0,31912614.0,40115614.0,-0.6609424097944469,1.0963691890057685,0.888702272981749,-2.709336064174774,-1.1134516633685207,-0.6609424097944469,2.0641747738521934,49.941492957746476,-0.6596786423019679,-5.446768049155145,0.0,0.11861861861861862,0.0,0.035774269398723545,0.5454360366474381,-0.6770798342850745,-4.2550152,0.6291079812206573,-0.3600000000000001,0.9999091836867745,-0.999868835155021,-1.0012487717211602,-0.4008941877794337,-0.3132804864806168,-0.2211254967311883,-1.0079442226407032,-0.9898579970315574,0.99243716361673,Medical Devices,Healthcare,DCTH
2022Q3,2022,Q3,2022-11-08,2022-09-30,-9209000.0,906000.0,-7801000.0,-1.0,671000.0,0.7406181015,20226000.0,-5246000.0,18480000.0,14446000.0,25472000.0,1926000.0,-447341000.0,29490515.200000003,36063515.2,-0.5692406486001302,1.2792468503391943,0.8110353010975971,-3.126953869614945,-0.7439427967073633,-0.5692406486001302,1.7554327106366756,32.55023752759382,-0.8005895102617006,-5.621524056423943,0.0,0.12201453790238836,0.0,0.044793829724117475,0.7177073238266648,-0.4553050529022051,-5.6204526777206025,0.7406181015452539,0.20634920634920637,0.999999682672704,-0.9999994250902078,0.9999987692094084,0.08752025931928688,0.1085188770571152,0.1316785396260018,0.99652895755613,-0.9932430277215296,0.9992102296276154,Medical Devices,Healthcare,DCTH
2022Q2,2022,Q2,2022-08-08,2022-06-30,-10330000.0,797000.0,-8984000.0,-1.26,617000.0,0.774153074,21066000.0,-2846000.0,19202000.0,12252000.0,23912000.0,2040000.0,-438836000.0,32680027.17,38905027.17,-0.34747645529573773,1.5672543258243552,0.7798348048988892,-5.772312016865777,-0.6869753645175712,-0.34747645529573773,3.629655657062544,41.003798205771645,-0.7909009479670862,-11.482792399859454,0.0,0.08823529411764706,0.0,0.03783347574290326,0.868511263467189,-0.4903636191018703,-5.367059807850222,0.7741530740276035,-0.1666666666666666,0.9999980526713098,-0.9999995001298357,-1.000001202340676,0.7884057971014493,-0.16551957576441387,-0.1910380485218083,0.9784346004057521,-0.9759346778876795,0.9988090729259984,Medical Devices,Healthcare,DCTH
2022Q1,2022,Q1,2022-05-11,2022-03-31,-8863000.0,378000.0,-7543000.0,-1.08,345000.0,0.9126984127,27317000.0,5225000.0,25384000.0,8662000.0,22092000.0,2011000.0,-429179000.0,52419091.2,52433091.2,0.637935516135007,2.9305010390210113,0.5986748178789765,3.129952153110048,-0.36869022739348456,0.637935516135007,-1.6962679425837321,138.67484444444446,-1.4785933431118132,10.03236195215311,0.0,0.016409746394828444,0.0,0.013837537064831424,1.9069498960978988,-0.3244499762052934,-8.109389108910891,0.9126984126984127,-0.3670886075949367,0.99999990450851,-0.9999999378854315,1.0000010886271606,-0.8256695300656898,-0.46933023872679047,-0.617975117975118,0.9855890096322252,-0.9820326835425945,1.0028202292879056,Medical Devices,Healthcare,DCTH
2021Q4,2021,Q4,2022-03-31,2021-12-31,-6032000.0,2109000.0,-4662000.0,-0.79,1979000.0,0.938359412,33124000.0,11952000.0,31152000.0,5954000.0,21172000.0,1412000.0,-420976000.0,58804233.25,45696233.25,1.5751927179494343,5.232112865300638,0.29265789155899047,0.8110776439089692,-0.24296614544097975,1.5751927179494343,-0.5046854082998661,27.88251932195353,-2.437178102204907,4.920032902443106,0.0,0.09206798866855524,0.0,0.0636698466368796,3.8370843130668457,-0.18210361067503925,-9.173827340093604,0.9383594120436226,0.1595744680851063,0.3108555577404535,2.0246967272582728,8.77689559672768,5.708474576271186,0.15340350877192982,0.30376344086021506,0.992311713659888,-0.9714399639293441,1.01108349839663,Medical Devices,Healthcare,DCTH
2021Q3,2021,Q3,2021-11-09,2021-09-30,-7125000.0,522000.0,-6696000.0,-0.94,295000.0,0.5651340996168582,34425000.0,11726000.0,32318000.0,5361000.0,22699000.0,1238000.0,-415629000.0,79214992.92,70512992.92,1.545407447345638,6.028352919231486,0.4695134350036311,1.3783899027801467,-0.23399496785015375,1.545407447345638,-0.6076240832338393,151.75286,-2.7794734357894737,6.755499993177554,0.0,0.18336025848142165,0.0,0.015163398692810458,4.674127961201268,-0.20697167755991286,-17.29584998253275,0.5651340996168582,0.020833333333333353,-5.873386404553558,0.16341108826548648,1.5342098419157923,-0.11676646706586827,-0.10808709175738725,-0.037978607967756935,0.994581244429888,-0.9957217028071073,1.0162777623482697,Medical Devices,Healthcare,DCTH
2021Q2,2021,Q2,2021-08-10,2021-06-30,-6430000.0,536000.0,-6451000.0,-0.96,334000.0,0.6231343283582089,24917000.0,15159000.0,22906000.0,5741000.0,9758000.0,1221000.0,-408504000.0,84252063.09,67628063.09,2.2688463995926584,3.989897230447657,0.1063530922663242,0.17481364206082195,-0.349477219784387,2.2688463995926584,-0.42417045979286233,157.186684869403,-3.2757411776827374,5.557890566000395,0.0,0.16543816543816545,0.0,0.021511417907452743,3.3703187597979447,-0.2580567484047036,-11.732636553404818,0.6231343283582089,0.07692307692307698,-0.061876236090495425,0.15488109862472513,2.073718615259572,0.21014492753623187,0.046983844671705945,0.04102869035231158,0.9998107911827495,-0.9998776083779023,1.0002268846399593,Medical Devices,Healthcare,DCTH
2021Q1,2021,Q1,2021-05-11,2021-03-31,-6747000.0,388000.0,-6727000.0,-1.04,276000.0,0.711340206185567,32315000.0,20006000.0,30203000.0,10096000.0,12309000.0,1109000.0,-402074000.0,80691771.24,56881771.239999995,3.0793043228778183,2.991580824088748,0.08633761411109392,0.13945816255123464,-0.2852115661833291,3.0793043228778183,-0.33724882535239425,207.96848257731958,-2.9899129702089815,4.033378548435469,0.0,0.10099188458070334,0.0,0.012006807983908402,2.642135499207607,-0.20878848831811853,-17.633691267482515,0.711340206185567,-960.2745596813202,-3.2137046838312635,0.187356654053653,1.8826998724030117,2.4603174603174605,-958.8804950917627,0.036246418338108884,-1.00018509920022,-0.9998910226882797,1.0006360188386982,Medical Devices,Healthcare,DCTH
2020Q4,2020,Q4,2021-03-31,2020-12-31,-7029.0,17000.0,-6980000.0,-0.0010818969351948508,-189000.0,-11.117647058823529,33689000.0,22078000.0,32338000.0,10035000.0,12557000.0,855000.0,0.0,116424842.24000001,90794842.24000001,3.3982245746524278,3.222521175884405,0.08741725785864822,0.1333907056798623,-0.26879235982747995,3.3982245746524278,-0.0003183712292780143,6848.520131764706,-4140.875026319533,5.273341889663919,0.0,0.2409356725146199,0.0,0.0005046157499480542,2.8532137518684606,-0.0002086437709638161,-24.909037706461277,-11.117647058823529,0.9990673302282803,0.9984373163939908,-0.9561534335650526,1.9064440711858976,-1.6798561151079137,0.9985916649969946,-0.40160642570281124,0.9999999279822296,-0.9999952387855916,-0.9935794606487761,Medical Devices,Healthcare,DCTH
2020Q3,2020,Q3,2020-11-12,2020-09-30,-4991000.0,466000.0,-4980000.0,-1.16,278000.0,0.5965665236051502,16565000.0,3276000.0,13882000.0,10644000.0,13289000.0,839000.0,-388298000.0,49790564.73,41989564.73,0.7638868971711701,1.3042089440060127,0.1543012375490492,0.7802197802197802,-0.7186147186147186,0.7638868971711701,-1.5235042735042734,106.84670542918454,-2.494017467942296,15.198585082417582,0.0,0.22407628128724671,0.0,0.02813160277693933,1.0336339721909056,-0.3012979172955026,-8.776760925436276,0.5965665236051502,0.3894736842105263,-2.5347397220724224,1.0033509222849164,-0.584212094503048,0.3175355450236967,-0.16748538011695907,-0.16654954321855236,0.9999996304271348,-0.999999364559379,1.0000016516473453,Medical Devices,Healthcare,DCTH
2020Q2,2020,Q2,2020-08-13,2020-06-30,-4275000.0,379000.0,-4269000.0,-1.9,211000.0,0.5567282321899736,20443000.0,7702000.0,19054000.0,8111000.0,12741000.0,723000.0,-383307000.0,23300166.75,9797166.75,3.388194635989032,2.3491554678831217,0.12268258083451548,0.3256297065697222,-0.3976711690731253,3.388194635989032,-0.55505063619839,61.47801253298153,-1.362582850877193,3.025209913009608,0.0,0.23236514522821577,0.0,0.018539353323876143,1.9921094809517939,-0.20911803551337865,-2.9516299404611095,0.5567282321899736,0.9824188026279262,-2.7400332714226545,1.6319459799242626,0.9010405246571396,-0.023148148148148147,0.4561760590255693,0.15865195112337407,0.9999970963156125,-0.9999991435294112,-0.9999882761431281,Medical Devices,Healthcare,DCTH
2020Q1,2020,Q1,2020-05-14,2020-03-31,-7861000.0,294000.0,-5074000.0,-108.07,216000.0,0.7346938775510204,9777000.0,-8005000.0,8222000.0,13043000.0,17782000.0,790000.0,-379032000.0,727400.0,-1190600.0,-110.04949133901567,0.630376447136395,0.2681804234427739,-0.32754528419737666,1.0809544098849595,-110.04949133901567,0.9820112429731418,2.4741496598639454,-0.02313318916168426,-0.0908682073703935,0.0,0.09873417721518987,0.0,0.030070573795642836,0.3533696235528636,-0.8040298660120692,-0.13447957108522832,0.7346938775510204,-1.6293018109823558,-226.92232424047697,65.96531333368013,-50.29103584037309,-0.09243697478991597,-1.6292827409542108,-0.11811370647862494,0.9999904633041141,-0.9999945601713508,0.9998122022332099,Medical Devices,Healthcare,DCTH
2019Q4,2019,Q4,2020-03-25,2019-12-31,12492000.0,517000.0,-4538000.0,171.73,238000.0,0.46034816247582205,14212000.0,-6357000.0,12617000.0,15512000.0,20569000.0,654000.0,-371171000.0,1545725.0,-5792275.0,-87.3934561451746,0.8133702939659618,0.1874472276949057,-0.4190655969797074,1.6024011299435028,-87.3934561451746,-1.9650778669183577,2.989796905222437,0.03093429795068844,-0.24315321692622305,0.0,0.42660550458715596,0.0,0.03637770897832817,0.6481433728726147,0.8789755136504362,-0.28677643784786644,0.46034816247582205,1.5965125568793637,429.97523556467604,178.67311575285322,-36.43078575399209,0.14423076923076922,2.6613911424391543,0.18557071069633885,149.8725039757213,76.34449213621343,-430.47087752093046,Medical Devices,Healthcare,DCTH
2019Q3,2019,Q3,2019-11-14,2019-09-30,-7519000.0,380000.0,-5572000.0,-287.89,208000.0,0.5473684210526316,18895000.0,-18825000.0,17127000.0,32474000.0,37720000.0,736000.0,-383664000.0,1828260.0,-10849740.0,-720.767286928555,0.5274065406171091,0.14056628737761312,-0.14108897742363877,0.36761892195025403,-720.767286928555,0.3994156706507304,4.811210526315789,-0.060788003723899454,-0.0971187250996016,0.0,0.23369565217391305,0.0,0.020111140513363324,0.47357886309047237,-0.3979359618946811,-0.14791747572815533,0.5473684210526316,-4.142435128535424,-463.6272616623223,492.2223940760878,-257.329378059447,-0.13333333333333333,-0.2617888907534821,-0.3501332687181972,-2106.2348842356864,245.0442747460025,-1182.9378477841417,Medical Devices,Healthcare,DCTH
2019Q2,2019,Q2,2019-08-08,2019-06-30,-5959000.0,412000.0,-4127000.0,-55.983205,240000.0,0.5825242718446602,5636000.0,-29729000.0,2945000.0,31252000.0,35365000.0,687000.0,-357907000.0,7845684.0,19752684.0,-291.76971695520746,0.09423396902598234,2.024662881476224,-0.3838339668337314,0.2513398294762485,-291.76971695520746,0.20044401089844932,19.04292233009709,-0.32915271018627285,-0.26390675771132566,0.0,0.25036390101892286,0.0,0.07310149041873669,0.018014847049788812,-1.0573101490418737,-2.457921052631579,0.5825242718446602,0.27272727390826446,-92.52641951239077,117.5065211614579,-86.2399782025585,0.3793103448275862,0.24502723932598505,0.2725189494094835,-63.53000296340147,57.2096610793071,-396.27488971278507,Medical Devices,Healthcare,DCTH
2019Q1,2019,Q1,2019-07-17,2019-03-31,-7893000.0,270000.0,-5673000.0,-76.976907,174000.0,0.6444444444444445,6164000.0,-23777000.0,3166000.0,25435000.0,29941000.0,775000.0,-351947000.0,15451905.0,23085905.0,-226.19987632592876,0.1244741497935915,1.1000973393900064,-0.28519157168692433,0.38189161898350726,-226.19987632592876,0.33195945661773985,57.229277777777774,-0.489417996959331,-0.6498677293182487,0.0,0.12387096774193548,0.0,0.04380272550292018,0.035069785728327106,-1.2804996755353666,-5.574280303030303,0.6444444444444445,0.2555499513014077,-103.65665839883732,59.9531588291165,-57.121142941573915,-0.7166123778501629,0.2738062379243721,0.2616165560327997,-303.6761406668855,50.06886280277329,-212.757684934801,Medical Devices,Healthcare,DCTH
2018Q4,2018,Q4,2019-06-14,2018-12-31,-10869000.0,1023000.0,-7683000.0,-103.40103695952052,614000.0,0.6001955034213099,6844000.0,-14939000.0,5919000.0,17750000.0,21783000.0,858000.0,-344054000.0,20609898.05,20131898.05,-142.12053465252342,0.3334647887323944,0.29777907656341324,-0.13642144721868935,0.5955352298271451,-142.12053465252342,0.7275587388714104,20.14652790811339,-0.4740523058699052,-1.3796035912711695,0.0,0.4766899766899767,0.0,0.1494739918176505,0.20732394366197182,-1.5881063705435419,-11.11045716981132,0.6001955034213099,0.4089596735999354,-157.7660225787834,210.81322879112113,-35.734704404100185,0.038917089678511,-0.22398648648648647,-0.32602692440455644,-148.3516619232184,162.08171146104544,-122.55329239146745,Medical Devices,Healthcare,DCTH
2018Q3,2018,Q3,2018-11-13,2018-09-30,-8880000.0,824000.0,-5794000.0,-174.947516,591000.0,0.7172330097087378,12832000.0,-4865000.0,11820000.0,17047000.0,17697000.0,954000.0,-333185000.0,71740200.0,65607200.0,-94.9397966551529,0.6933771338065349,0.21664588528678305,-0.5714285714285714,2.778896882494005,-94.9397966551529,1.8252826310380268,87.0633495145631,-2.019712837837838,-14.746187050359712,0.0,0.24423480083857443,0.0,0.064214463840399,0.5527072212119435,-0.6920199501246883,-19.725103106956283,0.7172330097087378,0.9655647382402274,-175.90617900118787,1641.9298093831787,-26.047687721419315,-0.07366771159874608,-0.33373385401021327,0.04891661195009849,-525.3360552776877,295.468537031551,-52.6762616897029,Medical Devices,Healthcare,DCTH
2018Q2,2018,Q2,2018-08-14,2018-06-30,-6658000.0,858000.0,-6092000.0,-5080.475857,638000.0,0.7435897435897436,5473000.0,-13090000.0,4374000.0,18097000.0,18563000.0,1250000.0,-324305000.0,2547314.0,1678314.0,-10000.0,0.2416975189257888,0.07564407089347706,-0.031627196333078686,0.48059324708109813,-10000.0,0.5086325439266616,2.968897435897436,-0.09564861820366476,-0.1946,0.0,0.176,0.0,0.15676959619952494,0.09487760402276621,-1.2165174492965467,-0.888494593651901,0.7435897435897436,-1.9055363256488778,-6824.334725578733,0.0,-2226.4023475314616,0.14954954954954955,-1.9263948796438013,0.18805811008929763,-10114.297368375943,10346.145742417139,-5611.777209976356,Medical Devices,Healthcare,DCTH
2018Q1,2018,Q1,2018-05-10,2018-03-31,7187000.0,702000.0,-7503000.0,5610.460578,555000.0,0.7905982905982906,6418000.0,-6202000.0,5230000.0,12275000.0,12620000.0,1280000.0,-317645000.0,4618005.0,2589005.0,-4841.530054644809,0.4260692464358452,0.0,0.0,1.209771041599484,-4841.530054644809,-1.1588197355691712,6.5783547008547005,0.16063743564769722,-0.744599322799097,0.0,0.11484375,0.0,0.10937986911810534,0.19087576374745419,1.11981925833593,-0.7160807877190262,0.7905982905982906,1.3734670546881107,3214.0926463943333,10579.88144719615,-927.8887215532351,0.04716981132075472,1.3734670546663896,-0.5886089349989414,11833.618991667205,9078.540160769668,-2169.515533711828,Medical Devices,Healthcare,DCTH
2017Q4,2017,Q4,2018-03-16,2017-12-31,-19244000.0,704000.0,-4723000.0,-15022.63856362217,530000.0,0.7528409090909091,8887000.0,678000.0,7589000.0,7814000.0,8209000.0,1248000.0,-324832000.0,40351500.0,36352500.0,529.2740046838408,0.9712055285385206,0.0,0.0,-6.966076696165191,529.2740046838408,-28.383480825958703,57.31747159090909,-0.5242088443151113,59.51548672566371,0.0,0.13942307692307693,0.0,0.07921683357713515,0.5523419503455337,-2.165410149656802,-10.37047031611411,0.7528409090909091,0.9952293939143785,-10367.820213847639,20213.00530835285,193.587089205642,0.03515625,-0.5277865989202921,-0.020747784741733305,-37523.918790895805,13891.787153507114,213.57663642412183,Medical Devices,Healthcare,DCTH
2017Q3,2017,Q3,2017-11-14,2017-09-30,-12596000.0,684000.0,-4627000.0,-3149000.0,512000.0,0.7485380116959064,14486000.0,-1850000.0,13233000.0,15892000.0,16336000.0,1164000.0,-305587000.0,34299999.99999992,41540999.99999992,-462500.0,0.8326831109992449,0.672097197293939,-5.262702702702703,-0.586735987826528,-462500.0,6.808648648648648,50.14619883040924,-0.6807716735471562,-18.540540540540498,0.0,0.14776632302405499,0.0,0.047218003589672784,0.1790838157563554,-0.8695292006074831,-9.480375898286324,0.7485380116959064,-3.862068965514739,-1960970.5745365277,32254501.307692304,-136419.7700481155,0.1403118040089087,-5.482758620689655,-0.005650945446642034,-5082262.538832822,5796891.119815667,-164481.74087503023,Medical Devices,Healthcare,DCTH
2017Q2,2017,Q2,2017-08-08,2017-06-30,-1943000.0,584000.0,-4601000.0,-647666.666667,449000.0,0.7688356164383562,18603000.0,867000.0,17371000.0,17210000.0,17736000.0,1040000.0,-292464000.0,72397500.0,83179500.0,289000.0,1.0093550261475885,0.6772026017309036,14.530565167243369,-0.34170070553286297,289000.0,-2.241061130334487,123.96832191780823,-9.315169840452908,83.50346020761246,0.0,0.12980769230769232,0.0,0.03139278610976724,0.12783265543288785,-0.10444551953985916,-15.953613926840017,0.7688356164383562,0.9428462172019944,-328308.2491271591,13509663.65408805,98844.44402082945,-0.1431297709923664,0.8285386516060713,-0.09235517568850903,-1035743.3094202897,5705275.706507304,84429.81056393964,Medical Devices,Healthcare,DCTH
2017Q1,2017,Q1,2017-05-09,2017-03-31,-11332000.0,743000.0,-4212000.0,-11332000.0,524000.0,0.7052489905787349,31039000.0,-586000.0,29973000.0,31050000.0,31625000.0,873000.0,-290520000.0,10743250.0,13629250.0,-586000.0,0.9653140096618358,0.2993008795386449,-15.853242320819113,-0.48391544117647056,-586000.0,19.33788395904437,14.4592866756393,-0.2370113395693611,-18.333191126279864,0.0,0.2508591065292096,0.0,0.023937626856535325,0.2186795491143317,-0.3650890814781404,-2.7724516129032257,0.7052489905787349,-9823411.477020975,-5598862.475048694,0.0,-256947.17273648444,0.050100200400801605,-0.33537591326891353,0.039014373716632446,-15794140.394467602,17631365.032258064,-145390.0704890388,Medical Devices,Healthcare,DCTH
2016Q4,2016,Q4,2017-03-29,2016-12-31,-8486000.0,676000.0,-4383000.0,-1.1535706177978302,499000.0,0.7381656804733728,35239000.0,-1490000.0,34156000.0,36095000.0,36729000.0,660000.0,-279188000.0,829053883000000.0,829053891934000.0,-0.20254775165198763,0.9462806482892367,0.3786429807883311,-8.95503355704698,-0.3697798025816249,-0.20254775165198763,5.695302013422819,1226411069.5266273,-24424165.773037944,-556412002.0134228,0.0,0.2681818181818182,0.0,0.019183291239819517,0.13331486355450894,-0.24081273588921365,-228452434.00385782,0.7381656804733728,-7.443781094527363,0.4442219847863791,0.0,-1.0570793748084586,0.544891640866873,-7.443781094527363,0.07218458933107536,-0.7712377374243375,1.0,-1.0495033057576664,Medical Devices,Healthcare,DCTH
2016Q3,2016,Q3,2016-11-10,2016-09-30,-1005000.0,435000.0,-4724000.0,-0.13661777879882386,323000.0,0.7425287356321839,36980000.0,4486000.0,29167000.0,25385000.0,32494000.0,600000.0,-270703000.0,2230335174375000.0,2230335177099000.0,0.6098182643696755,1.1489856214299783,0.17341806381828015,1.4295586268390548,-0.4334342600238554,0.6098182643696755,-0.22403031654034775,5127207297.413794,-554809744.869403,497176811.05104774,0.0,0.18666666666666668,0.0,0.011763115197404002,0.15879456371873155,-0.02717685235262304,-590191895.8388462,0.7425287356321839,0.8492575371231439,0.879047748338441,0.0,-0.8891857494355909,-0.10526315789473684,0.8492575371231439,-0.2203564970291914,0.8605328892589509,5.041666666666666,-0.8391134382957357,Medical Devices,Healthcare,DCTH
2016Q2,2016,Q2,2016-08-15,2016-06-30,-6667000.0,511000.0,-3871000.0,-0.9062992350763768,361000.0,0.7064579256360078,41388000.0,5430000.0,27000000.0,33655000.0,35958000.0,746000.0,-269698000.0,3606023932840000.0,3606023926924000.0,0.73814381977872,0.8022582082900015,0.03788537740407848,0.2887661141804788,-0.5531580451557588,0.73814381977872,-1.2278084714548803,7056798303.013699,-135219136.52467376,664092805.3112339,0.0,0.20107238605898123,0.0,0.012346573886150574,0.2331600059426534,-0.1610853387455301,-1116070545.601981,0.7064579256360078,-2.677330391616106,-0.22123494384187656,0.0,-0.7766059900285636,0.3938223938223938,-2.6773303916161058,-0.11813980358174465,-0.21616198467712514,0.0,-0.8357333010648597,Medical Devices,Healthcare,DCTH
2016Q1,2016,Q1,2016-05-04,2016-03-31,-1813000.0,370000.0,-3462000.0,-0.2464557541913111,259000.0,0.7,12527000.0,7858000.0,11457000.0,3902000.0,4669000.0,835000.0,-263030000.0,4145269415000000.0,4145269405455000.0,1.06820149830961,2.936186570989236,0.0,0.0,-0.4405701196233138,1.06820149830961,-0.23072028505981165,11203430851.35135,-571603614.8648648,527522195.85136163,0.0,0.13293413173652693,0.0,0.029536201804103136,2.496668375192209,-0.14472738884010536,-1081750891.1795406,0.7,0.6440212055762812,0.9999998666380843,0.0,-0.9999999627290277,-0.2314540059347181,0.6440212055762812,0.18117313150425735,0.8588555858310627,-0.028871391076115572,-0.7954977228366948,Medical Devices,Healthcare,DCTH
2015Q4,2015,Q4,2016-03-18,2015-12-31,-5093000.0,439000.0,-4228000.0,-0.692332684002398,337000.0,0.7676537585421412,15733000.0,8601000.0,14601000.0,6312000.0,7132000.0,757000.0,-261217000.0,7209164200000000.0,7209164187393000.0,1.1692034979588897,2.313212927756654,0.0,0.0,-0.4915707475874898,1.1692034979588897,-0.592140448785025,16421786332.574032,-353876114.27449435,838177444.4831996,0.0,0.13474240422721268,0.0,0.02790313354096485,2.041191381495564,-0.3237144854763872,-1687143505.7336767,0.7676537585421412,-1.1028075970272506,0.9999999547847421,0.0,-0.9999999597940846,0.09061488673139159,-1.1028075970272502,-0.15835616438356165,0.522142991180334,1.1949999999999996,-0.5701434354540457,Medical Devices,Healthcare,DCTH
2015Q3,2015,Q3,2015-11-10,2015-09-30,-2422000.0,399000.0,-3650000.0,-0.32924205000074763,309000.0,0.7744360902255639,19567000.0,13515000.0,18165000.0,5178000.0,6052000.0,402000.0,-256125000.0,6488247780000000.0,6488247763334000.0,1.8372032641453777,3.50811123986095,0.0,0.0,-0.2700702922678505,1.8372032641453777,-0.17920828708842026,16261272631.578947,-669720043.3526012,480077527.19200885,0.0,0.22388059701492538,0.0,0.020391475443348496,3.3020471224410968,-0.12377983339295753,-1982354958.7534373,0.7744360902255639,0.34522844011895115,0.9999999654522439,0.0,-0.9999999561240102,-0.060790273556231005,0.34522844011895104,-0.007452387524151256,0.7949716414120037,9.23076923076923,-0.45809943865276664,Medical Devices,Healthcare,DCTH
2015Q2,2015,Q2,2015-08-05,2015-06-30,-3699000.0,466000.0,-3623000.0,-0.5028349888326861,329000.0,0.7060085836909872,17389000.0,13111000.0,15891000.0,3349000.0,4278000.0,281000.0,-253702000.0,1.3841595264e+16,1.3841595249947e+16,1.782284276449134,4.74499850701702,0.0,0.0,-0.2763328502783922,1.782284276449134,-0.282129509572115,29702994128.755363,-935495759.9351176,1055723839.829151,0.0,0.4875444839857651,0.0,0.026798550807982057,4.333532397730666,-0.21272068549082754,-3018886644.2748094,0.7060085836909872,-0.060493119266055155,0.9999999344236249,0.0,-0.9999998918459858,0.05787781350482315,-0.060493119266055044,0.022923408845738943,0.7451074972436604,3.3962264150943393,-0.3904128696299052,Medical Devices,Healthcare,DCTH
2015Q1,2015,Q1,2015-05-06,2015-03-31,-3488000.0,444000.0,-3708000.0,-0.47415205218935086,311000.0,0.7004504504504504,21650000.0,16424000.0,20030000.0,4239000.0,5226000.0,274000.0,-250002000.0,1.384303709684e+16,1.3843037078378e+16,2.232647163176003,4.725171030903515,0.0,0.0,-0.22576716999512908,2.232647163176003,-0.21237213833414514,31178011479.36937,-992190158.8904817,842854182.7106674,0.0,0.4854014598540146,0.0,0.020508083140877598,4.462609105921207,-0.16110854503464203,-3104516056.7032967,0.7004504504504504,-0.18438030560271645,0.9999999665471343,0.0,-0.9999997927627821,0.4880382775119617,-0.18438030560271648,-0.12876712328767123,0.7657330915440931,0.0,-0.02104071049651322,Medical Devices,Healthcare,DCTH
2014Q4,2014,Q4,2015-03-11,2014-12-31,-2945000.0,291000.0,-3285000.0,-0.40033767021147887,209000.0,0.718213058419244,23764000.0,18145000.0,21966000.0,4576000.0,5619000.0,349000.0,-246513000.0,1.7446177364e+16,1.7446177343531e+16,2.4665966132384667,4.8002622377622375,0.0,0.0,-0.18104160925874896,2.4665966132384667,-0.16230366492146597,59952499532.64605,-1480999776.2308998,961486765.7205842,0.0,0.2349570200573066,0.0,0.012245413230095944,4.511145104895105,-0.12392694832519778,-5508739300.284181,0.718213058419244,0.35388328214129,0.9999999297355141,0.0,-0.9999998961797884,0.25149700598802394,0.35388328214129006,0.35001978630787495,0.807121582040524,0.0,-0.3048958014097456,Medical Devices,Healthcare,DCTH
2014Q3,2014,Q3,2014-11-05,2014-09-30,-4558000.0,217000.0,-5054000.0,-0.6196058067313822,167000.0,0.7695852534562212,26868000.0,20685000.0,24750000.0,5095000.0,6183000.0,518000.0,-243568000.0,2.8548290232e+16,2.8548290208677e+16,2.8118793576653447,4.857703631010795,0.0,0.0,-0.244331641285956,2.8118793576653447,-0.22035291273869953,131558941161.29033,-1565834260.201843,1380144560.4060915,0.0,0.09652509652509653,0.0,0.008076522256959952,4.608439646712463,-0.16964418639273485,-7238410302.231237,0.7695852534562212,0.009130434782608833,0.9999999183214279,0.0,1.0000005689457152,-0.0972972972972973,0.009130434782608696,0.143970189701897,0.45144242480260116,0.0,-0.48903415672652634,Medical Devices,Healthcare,DCTH
2014Q2,2014,Q2,2014-08-06,2014-06-30,-4600000.0,251000.0,-5904000.0,-0.6253152064423779,185000.0,0.7370517928286853,31329000.0,25180000.0,28908000.0,5401000.0,6149000.0,600000.0,-239010000.0,3.784811205e+16,3.7848112022716e+16,3.4229210648302337,5.352342158859471,0.0,0.0,-0.23447180301826848,3.4229210648302337,-0.18268467037331215,150789291035.85657,-2056962611.4130433,1503102146.5448768,0.0,0.11,0.0,0.0080117463053401,5.083503054989817,-0.14682881675125284,-9466761393.196598,0.7370517928286853,0.1284577491474043,0.9999999011769649,0.0,-0.999998394811005,-0.14746543778801843,0.12845774914740432,-0.1670290571259142,0.1573900192481427,0.0,0.03592286760235163,Medical Devices,Healthcare,DCTH
2014Q1,2014,Q1,2014-05-07,2014-03-31,-5278000.0,310000.0,-5059000.0,-0.7174812303484501,217000.0,0.7,36084000.0,29650000.0,33346000.0,6209000.0,6434000.0,619000.0,-234410000.0,6.4594111232e+16,6.4594111200746e+16,4.030564319786197,5.370591077468191,0.0,0.0,-0.1706239460370995,4.030564319786197,-0.17801011804384487,208368100748.3871,-3059592233.4217505,2178553498.549747,0.0,0.15024232633279483,0.0,0.00859106529209622,5.062812047028507,-0.1462698148763995,-14395834907.956318,0.7,-0.10164892506783565,0.9999997066093622,0.0,-0.9999994874489213,-0.16538461538461538,-0.10164892506783553,0.08467523068572462,0.9999996117572029,0.0,-0.999999859368245,Medical Devices,Healthcare,DCTH
2013Q4,2013,Q4,2014-03-12,2013-12-31,-4791000.0,338000.0,-5527000.0,-0.6512793813185722,260000.0,0.7692307692307693,37097000.0,30099000.0,34028000.0,6632000.0,6998000.0,719000.0,-229132000.0,5.8826779872e+16,5.8826779840751e+16,4.091600521458507,5.1308805790108565,0.0,0.0,-0.1836273630353168,4.091600521458507,-0.15917472341273797,174043727431.95267,-3069650379.4614906,1954443000.4983554,0.0,0.10848400556328233,0.0,0.009111248888050247,4.764475271411339,-0.1291479095344637,-11237207234.383955,0.7692307692307693,0.33513738551207334,0.9999997404235532,0.0,-0.9999995991328864,4.3061224489795915,0.3351373855120733,0.1753207997612653,0.9999999574658746,0.0,-0.9999998593003318,Medical Devices,Healthcare,DCTH
2013Q3,2013,Q3,2013-11-06,2013-09-30,-7206000.0,72000.0,-6702000.0,-0.9795698647008206,49000.0,0.6805555555555556,33302000.0,27883000.0,30009000.0,4922000.0,5419000.0,963000.0,-224341000.0,7.562124879232e+16,7.5621248764585e+16,3.790361717659309,6.096911824461601,0.0,0.0,-0.24036151059785532,3.790361717659309,-0.25843704049062155,1050295122115.5555,-2623551512.361921,2712091553.718036,0.0,0.023883696780893044,0.0,0.0021620323103717495,5.657456318569687,-0.21638340039637258,-10175087297.136705,0.6805555555555556,-0.31448376504925213,0.9999988841350417,0.0,-0.9999996952746172,1.1475903614457832,-0.3144837650492521,0.36695947860583733,0.9999998972125803,0.0,-0.9999999094787847,Medical Devices,Healthcare,DCTH
2013Q2,2013,Q2,2013-08-06,2013-06-30,-5482000.0,0.0,-10587000.0,-0.745212600373286,-332000.0,0.0,38406000.0,33056000.0,34899000.0,5341000.0,5350000.0,925000.0,-217136000.0,9.12391821152e+16,9.1239182082874e+16,4.493569448730271,6.534169631155215,0.0,0.0,-0.3202746853823814,4.493569448730271,-0.16583978702807356,0.0,-4160852887.413353,2760139826.8151016,0.0,0.3589189189189189,0.0,0.0,6.063471260063658,-0.14273811383637974,-8602600614.293797,0.0,0.5732191514207863,0.9999996920957708,0.0,-0.9999996576227348,-1.9485714285714286,0.5732191514207863,-0.037737698490492064,0.9999999028143582,0.0,-0.9999997273175888,Medical Devices,Healthcare,DCTH
2013Q1,2013,Q1,2013-05-09,2013-03-31,-12845000.0,381000.0,-10202000.0,-1.7461247449461617,350000.0,0.9186351706036745,49508000.0,38425000.0,45742000.0,11074000.0,11083000.0,1190000.0,-211653000.0,4.3831718336e+17,4.38317183317196e+17,5.223421045119211,4.130576124255012,0.0,0.0,-0.2655042290175667,5.223421045119211,-0.3342875731945348,1150438801469.8162,-8530891073.569483,11407083496.681849,0.0,0.026050420168067228,0.0,0.007695725943281894,3.8725844320028897,-0.25945301769411006,-39952345580.16589,0.9186351706036745,-0.20519797335334952,0.9999983492022235,0.0,-0.9999996611184858,1.173913043478261,-0.2051979733533496,0.13717861975642762,0.9999998768056024,0.0,-0.9999995151552548,Medical Devices,Healthcare,DCTH
2012Q4,2012,Q4,2013-03-13,2012-12-31,-10658000.0,200000.0,-11824000.0,-1.4488281457093182,161000.0,0.805,30474000.0,20009000.0,26432000.0,10156000.0,10465000.0,1105000.0,-198808000.0,2.83752702912e+17,2.83752702888274e+17,2.7199852099359867,2.602599448601812,0.0,0.0,,2.7199852099359867,-0.5326603028637114,1418763514560.0,-6655861862.263088,14181253581.48833,0.0,0.03529411764705882,0.0,0.006562971713591915,2.3503347774714456,-0.34974076261731313,-30199308526.181355,0.805,0.09777363921103861,-1.0000009651139827,0.0,-0.9999998344384701,3.128205128205128,0.09777363921103868,0.028829568788501028,0.9999997457117518,0.0,-0.9999998855145432,Medical Devices,Healthcare,DCTH
2012Q3,2012,Q3,2012-11-07,2012-09-30,-11813000.0,39000.0,-12175000.0,-1.6058366377616977,39000.0,1.0,35007000.0,24940000.0,30722000.0,9709000.0,10067000.0,941000.0,-188150000.0,3.96792397568e+17,3.96792397539702e+17,3.3902959236245445,3.1642805644247605,0.0,0.0,,3.3902959236245445,-0.47365677626303127,10174164040205.129,-8397367255.735208,15909879613.793104,0.0,0.0,0.0,0.0011140629017053732,2.919044185806983,-0.33744679635501473,-27778801285.91431,1.0,0.18598401323043004,0.9999990617794947,0.0,-0.9999997718941219,-0.6320754716981132,0.18598401323042998,0.20507965526247063,0.9999997883130821,0.0,1.0000006859804758,Medical Devices,Healthcare,DCTH
2012Q2,2012,Q2,2012-08-08,2012-06-30,-14512000.0,106000.0,-15316000.0,-1.9727335382373452,106000.0,1.0,35135000.0,21508000.0,31329000.0,13327000.0,13627000.0,516000.0,-176341000.0,3.8064386976e+17,3.80643869730714e+17,2.923756404383188,2.3507916260223607,0.0,0.0,,2.923756404383188,-0.6747256834666171,3590979903396.2266,-6557398528.114664,17697780814.58062,0.0,0.0,0.0,0.003016934680518002,2.2051474450363924,-0.41303543475167215,-27800457914.110428,1.0,0.02532070656189135,0.9999990946668823,0.0,-0.9999995894994066,0.0,0.02532070656189133,-0.05235674041500618,0.9999996882348074,0.0,-0.9999986288957544,Medical Devices,Healthcare,DCTH
2012Q1,2012,Q1,2012-05-09,2012-03-31,-14889000.0,0.0,-14554000.0,-2.023982197547949,0.0,0.0,25633000.0,16777000.0,22130000.0,8556000.0,8856000.0,0.0,-161829000.0,7.24376818816e+17,7.2437681879895e+17,2.280633308366038,2.5864890135577374,0.0,0.0,,2.280633308366038,-0.8874649818203493,0.0,-12162952831.217676,43176778852.953445,0.0,0.0,0.0,0.0,2.4292893875642823,-0.5808528069285687,-49096978366.27355,0.0,0.024866972835776397,0.9999984114591022,0.0,-0.9999997205854085,0.0,0.02486697283577644,0.08892103185170634,0.9999991723582405,0.0,-0.9999997099807943,Medical Devices,Healthcare,DCTH
2011Q4,2011,Q4,2012-03-06,2011-12-31,-15268686.0,0.0,-15974466.0,-2.0755959865638793,0.0,0.0,35241000.0,26104000.0,31988000.0,8837000.0,9137000.0,0.0,-146940000.0,7.0361442592e+17,7.03614425894223e+17,3.5485278584721374,3.61978046848478,0.0,0.0,,3.5485278584721374,-0.5849174839105118,0.0,-11520546462.216854,26954276199.81612,0.0,0.0,0.0,0.0,3.4804798008373883,-0.43326483357452966,-50657626759.0043,0.0,-0.8375939817047985,0.9999994092057775,0.0,-0.9999995615471453,0.0,-0.8375939817047985,-0.3113895299428765,0.99999917274238,0.0,-0.9999996523394419,Medical Devices,Healthcare,DCTH
2011Q3,2011,Q3,2011-11-09,2011-09-30,-8309064.0,0.0,-12181328.0,-1.1295182761962892,0.0,0.0,48958374.0,40482158.0,45726895.0,8176216.0,8476216.0,0.0,-131671714.0,7.70515469696e+17,7.70515469655037e+17,5.5030671710876,5.592672086940952,0.0,0.0,,5.5030671710876,-0.20525249666779127,0.0,-23182980348.20769,19033458386.679882,0.0,0.0,0.0,0.0,5.466831233421426,-0.1697169109415276,-77482761783.75513,0.0,-0.5220217950230327,0.9999997590884206,0.0,-0.9999994887221386,0.0,-0.5220217950230326,-0.16167892177431784,0.9999987133231538,0.0,-0.999999557582,Medical Devices,Healthcare,DCTH
2011Q2,2011,Q2,2011-08-04,2011-06-30,-5459228.0,0.0,-10485968.0,-0.7421170182252195,0.0,0.0,35627580.0,24306829.0,32525118.0,11020751.0,11320751.0,0.0,-123362650.0,1.190377192704e+18,1.1903771926729485e+18,3.3042238682814298,2.9512614884412143,0.0,0.0,,3.3042238682814298,-0.22459647039932687,0.0,-54512157795.20474,48972952938.616554,0.0,0.0,0.0,0.0,2.8175549923957086,-0.1532303906131149,-145662581375.9039,0.0,0.9999995984263076,0.9999995260215797,0.0,-0.9999997484719704,0.0,-1.9540925378593978,-0.3419053783619081,0.9999996933747921,0.0,-0.9999997482422059,Medical Devices,Healthcare,DCTH
2011Q1,2011,Q1,2011-05-05,2011-03-31,-1848022.0,0.0,-7814238.0,-1848022.0,0.0,0.0,43283654.0,28660414.0,40571247.0,14323240.0,14623240.0,0.0,-117903422.0,230888000000.0,230848715242.0,28660414.0,2.832546756180864,0.0,0.0,,28660414.0,-0.06447994784722928,0.0,-31234.476645840798,8055.989700637262,0.0,0.0,0.0,0.0,2.742728460878963,-0.04269560975605248,-28959.124373047525,0.0,0.8793083247659373,-0.5606474920997384,0.0,1.1768361396973908,0.0,0.8793083247659373,0.17995193619477384,-0.7471321092209283,0.0,0.8594106064932198,Medical Devices,Healthcare,DCTH
2010Q4,2010,Q4,2011-03-08,2010-12-31,-15311926.0,0.0,-9529000.0,-15311926.0,0.0,0.0,50577709.0,29080385.0,48897729.0,21197324.0,21497324.0,0.0,-116055400.0,307328000000.0,307282378547.0,29080385.0,2.3067878285013714,0.0,0.0,,29080385.0,-0.5265379395767972,0.0,-5017.788095370889,10568.223219878279,0.0,0.0,0.0,0.0,2.2226132411808206,-0.3027406006072754,-41095.075284854654,0.0,-0.6066984286346271,-21.50248142786812,0.0,1.308352521722675,0.0,-0.6066984286346271,-0.28397881711177664,-11.199797628429009,0.0,0.7700805923823753,Medical Devices,Healthcare,DCTH
2010Q3,2010,Q3,2010-11-02,2010-09-30,-9530056.0,0.0,-7421462.0,-9530056.0,0.0,0.0,56801772.0,41872634.0,55264152.0,14629138.0,14929138.0,0.0,-100743473.0,225792000000.0,225740234881.0,41872634.0,3.7776765794402922,0.0,0.0,,41872634.0,-0.22759628639554894,0.0,-5923.155121019226,5392.352437155017,0.0,0.0,0.0,0.0,3.7085656721537523,-0.1677774418727641,-35356.668726341275,0.0,-0.24284614528903437,-14.527510252495711,0.0,4.3447639669924465,0.0,-0.24284614528903437,0.10641134330608185,-4.567997232961181,0.0,1.81727441036245,Medical Devices,Healthcare,DCTH
2010Q2,2010,Q2,2010-07-29,2010-06-30,-7667929.0,0.0,-8305233.0,-7667929.0,0.0,0.0,29358032.0,16479132.0,28054236.0,12578900.0,12878900.0,0.0,-91213418.0,198822400000.0,198798545878.0,16479132.0,2.2302614696038603,0.0,0.0,,16479132.0,-0.4653114617930119,0.0,-6482.271810289323,12065.101487141434,0.0,0.0,0.0,0.0,2.153536636748841,-0.2611867512100266,-31399.923467361263,0.0,0.4590043485362186,-11.267037710131758,0.0,1.9638012321285783,0.0,0.4590043485362186,-0.5135422236364015,-2.5189902405399875,0.0,1.3136994085013556,Medical Devices,Healthcare,DCTH
2010Q1,2010,Q1,2010-05-05,2010-03-31,-14173735.0,0.0,-5487282.0,-14173735.0,0.0,0.0,32234339.0,10773389.0,31326368.0,21160950.0,21460950.0,0.0,-83545490.0,254016000000.0,253989066407.0,10773389.0,1.4803857104714109,0.0,0.0,,10773389.0,-1.3156245448855508,0.0,-4480.399838151341,23578.095991892616,0.0,0.0,0.0,0.0,1.4256729022090218,-0.439709187149766,-45985.02684252116,0.0,-1.4876754735605384,-14.484886821868033,0.0,0.748629575460145,0.0,-1.4876754735605384,-0.08896314087902811,-10.124385259089847,0.0,0.31991498843936866,Medical Devices,Healthcare,DCTH
2009Q4,2009,Q4,2009-12-31,2009-12-31,-5697582.0,0.0,-5038997.0,-5697582.0,0.0,0.0,36807041.0,23758347.0,36285735.0,13048694.0,13048694.0,0.0,-69371755.0,160249600000.0,160214113681.0,23758347.0,2.7807943844801635,0.0,0.0,,23758347.0,-0.2398139062452451,0.0,-7031.4740533791355,6744.981037611749,0.0,0.0,0.0,0.0,2.719530322344903,-0.15479598047558346,-47676.43374030217,0.0,0.24892511162809336,-5.317163033125961,0.0,2.500491517347645,0.0,0.24892511162809336,-0.3188823283534743,-0.621750355086345,0.0,1.9355596126867503,Medical Devices,Healthcare,DCTH
2009Q3,2009,Q3,2009-09-30,2009-09-30,-7585904.0,0.0,-3820657.0,-7585904.0,0.0,0.0,6766103.0,-4942263.0,6732717.0,11708366.0,11708366.0,0.0,-63674173.0,153977600000.0,153971561410.0,-4942263.0,0.5750347230347941,0.0,0.0,0.7667410594017189,-4942263.0,1.5349049615530375,0.0,-5074.464427706968,-31155.28250924728,0.0,0.0,0.0,0.0,0.5489771160211425,-1.1211629500762847,-54410.62249860243,0.0,-0.1988546731428185,-8.15893230562679,0.0,-2.401782057463766,0.0,-0.1988546731428185,-0.3944263196139782,-0.6179748056848667,0.0,-1.4591747799176817,Medical Devices,Healthcare,DCTH
2009Q2,2009,Q2,2009-06-30,2009-06-30,-6327626.0,0.0,-2739949.0,-6327626.0,0.0,0.0,9581947.0,2132410.0,9567389.0,7449537.0,7449537.0,0.0,-56088270.0,112268800000.0,112261364327.0,2132410.0,1.284293104390246,0.0,0.0,-1.227017019058597,2132410.0,-2.967358997566134,0.0,-4435.660388272,52648.78705314644,0.0,0.0,0.0,0.0,1.2407665066969933,-0.6603695470242112,-45809.56531248113,0.0,-1.5874770648391872,-6.654772115530017,0.0,-0.5002041456329476,0.0,-1.5874770648391872,-0.41515107535406554,-3.041354802490102,0.0,-0.8376741688852133,Medical Devices,Healthcare,DCTH
2009Q1,2009,Q1,2009-03-31,2009-03-31,-2445481.0,0.0,-1936153.0,-2445481.0,0.0,0.0,9086971.0,7863732.0,9070947.0,1223239.0,1223239.0,0.0,-49760644.0,58016000000.0,58011195858.0,7863732.0,7.4155148748527475,0.0,0.0,,7863732.0,-0.3109822410021094,0.0,-5930.939557494006,7377.667499350181,0.0,0.0,0.0,0.0,7.125752203780292,-0.26911948987181755,-24837.732323943692,0.0,0.02531956853067029,-2.4466015722995658,0.0,0.8025903721339005,0.0,0.02531956853067029,0.26190053218255843,-1.0651993264298587,0.0,-0.40272823656717444,Medical Devices,Healthcare,DCTH
2008Q4,2008,Q4,2009-03-03,2008-12-31,-2509008.0,0.0,-2623160.0,-2509008.0,0.0,0.0,11358682.0,10206875.0,11341193.0,1151807.0,1151807.0,0.0,-47315163.0,37318400000.0,37307612863.0,10206875.0,9.846435210065575,0.0,0.0,,10206875.0,-0.24581549200906253,0.0,-3718.441710827546,3656.2023146163738,0.0,0.0,0.0,0.0,9.5587602784147,-0.22088900807329584,-17393.379419375528,0.0,-1.858105591229551,-3.7425318120988047,0.0,3.702989685733967,0.0,-1.858105591229551,-0.18465649541001833,-2.6872504427184754,0.0,-0.18979526422507378,Medical Devices,Healthcare,DCTH
2008Q3,2008,Q3,2008-10-24,2008-09-30,-877857.0,0.0,-2214279.0,-877857.0,0.0,0.0,13450701.0,12438615.0,13431746.0,1012086.0,1012086.0,0.0,-44806155.0,46099200000.0,46086269133.0,12438615.0,13.271348482243603,0.0,0.0,,12438615.0,-0.07057514039947374,0.0,-13128.334113642655,3706.136093126124,0.0,0.0,0.0,0.0,13.014110460968732,-0.06526477690642295,-25151.017842801775,0.0,0.6372902406917564,-0.34206120979466786,0.0,3.6080242637268842,0.0,0.6372902406917564,-0.23109610457772164,-0.4303099129454357,0.0,0.5877066929033352,Medical Devices,Healthcare,DCTH
2008Q2,2008,Q2,2008-07-25,2008-06-30,-2420274.0,0.0,-1798624.0,-2420274.0,0.0,0.0,15305964.0,13124614.0,15285544.0,2181350.0,2181350.0,0.0,-43928298.0,77145600000.0,77130836877.0,13124614.0,7.00737799986247,0.0,0.0,,13124614.0,-0.184407251900894,0.0,-7968.684537370562,5877.9328672066085,0.0,0.0,0.0,0.0,6.874181126366699,-0.15812620492247337,-52001.129732524365,0.0,-1.2881429000913263,-3.5102615469191134,0.0,2.9529993379849078,0.0,-1.2881429000913263,-0.2578142045931355,-2.871918014218889,0.0,1.3604851969394982,Medical Devices,Healthcare,DCTH
2008Q1,2008,Q1,2008-05-09,2008-03-31,-1057746.0,0.0,-1429960.0,-1057746.0,0.0,0.0,16847500.0,15413709.0,16825616.0,1433791.0,1433791.0,0.0,-41508024.0,59270400000.0,59254155622.0,15413709.0,11.73505483016702,0.0,0.0,,15413709.0,-0.06862371671866907,0.0,-14008.656142400916,3845.304202901456,0.0,0.0,0.0,0.0,11.49883909161098,-0.06278355839145273,-46684.12616522462,0.0,-1.7046007891025774,-0.9933363611179686,0.0,12.934568489416886,0.0,-1.7046007891025774,0.009237902491039588,-0.1555935747552514,0.0,1.501800262195695,Medical Devices,Healthcare,DCTH
2007Q4,2007,Q4,2008-03-12,2007-12-31,1501199.0,0.0,-1443293.0,1501199.0,0.0,0.0,18106126.0,16428848.0,18091089.0,1677278.0,1677278.0,0.0,-40450278.0,58016000000.0,58008113063.0,16428848.0,10.785981214801602,0.0,0.0,,16428848.0,0.09137579214318618,0.0,9661.610486018177,3531.3492461552996,0.0,0.0,0.0,0.0,4.70222407972918,0.08291110975368227,-45149.02462200065,0.0,1.8770852845066275,4.735124927223237,0.0,9.03723629787572,0.0,1.8770852845066275,0.204065775048364,2.664446220899613,0.0,1.4205826720097077,Medical Devices,Healthcare,DCTH
2007Q3,2007,Q3,2007-11-08,2007-09-30,-1711577.0,0.0,-1813332.0,-1711577.0,0.0,0.0,19320132.0,14862817.0,19303792.0,4457315.0,4457315.0,0.0,-41951477.0,109132800000.0,109114300914.0,14862817.0,4.330811710637458,0.0,0.0,,14862817.0,-0.1151583175652368,0.0,-15940.387140046869,7342.672657545336,0.0,0.0,0.0,0.0,4.273957752593209,-0.08859033675339278,-89148.91235889339,0.0,0.2145176671650572,-2.9688373904937695,0.0,6.112052452690607,0.0,0.2145176671650572,0.200084344109852,-1.066493048009543,0.0,3.215564852369742,Medical Devices,Healthcare,DCTH
2007Q2,2007,Q2,2007-06-30,2007-06-30,-2179014.0,0.0,-2266904.0,-2179014.0,0.0,0.0,7249780.0,7122417.0,7239258.0,127363.0,127363.0,0.0,-40239900.0,140806400000.0,140799983245.0,7122417.0,56.83956879156427,0.0,0.0,,7122417.0,-0.3059374366875739,0.0,-16154.829661489095,19769.468707041444,0.0,0.0,0.0,0.0,54.68889708942157,-0.3005627756980212,-122453.55151338057,0.0,-0.7102190227875999,-4.462023016050073,0.0,1.8251664676102641,0.0,-0.7102190227875999,-0.6311360872662383,-1.6360368970210193,0.0,0.669357435799597,Medical Devices,Healthcare,DCTH
2007Q1,2007,Q1,2007-03-31,2007-03-31,-1274114.0,0.0,-1389770.0,-1274114.0,0.0,0.0,8438126.0,8162184.0,8426636.0,275942.0,275942.0,0.0,-38060886.0,135161600000.0,135154025753.0,8162184.0,30.537707199338993,0.0,0.0,,8162184.0,-0.15609964195857384,0.0,-26520.70379887514,16559.489469975193,0.0,0.0,0.0,0.0,29.40914757449029,-0.1509949010005302,-70184.2860926052,0.0,0.6373382898358491,-1.216085532552149,0.0,2.077166446748351,0.0,0.6373382898358491,0.6320456063607869,-0.7957053502721505,0.0,0.8710040339606396,Medical Devices,Healthcare,DCTH
