Quarters,Year,Quarter,FillingDate,Date,NetIncome,Revenue,OperatingIncome,EPSDiluted,GrossProfit,GrossProfitRatio,TotalAssets,CommonStockEquity,CurrentAssets,CurrentLiability,TotalLiability,Inventory,RetainedEarnings,MarketCap,EnterpriseValue,bookValuePerShare,currentRatio,debtToAssets,debtToEquity,roic,shareholdersEquityPerShare,roe,priceToSalesRatio,peRatio,pbRatio,payoutRatio,inventoryTurnover,dividendYield,assetTurnover,quickRatio,returnOnAssets,priceToFreeCashFlowsRatio,grossProfitMargin,epsdilutedGrowth,fiveYNetIncomeGrowthPerShare,fiveYRevenueGrowthPerShare,fiveYShareholdersEquityGrowthPerShare,grossProfitGrowth,netIncomeGrowth,operatingIncomeGrowth,threeYNetIncomeGrowthPerShare,threeYRevenueGrowthPerShare,threeYShareholdersEquityGrowthPerShare,Industry,Sector,Symbol
2023Q1,2023,Q1,2023-05-04,2023-03-31,434800000.0,3604300000.0,544600000.0,1.26,670400000.0,0.1860000555,22857500000.0,11893800000.0,5853400000.0,5167600000.0,10801000000.0,3320000000.0,13996500000.0,15388152000.0,19167252000.0,35.46153846153846,1.1327115101788063,0.1856677239418134,0.35681615631673647,0.02610056736373685,35.46153846153846,0.03655686155812272,4.2693871209388785,8.847833486660534,1.2937960954446857,0.35050597976080955,0.8837048192771084,0.00990372333208042,0.15768566116154434,0.3659532471553526,0.019022202778081594,-89.20667826086957,0.1860000554892767,-0.17105263157894737,10.725492020395533,1.1262471379417922,0.2977125409263142,-0.3077240809582817,-0.16896024464831805,0.3517001737403822,3.4190252944062083,1.2638831282089087,0.6017780125957846,Agricultural Inputs,Basic Materials,MOS
2022Q4,2022,Q4,2023-02-23,2022-12-31,523200000.0,4481300000.0,402900000.0,1.52,968400000.0,0.2160980073,23386000000.0,12054600000.0,6556600000.0,5533800000.0,11191800000.0,3543100000.0,14203400000.0,14875063327.009998,17761763327.01,35.55180172172752,1.1848277856084426,0.1548832634909775,0.3004745076568281,0.0176730386309384,35.55180172172752,0.04340251854064009,3.319363427355901,7.107732858854167,1.2339740287533387,0.09766819571865444,0.9914763907312805,0.003435279492707309,0.19162319336355085,0.4400773428746973,0.02237235953134354,24.179231675894016,0.21609800727467476,-0.371900826446281,2.3697592500959535,1.417223877190482,0.4143092631903249,-0.35525965379494007,-0.37840085541166685,-0.5635831889081456,1.6316899312704098,1.411197008397259,0.46611752133148815,Agricultural Inputs,Basic Materials,MOS
2022Q3,2022,Q3,2022-11-08,2022-09-30,841700000.0,5348500000.0,923200000.0,2.42,1502000000.0,0.2808263999,23437600000.0,11580600000.0,6899700000.0,5130300000.0,11702300000.0,3781200000.0,13858000000.0,16635186000.0,20092386000.0,33.64497385241139,1.3448921115724226,0.1774925760316756,0.35922145657392535,0.04283394037791475,33.64497385241139,0.0726818990380464,3.1102525941852854,4.940948675299988,1.436470131081291,0.08173933705595818,1.0172696498466096,0.004135811886924499,0.22820169300610985,0.5072997680447537,0.03591238010717821,31.08799476733321,0.2808263999252127,-0.1508771929824562,2.773947806986737,1.7487498100028547,0.1679371892568506,-0.18648107024860533,-0.18746983299546288,-0.44857245251463385,22.348560729734466,1.1727639931900582,0.28245563870523793,Agricultural Inputs,Basic Materials,MOS
2022Q2,2022,Q2,2022-08-02,2022-06-30,1035900000.0,5373100000.0,1674200000.0,2.85,1846300000.0,0.3436191398,23985600000.0,11751300000.0,7298700000.0,5632000000.0,12076600000.0,3640900000.0,13634900000.0,16979184999.999998,20116685000.0,32.687899860917945,1.2959339488636363,0.16579114135147754,0.3383966029290376,0.0771316013042299,32.687899860917945,0.08815194914605193,3.1600351752247304,4.097689207452457,1.444877162526699,0.05203204942562023,0.9686615946606608,0.0031744750999532665,0.2240135748115536,0.548828125,0.043188413047828694,12.838703213610584,0.34361913978894865,-0.08653846153846154,9.394730033576952,1.9898886883783489,0.17602862323901955,0.28295462441803904,-0.10311688311688312,0.3331740723045071,5.7691270050101755,1.6488036892108573,0.20414320312633855,Agricultural Inputs,Basic Materials,MOS
2022Q1,2022,Q1,2022-05-03,2022-03-31,1155000000.0,3922300000.0,1255800000.0,3.12,1439100000.0,0.3669020728,23423100000.0,11638400000.0,6225400000.0,5051700000.0,11632300000.0,3326500000.0,13196500000.0,24345650000.0,27921550000.0,31.79022125102431,1.2323376289169983,0.19031639706102096,0.38302515809733295,0.05842410836981159,31.79022125102431,0.09924044542205114,6.206983147642965,5.269621212121212,2.0918382251855925,0.03515151515151515,0.7464903051255073,0.0016676490461334983,0.16745435061968741,0.47746303224657044,0.04931029624601355,112.86810384793695,0.3669020727634296,0.835294117647059,1229.648820905035,1.379548612330537,0.15804449775343707,0.2529165941145743,0.8035602748282323,0.6646341463414634,8.298200221025487,1.174104618971379,0.15601349774269632,Agricultural Inputs,Basic Materials,MOS
2021Q4,2021,Q4,2022-02-23,2021-12-31,640400000.0,3841000000.0,754400000.0,1.7,1148600000.0,0.2990367092,22036400000.0,10604100000.0,5325300000.0,4787400000.0,11287900000.0,2741400000.0,12014200000.0,14682673000.0,18194773000.0,28.375970029435376,1.112357438275473,0.19429670908133814,0.4037683537499646,0.03633258424555695,28.375970029435376,0.06039173527220603,3.822617287164801,5.731836742660836,1.384622268745108,0.0434103685196752,0.982125921062231,0.0018933882134404274,0.17430251765261112,0.4807202239211263,0.029061008150151568,217.1993047337278,0.299036709190315,0.7525773195876289,33.92109078915434,0.9346670340358398,0.037683105744329363,0.3286292654713707,0.7219682710406023,0.07525655644241733,4.882647854205651,0.5720229786077949,0.0520939519247629,Agricultural Inputs,Basic Materials,MOS
2021Q3,2021,Q3,2021-11-02,2021-09-30,371900000.0,3418600000.0,701600000.0,0.97,864500000.0,0.2528812964,21081500000.0,10420400000.0,4599100000.0,3494500000.0,10500300000.0,2273600000.0,11419100000.0,13566456000.0,16855356000.0,27.436545550289626,1.3160967234225212,0.19598700282237982,0.39650109400790756,0.03254613756451689,27.436545550289626,0.03568960884419024,3.9684245012578248,9.11969346598548,1.3019131703197573,0.07636461414358699,1.1233726249120337,0.00209339860019448,0.16216113654151745,0.6173415367005294,0.01764105969689064,164.04420798065297,0.252881296437138,-0.14912280701754382,7.745351339587969,0.614214076620811,-0.02350030018640422,0.14914262927023794,-0.14935956084172003,0.07938461538461539,0.5251775256514593,0.18503671430605445,0.01294708757629587,Agricultural Inputs,Basic Materials,MOS
2021Q2,2021,Q2,2021-08-03,2021-06-30,437200000.0,2800700000.0,650000000.0,1.14,752300000.0,0.2686114186,21473500000.0,10338000000.0,4987600000.0,4137900000.0,10957900000.0,2194400000.0,11075900000.0,12119418000.0,15315618000.0,27.219589257503948,1.2053457067594673,0.2148601764966121,0.44629522151286516,0.034118452874389166,27.219589257503948,0.04229057844844264,4.3272817509908235,6.930133806038427,1.1723174695298897,0.06541628545288197,0.9334670069267226,0.0023598492930931173,0.13042587375136797,0.6201213175765485,0.020359978578247607,16.881763476807354,0.26861141857392795,1.7804878048780488,40.47706223089551,0.5403533210354728,-0.04381410142152497,0.7298229478040928,1.7900446713465221,1.0753512132822478,5.5338194429903025,0.288886715648169,0.028836618791144124,Agricultural Inputs,Basic Materials,MOS
2021Q1,2021,Q1,2021-05-04,2021-03-31,156700000.0,2297100000.0,313200000.0,0.41,434900000.0,0.1893256715,19902100000.0,9624200000.0,3727300000.0,3355000000.0,10105100000.0,1860700000.0,10667700000.0,12001790977.99,15952090977.99,25.347963696244058,1.1109687034277198,0.23325679199682445,0.4823569751252052,0.015962415622458988,25.347963696244058,0.01628187277903618,5.224757728435854,19.147720130807272,1.2470429727135761,0.1206126356094448,1.0008061482237867,0.001574764969216726,0.1154199808060456,0.5094187779433681,0.007873540983112335,397.4102972844371,0.18932567149884638,-0.8110599078341014,-0.43541340321418015,0.26964128197850934,-0.10924099246853622,0.057122022362664074,-0.8107259330837058,0.06241519674355495,2.732948786620274,0.19705528183544782,-0.07239302628570284,Agricultural Inputs,Basic Materials,MOS
2020Q4,2020,Q4,2021-02-22,2020-12-31,827900000.0,2457400000.0,294800000.0,2.17,411400000.0,0.1674127126,19789800000.0,9581400000.0,3521200000.0,3146500000.0,10034600000.0,1739200000.0,10511000000.0,8723091000.0,12900791000.0,25.274070166183066,1.119084697282695,0.24010854076342358,0.49592961362640114,0.0475511759141172,25.274070166183066,0.08640699688980734,3.549723691706682,2.6341016427104726,0.9104192497964807,0.022949631598019084,1.1764029438822448,0.0021781269964969985,0.12417508009176445,0.5201017003019228,0.04183468251321388,-59.58395491803279,0.1674127126230976,28.483695652173914,3.9496050918559233,0.052697387264137016,-0.06850953131831235,0.15854688820050689,28.67383512544803,1.9928934010152284,2.9386160040785327,0.1855670353987127,0.005444163824449277,Agricultural Inputs,Basic Materials,MOS
2020Q3,2020,Q3,2020-11-03,2020-09-30,27900000.0,2381500000.0,98500000.0,0.0736,355100000.0,0.1491077052,18851600000.0,8532800000.0,3748800000.0,2865700000.0,10147400000.0,1681300000.0,9721600000.0,6926157000.0,10981457000.0,22.508045370614614,1.3081620546463342,0.264078380614908,0.5834309956872304,0.0030401819761564507,22.508045370614614,0.0032697356084755297,2.9083170270837706,62.06233870967742,0.811709755297206,0.6774193548387096,1.20525783619818,0.0027287859631250056,0.12632879967748095,0.6499982552255993,0.0014799804791105265,91.73717880794702,0.1491077052277976,-0.632,-0.8370322804009496,0.05709180982768565,-0.1705479884329845,0.3817120622568093,-0.41139240506329117,0.14801864801864803,-0.886420527507312,0.11124771157127591,-0.21866536852911841,Agricultural Inputs,Basic Materials,MOS
2020Q2,2020,Q2,2020-08-04,2020-06-30,47400000.0,2044700000.0,85800000.0,0.2,257000000.0,0.1256908104,19020600000.0,8493000000.0,4055600000.0,3112900000.0,10356900000.0,1954000000.0,9747000000.0,4742541000.0,9060241000.0,22.403059878659985,1.3028365832503452,0.283429544809312,0.6347580360296715,0.0063200778992274585,22.403059878659985,0.0055810667608618865,2.3194312124027974,25.01340189873418,0.5584058636524196,0.4008438818565401,0.91489252814739,0.004006291142237885,0.10749923766863295,0.6169488258537056,0.0024920349515788146,8.522086253369272,0.12569081038783195,1.4081632653061225,-0.8843461006563772,-0.2166051995668133,-0.20150091407940846,5.207729468599034,1.2334975369458128,2.65,-0.5489560795121675,0.07895865720472843,-0.19399411471698172,Agricultural Inputs,Basic Materials,MOS
2020Q1,2020,Q1,2020-05-05,2020-03-31,-203000000.0,1798100000.0,-52000000.0,-0.49,41400000.0,0.0230243034,18975500000.0,8386200000.0,4221100000.0,3269000000.0,10415600000.0,1930900000.0,9718700000.0,4098616000.0,8790216000.0,22.138859556494193,1.291251147139798,0.30359147321546204,0.6869380649161718,-0.002106616225890027,22.138859556494193,-0.024206434380291433,2.2794149379901008,-5.047556650246305,0.4887333953399633,-0.09310344827586207,0.909783002744834,0.00461131269677374,0.09475903138257226,0.6459773631079841,-0.010698005322652894,-55.687717391304346,0.02302430343139981,0.7991803278688525,-1.6653339331947348,-0.1878170496459125,-0.20499768473176794,-0.48698884758364314,0.7806116935048093,0.3619631901840491,-207.70438812624667,0.05428341140051397,-0.19353236665164367,Agricultural Inputs,Basic Materials,MOS
2019Q4,2019,Q4,2020-02-20,2019-12-31,-925300000.0,2076300000.0,-81500000.0,-2.44,80700000.0,0.0388672157,19298500000.0,9185500000.0,3718200000.0,2591700000.0,9930900000.0,2076400000.0,9921500000.0,8197232000.0,12486532000.0,24.24894403379092,1.434656788980206,0.24915926108246755,0.5234772195307822,-0.00437788684303295,24.24894403379092,-0.10073485384573512,3.9479998073496123,-2.2147498108721497,0.8924099940123019,-0.02053388090349076,0.9610864958582161,0.002317855588325425,0.10758867269476903,0.5797353088706254,-0.04794673161126512,-129.09026771653544,0.03886721572027164,-54.20361990950226,-3.532783403384654,-0.1381527081808569,-0.1526655764556246,-0.7116827438370846,-19.98185941043084,-1.5842293906810037,-50.77739526288648,0.03172785469415013,-0.11323843625777627,Agricultural Inputs,Basic Materials,MOS
2019Q3,2019,Q3,2019-11-05,2019-09-30,-44100000.0,2753400000.0,139500000.0,-0.0442,279900000.0,0.1016561342,20440100000.0,10100400000.0,4125300000.0,2724500000.0,10128900000.0,2294300000.0,10880700000.0,7892500000.0,12130700000.0,26.234805194805194,1.514149385208295,0.23871213937309504,0.4830798780246327,-0.0029898870333308304,26.234805194805194,-0.004366163716288464,2.866456018014092,-44.742063492063494,0.7814046968436894,-0.4376417233560091,1.0781066120385303,0.0024453595185302502,0.13470579889530873,0.6160763442833548,-0.0021575236911756794,48.213194868662185,0.10165613423403792,0.9224561403508772,-1.2121842496285289,0.18839979942747975,-0.10350153108773796,0.2319542253521127,0.8108108108108109,0.06569900687547746,-2.0230194805194808,0.28255613047949896,-0.0662716867749044,Agricultural Inputs,Basic Materials,MOS
2019Q2,2019,Q2,2019-08-06,2019-06-30,-233100000.0,2176900000.0,130900000.0,-0.57,227200000.0,0.1043685975,20643900000.0,10473000000.0,4228800000.0,2526900000.0,9961600000.0,2713900000.0,10944200000.0,9749166000.0,14269466000.0,27.146189735614307,1.6735130001187226,0.23843362930454032,0.4699894968012986,0.006772592299643795,27.146189735614307,-0.0222572328845603,4.478462951904084,-10.45599099099099,0.9308857061014036,-0.0827970827970828,0.7184126165297173,0.001979656516259955,0.10545003608814225,0.5342118801693775,-0.011291471088311801,61.97816910362365,0.10436859754697046,-2.6764705882352935,-1.9101903817401824,-0.13472408269146874,-0.09672821214248095,-0.26591276252019386,-2.782110091743119,-0.35230084116773874,-19.72047388162108,0.17865030882238495,-0.04639252342228784,Agricultural Inputs,Basic Materials,MOS
2019Q1,2019,Q1,2019-05-07,2019-03-31,130800000.0,1899700000.0,202100000.0,0.34,309500000.0,0.1629204611,20445300000.0,10601200000.0,4146300000.0,2397200000.0,9637800000.0,2572100000.0,11196800000.0,10732320000.0,15336620000.0,27.499870298313876,1.7296429167361922,0.24401207123397553,0.47059766818850696,0.009393487338949852,27.499870298313876,0.012338225861223257,5.649481497078486,20.512844036697246,1.0123684111232691,0.07339449541284404,0.618249679250418,0.0008944943870477214,0.09291622035382215,0.5912314366761221,0.006397558363046764,-21.92954638332652,0.16292046112544087,0.17241379310344845,-0.41000867659555434,-0.061662252943494214,-0.03986679220273557,-0.3361218361218361,0.1647373107747106,-0.21666666666666667,-0.5358413033201207,0.034149524194710554,-0.033620314921008296,Agricultural Inputs,Basic Materials,MOS
2018Q4,2018,Q4,2019-03-13,2018-12-31,112300000.0,2520500000.0,258000000.0,0.29,466200000.0,0.1849633009,20119200000.0,10397300000.0,4237000000.0,2483700000.0,9514500000.0,2270200000.0,11064700000.0,11260455000.0,14941755000.0,26.97094682230869,1.705922615452752,0.22510835420891487,0.43559385609725604,0.013394925917702026,26.97094682230869,0.01080088099795139,4.4675481055346165,25.067798308103292,1.0830172256258837,0.0854853072128228,0.9048982468504978,0.0008525410385281945,0.12527834108712077,0.7389781374562145,0.005581732872082389,-80.95222861250899,0.1849633009323547,-0.546875,-0.6979486133929667,0.028045903905587814,-0.05755023203151888,-0.0591321897073663,-0.5462626262626262,-0.34401220442410374,-0.3397600100414208,0.06180262559574517,-0.005970161073769673,Agricultural Inputs,Basic Materials,MOS
2018Q3,2018,Q3,2018-11-06,2018-09-30,247500000.0,2928100000.0,393300000.0,0.64,495500000.0,0.1692223626,20414700000.0,10441600000.0,4178000000.0,2502400000.0,9761400000.0,1957100000.0,10971700000.0,12671384999.999998,16251484999.999998,27.08586251621271,1.6695971867007673,0.2258176706001068,0.4415032178976402,0.019220047659518857,27.08586251621271,0.023703263867606496,4.327511013968102,12.799378787878785,1.2135482110021452,0.039191919191919194,1.2429615247049206,0.0007655043233237725,0.14343095906381187,0.8260070332480819,0.012123616805537186,44.806877652050915,0.16922236262422732,2.555555555555556,1.198052597995671,0.6948508627672987,-0.14754970621647032,0.6819416157501698,2.6450662739322532,1.0035659704533877,0.42168044747081723,0.27813706366594065,-0.0018492152840911115,Agricultural Inputs,Basic Materials,MOS
2018Q2,2018,Q2,2018-08-07,2018-06-30,67900000.0,2205000000.0,196300000.0,0.18,294600000.0,0.1336054422,20398000000.0,10196400000.0,4170400000.0,2594900000.0,9982300000.0,2168300000.0,10734100000.0,10810470000.0,14793070000.0,26.456668396471198,1.6071524914254884,0.24599960780468674,0.4921246714526696,0.012221327590831822,26.456668396471198,0.0066592130555882464,4.902707482993197,39.802908689248895,1.0602241967753325,0.14138438880706922,0.8810588940644745,0.000888027995082545,0.10809883321894304,0.7064626767890863,0.00332875772134523,17.842003630962203,0.13360544217687076,0.6363636363636362,-0.8456046374758325,-0.09507486710729456,-0.1608666020212684,0.21685254027261464,0.6052009456264775,1.432465923172243,-0.837035208032245,-0.1689985996406527,-0.05702052998529676,Agricultural Inputs,Basic Materials,MOS
2018Q1,2018,Q1,2018-05-09,2018-03-31,42300000.0,1933700000.0,80700000.0,0.11,242100000.0,0.125200393,20452300000.0,10455000000.0,3841400000.0,2220500000.0,9772600000.0,2059000000.0,10675600000.0,9289528000.0,13775828000.0,27.326189231573444,1.7299707273136682,0.25159517511477925,0.4921759923481588,-0.034538686873518,27.326189231573444,0.004045911047345767,4.804017169157573,54.90264775413712,0.8885249163079867,0.22695035460992907,0.8215638659543467,0.0010334217195965177,0.09454682358463351,0.7149741049313217,0.0020682270453689804,-31.564825008494733,0.1252003930289083,1.097345132743363,-0.8077538439353246,-0.03762866549710508,-0.04593071024795509,-0.13566583363084614,1.0981438515081205,-0.36506687647521635,-0.8627384155116637,-0.13524291437475977,-0.018721644124342057,Agricultural Inputs,Basic Materials,MOS
2017Q4,2017,Q4,2018-02-21,2017-12-31,-431000000.0,2091900000.0,127100000.0,-1.13,280100000.0,0.1338974138,18633400000.0,9617500000.0,4616500000.0,2031100000.0,8994300000.0,1547200000.0,10631100000.0,9817516000.0,12891716000.0,25.137219027705175,2.272906306927281,0.2805553468502796,0.5435612165323629,-0.06233257396512186,25.137219027705175,-0.04481414088900442,4.693109613270233,-5.694614849187936,1.0207970886404991,-0.020417633410672854,1.1710186142709411,0.0008963570825858598,0.11226614573829789,1.4462114125350796,-0.023130507583157125,54.24041988950276,0.1338974138343133,-2.738461538461538,-2.1680401310630386,-0.14030155363807859,-0.1216264524893035,0.16320598006644518,-2.8945054945054944,-0.4057971014492754,-2.1680401310630386,-0.14030155363807859,-0.1216264524893035,Agricultural Inputs,Basic Materials,MOS
2017Q3,2017,Q3,2017-11-03,2017-09-30,227500000.0,1984800000.0,213900000.0,0.65,240800000.0,0.1213220476,17803100000.0,10114200000.0,3375500000.0,1897800000.0,7647600000.0,1666200000.0,11079800000.0,7580249000.0,10809649000.0,28.807177442324125,1.7786384234376647,0.21991113907128534,0.38708943861106165,0.014116328487177253,28.807177442324125,0.022493128472840164,3.819150040306328,8.329943956043955,0.7494659982994206,0.23164835164835165,1.046693074060737,0.00695227821671821,0.11148620184125237,0.7990304563178418,0.01277867337710848,-122.06520128824477,0.12132204756146715,1.3214285714285714,-0.35792154725112385,-0.039802835255099735,-0.024274501551541428,0.25221008840353615,1.3381294964028776,1.2610993657505285,0.20028907943604418,-0.060623020576895156,-0.0155981613371687,Agricultural Inputs,Basic Materials,MOS
2017Q2,2017,Q2,2017-08-01,2017-06-30,97300000.0,1754600000.0,94600000.0,0.28,192300000.0,0.1095976291,17444400000.0,9756100000.0,3337200000.0,1872000000.0,7649800000.0,1683500000.0,10905400000.0,8013329999.999999,11260230000.0,27.795156695156695,1.7826923076923078,0.22399738598060123,0.40051864987033753,0.009201106069897547,27.795156695156695,0.009973247506688123,4.567040921007637,20.589234326824254,0.8213661196584701,0.5416238437821171,0.928007128007128,0.006576541837163826,0.10058242186604296,0.7550747863247863,0.00557772121712412,107.85100942126513,0.10959762908925111,97.55172413793106,-0.7675068350678387,-0.24592553856638744,-0.013108811754688376,0.4837962962962963,109.11111111111111,2.142857142857143,-0.5824024755586753,-0.23343432454161087,-0.07513425912309062,Agricultural Inputs,Basic Materials,MOS
2017Q1,2017,Q1,2017-05-03,2017-03-31,-900000.0,1578100000.0,30100000.0,-0.0029,129600000.0,0.0821240733,17096400000.0,9621800000.0,3216200000.0,1633400000.0,7435900000.0,1533700000.0,10861000000.0,10227590000.0,13503890000.0,27.451640513552068,1.9690216725847924,0.23113637958868533,0.4106923860400341,-0.00025489340290144925,27.451640513552068,-9.353759171880522e-05,6.4809517774539005,-2840.9972222222223,1.0629601529859278,-107.11111111111111,0.9444480667666427,0.00942548537827582,0.09230598254603309,0.9024733684339414,-5.264266161297115e-05,-131.46002570694088,0.08212407325264559,-1.0590631364562118,-1.0031720707421534,-0.14456736229329253,-0.10959851221224913,-0.3705682370082564,-1.052325581395349,-0.5910326086956522,-1.004464951547051,-0.14267587581128624,-0.04155069170671127,Agricultural Inputs,Basic Materials,MOS
2016Q4,2016,Q4,2017-02-15,2016-12-31,17200000.0,1862100000.0,73600000.0,0.0491,205900000.0,0.110574083,16840700000.0,9584600000.0,3057700000.0,1476800000.0,7218200000.0,1391100000.0,10863400000.0,10280165000.0,13425265000.0,27.345506419400856,2.0704902491874324,0.22672454232900058,0.3983682156793189,0.008072812442048721,27.345506419400856,0.0017945454166058052,5.520737339562859,149.42100290697672,1.072571103645431,5.598837209302325,1.1905686147652936,0.009367553925447695,0.11057141330229742,1.0013542795232937,0.0010213352176572234,91.95138640429339,0.11057408302454218,-0.5536363636363637,-0.9667775587764481,-0.1082664023512999,-0.1101799300786596,-0.034692920768870136,-0.5612244897959183,0.05595408895265423,-0.9491177995552317,-0.1646563695087666,-0.04446194085303134,Agricultural Inputs,Basic Materials,MOS
2016Q3,2016,Q3,2016-11-01,2016-09-30,39200000.0,1952200000.0,69700000.0,0.11,213300000.0,0.1092613462,17263200000.0,9836700000.0,3449200000.0,1939400000.0,7388900000.0,1500100000.0,11045400000.0,8563446000.0,11786646000.0,28.096829477292204,1.7784881922243994,0.22456439130636266,0.3941057468459951,0.01752057598164326,28.096829477292204,0.003985076295912247,4.38656182768159,54.61381377551021,0.8705608588246058,2.4591836734693877,1.159189387374175,0.011257150450881572,0.11308448028175541,0.7834381767556976,0.0022707261689605637,-85.12371769383698,0.1092613461735478,4.767123287671232,-0.9049336256995556,-0.19232780237194344,0.026996124188399088,0.38506493506493505,4.8431372549019605,3.1,-0.6166625796396253,0.24423428511851672,-0.11573240364905857,Agricultural Inputs,Basic Materials,MOS
2016Q2,2016,Q2,2016-08-02,2016-06-30,-10200000.0,1674600000.0,17000000.0,-0.0292,154000000.0,0.0919622596,17684800000.0,9957700000.0,3792500000.0,1902700000.0,7690600000.0,1702100000.0,11103000000.0,9157764000.0,11967364000.0,28.466838193253288,1.993220160824092,0.21876979100696645,0.38853349669100296,-0.0004439912117866207,28.466838193253288,-0.0010243329282866526,5.4686277319957,-224.45499999999998,0.9196665896743224,-9.431372549019608,0.8933670172140298,0.010504747665478167,0.09469148647426039,0.9580595995164766,-0.0005767664887360897,24.004623853211008,0.09196225964409412,-1.04,-1.0200595217335704,-0.2525481328643836,0.09205692835236726,-0.3493874102239121,-1.0397196261682242,-0.8959608323133414,-1.0255538625358611,-0.24280620133469874,-0.09710949599377788,Agricultural Inputs,Basic Materials,MOS
2016Q1,2016,Q1,2016-05-04,2016-03-31,256800000.0,1674000000.0,163400000.0,0.73,236700000.0,0.1413978495,17627100000.0,9996800000.0,3957100000.0,1814300000.0,7596100000.0,1566000000.0,11206100000.0,9485100000.0,12285200000.0,28.45658980927982,2.1810615664443587,0.2188561930209734,0.3859034891165173,0.01329363065785815,28.45658980927982,0.025688220230473752,5.666129032258064,9.23393691588785,0.9488136203585147,0.37461059190031154,0.917816091954023,0.010142223065650336,0.09496740813860476,1.1762663286115858,0.014568476947427541,313.03960396039605,0.14139784946236558,0.6590909090909091,0.13782303959294367,-0.07417300449373201,0.024937414157061282,-0.3341772151898734,0.6567741935483871,-0.20019579050416056,0.27109828518703927,-0.09264789558629169,-0.006463792004502542,Agricultural Inputs,Basic Materials,MOS
2015Q4,2015,Q4,2016-02-19,2015-12-31,155000000.0,2163200000.0,204300000.0,0.44,355500000.0,0.1643398669,17412400000.0,9531800000.0,4144700000.0,2048300000.0,7847400000.0,1563500000.0,11014800000.0,9692367000.0,12275667000.0,27.132934813549674,2.023482888248792,0.22165812868989915,0.40491827356847604,0.016795662230435993,27.132934813549674,0.016261356721710484,4.480569064349113,15.63285,1.016845401707967,0.6251612903225806,1.1561880396546211,0.009997557872086355,0.12423330500103374,1.1601327930478933,0.008901702235188717,-865.3899107142857,0.16433986686390534,-0.02222222222222224,-0.6862793323141189,-0.094269640942674,0.0646581265942714,0.06024455711303311,-0.03125,-0.16951219512195123,-0.5425127359735014,-0.03179189886747312,-0.051889861790735535,Agricultural Inputs,Basic Materials,MOS
2015Q3,2015,Q3,2015-11-03,2015-09-30,160000000.0,2105500000.0,246000000.0,0.45,335300000.0,0.1592495844,17117900000.0,9614300000.0,4263000000.0,1871500000.0,7490900000.0,1549500000.0,11058500000.0,11022273000.0,13535673000.0,27.13604290149591,2.2778519903820467,0.22189053563813319,0.395067763643739,0.017264590365882036,27.13604290149591,0.016641877203748583,5.234990738541914,17.2223015625,1.1464457110762094,0.614375,1.14243304291707,0.008918305688853833,0.1229999006887527,1.270531659096981,0.009346940921491537,299.51828804347826,0.15924958442175255,-0.5833333333333334,-0.3243524467526035,0.20956008198425846,0.33836729249407876,-0.4484290179305807,-0.590373783922171,-0.5176470588235295,-0.5525068882257123,0.009389054063270112,-0.08087735985269456,Agricultural Inputs,Basic Materials,MOS
2015Q2,2015,Q2,2015-08-04,2015-06-30,390600000.0,2487500000.0,510000000.0,1.08,607900000.0,0.2443819095,17776900000.0,10136800000.0,5100100000.0,1883000000.0,7625100000.0,1612200000.0,11065400000.0,16926905000.0,18562905000.0,28.05646277331857,2.7084970791290495,0.21634255691374762,0.37939981059111355,0.030750741110388363,28.05646277331857,0.03853287033383316,6.804785929648241,10.833912570404506,1.669846993133928,0.2511520737327189,1.1658603150973825,0.005795507211743671,0.1399287839837092,1.6878916622411047,0.0219723348840349,47.587587854933936,0.2443819095477387,0.35000000000000003,-0.19491694175202742,0.6483990458996858,0.43270602820803133,0.45014312977099236,0.324966078697422,0.6012558869701727,-0.09328929510573791,0.038576166054321515,-0.003830912414123331,Agricultural Inputs,Basic Materials,MOS
2015Q1,2015,Q1,2015-04-30,2015-03-31,294800000.0,2139100000.0,318500000.0,0.8,419200000.0,0.1959702679,17631900000.0,10192200000.0,5251600000.0,1620700000.0,7425200000.0,1523000000.0,11258500000.0,16857960000.0,18167160000.0,27.847540983606557,3.2403282532239155,0.2170270929395017,0.37544396695512255,0.020584540333345183,27.847540983606557,0.028924079197817937,7.880865784675798,14.296099050203528,1.6540060045917468,0.3100407055630936,1.1292843072882468,0.0054217710802493295,0.12131988044396803,2.124575800579996,0.01671969555181234,39.572676056338025,0.19597026786966482,-0.1666666666666666,-0.33687733293818906,0.17798681397542912,0.1315583099025444,-0.27611811431531685,-0.18270030496257278,-0.12643993417443775,-0.00497321674928402,0.11042523006864376,-0.09675737190304384,Agricultural Inputs,Basic Materials,MOS
2014Q4,2014,Q4,2015-02-17,2014-12-31,360700000.0,2378600000.0,364600000.0,0.96,579100000.0,0.243462541,18283000000.0,10703100000.0,5364200000.0,1600400000.0,7562400000.0,1718300000.0,11168900000.0,17073100000.0,18531000000.0,28.617914438502673,3.351787053236691,0.20962095936115518,0.35807382907755697,0.023306623789558664,28.617914438502673,0.033700516672739676,7.1777936601362144,11.833310230108122,1.595154674813839,0.26032714166897697,1.0472560088459524,0.005499879928073988,0.13009899907017447,2.1124718820294928,0.0197287097303506,131.33153846153846,0.2434625409904986,0.7777777777777776,-0.5805031044824681,0.06069548705325775,0.24657770876616444,0.39643115505184473,0.7865279841505696,0.3148214929679048,-0.34707145262685224,0.06750511418193963,-0.06877589918741306,Agricultural Inputs,Basic Materials,MOS
2014Q3,2014,Q3,2014-10-30,2014-09-30,201900000.0,2250700000.0,277300000.0,0.54,414700000.0,0.1842537877,18455500000.0,10944600000.0,5658500000.0,1549600000.0,7493000000.0,1471500000.0,11153200000.0,16609339999.999998,17454340000.0,29.263636363636362,3.651587506453278,0.20674595648993524,0.3486285474115089,0.013664478985829046,29.263636363636362,0.01844745353873143,7.379633003065712,20.566295195641406,1.517583100341721,0.4645864289252105,1.2477064220183487,0.005647424882626282,0.12195280539676519,2.4586990191017035,0.010939828235485357,55.32758161225849,0.18425378771049006,-0.15624999999999997,1.3875182910690935,0.8374131389377988,0.5157417422196303,-0.20418345806946844,-0.18719806763285024,-0.31225198412698413,-0.5416495191232387,-0.12833633177592382,0.06964528326594742,Agricultural Inputs,Basic Materials,MOS
2014Q2,2014,Q2,2014-07-31,2014-06-30,248400000.0,2440200000.0,403200000.0,0.64,521100000.0,0.2135480698,18293500000.0,11245900000.0,5188400000.0,1922300000.0,7028900000.0,1579600000.0,11069200000.0,18504190000.0,19163390000.0,30.05318011758418,2.699058419601519,0.16542487768879657,0.2690936252323069,0.021236959326591285,30.05318011758418,0.022088049867062663,7.583062863699697,18.623379629629632,1.645416551809993,0.3828502415458937,1.2149278298303368,0.0051393765412049925,0.13339164183999783,1.6477136763252354,0.013578593489490802,31.7777606044994,0.21354806983034177,0.18518518518518512,1.0105088260537842,0.8207467492604661,0.574378975778808,0.2660349854227405,0.14206896551724138,0.9563318777292577,-0.5433452116208972,0.01815427473076207,0.152912850511364,Agricultural Inputs,Basic Materials,MOS
2014Q1,2014,Q1,2014-05-06,2014-03-31,217500000.0,1986200000.0,206100000.0,0.54,411600000.0,0.2072298862,18112300000.0,10832300000.0,5355400000.0,2163300000.0,7261200000.0,1606600000.0,10916700000.0,18910000000.0,19470100000.0,28.64172395557906,2.4755697314288354,0.1684380227800997,0.28163917173638103,0.015022118361790338,28.64172395557906,0.020078838289190663,9.520692780183264,21.735632183908045,1.7457049749360707,0.45839080459770115,0.9800821610855223,0.005272342675832892,0.10966028610391833,1.5388989044515324,0.012008414171585055,53.70633342800341,0.2072298862148827,0.0,0.15018508725542046,0.3500000870222923,0.5063016673979419,0.0,0.0,0.0,-0.10485046447410197,0.020361325005684914,0.03160549752375621,Agricultural Inputs,Basic Materials,MOS
2013Q3,2013,Q3,2013-11-05,2013-09-30,124400000.0,1908700000.0,270800000.0,0.29,386900000.0,0.2027034107,17656600000.0,13532600000.0,6291300000.0,1302300000.0,4105500000.0,1495000000.0,11707600000.0,18322218000.0,16010418000.0,31.774125381544962,4.83091453582124,0.05815389146268251,0.07587603269142663,0.019651576788543186,31.774125381544962,0.00919261634866914,9.599317860323781,36.82117765273312,1.353931838671061,0.8585209003215434,1.0179264214046824,0.005828988608256926,0.10810121994041888,3.3611303079167625,0.0070455240533285005,-48.535676821192055,0.2027034106983811,-0.7456140350877193,-0.8905073101469264,-0.5395570744550614,0.8403027090188867,-0.49661722612542286,-0.7439802428483226,-0.5637183824714033,-0.5629973019257053,-0.08783503877700388,0.5671205382683652,Agricultural Inputs,Basic Materials,MOS
2013Q2,2013,Q2,2013-07-17,2013-05-31,485900000.0,2692200000.0,620700000.0,1.14,768600000.0,0.2854914197,18086000000.0,13425400000.0,6880500000.0,1764900000.0,4643100000.0,1557300000.0,11603400000.0,25898195352.98,23280295352.98,31.528560846462412,3.898521162672106,0.05967046334181134,0.08038494197565808,0.03274482518871427,31.528560846462412,0.03619259016491129,9.619714491115072,13.324858691592919,1.9290445985207145,0.21938670508335048,1.2352147948372183,0.004116116916530015,0.14885546831803606,2.899597710918466,0.02686608426407166,51.10141150943173,0.28549141965678626,0.4074074074074072,-0.41244911897582043,-0.19006764958641442,1.0801393320528223,0.3522167487684729,0.410040626813697,0.48103078024337864,-0.1502322935145929,0.5137406020704113,0.6100090574642129,Agricultural Inputs,Basic Materials,MOS
2013Q1,2013,Q1,2013-03-28,2013-02-28,344600000.0,2240600000.0,419100000.0,0.81,568400000.0,0.2536820495,17322100000.0,13124600000.0,6342000000.0,1536600000.0,4178500000.0,1569400000.0,11224100000.0,24920478000.0,22670378000.0,30.830631900399343,4.127294025771183,0.06192089873629641,0.08172439541014584,0.022448374997299368,30.830631900399343,0.026256038279261845,11.122234222975989,18.079278874056875,1.8987609527147493,0.3096343586767266,1.065502739900599,0.004281619317253867,0.12934921285525428,2.9155928673695173,0.019893661853932258,-933.3512359550562,0.2536820494510399,-0.44897959183673464,-0.3109696074812353,0.08664056693507703,1.342041798863361,-0.15904719633081818,-0.45197201017811706,-0.251072194424589,0.618980502701433,0.3529851343571188,0.6214188891188485,Agricultural Inputs,Basic Materials,MOS
2012Q4,2012,Q4,2013-01-04,2012-11-30,628800000.0,2536200000.0,559600000.0,1.47,675900000.0,0.2665010646,17440700000.0,13082400000.0,6533100000.0,1647400000.0,4339900000.0,1518500000.0,10986200000.0,23013342000.0,20625142000.0,30.731501057082454,3.965703532839626,0.05920060548028462,0.078922827615728,0.04530149314994087,30.731501057082454,0.048064575307283065,9.073946061036196,9.149706583969467,1.7591070445789763,0.1696882951653944,1.2250905498847546,0.004636440895894217,0.1454184751758817,2.666383392011655,0.036053598766104575,-323.67569620253164,0.26650106458481193,0.4554455445544554,0.6581720880150816,0.20028154197484996,1.6189366134655536,-0.09554395824969891,0.46436888681881694,-0.08292363159619796,5.091995591240532,0.5492781456781669,0.6609400901970363,Agricultural Inputs,Basic Materials,MOS
2012Q3,2012,Q3,2012-10-02,2012-08-31,429400000.0,2505100000.0,610200000.0,1.01,747300000.0,0.2983114447,17070100000.0,12562400000.0,6540900000.0,1676100000.0,4490300000.0,1484400000.0,10464100000.0,24640705000.0,22075005000.0,29.52385428907168,3.9024521209951675,0.06028670013649598,0.08191906005221933,0.032401724372572265,29.52385428907168,0.034181366617843725,9.836216119117001,14.346008965999067,1.9614647678787493,0.24825337680484397,1.1841821611425492,0.004326174920725685,0.1467536804119484,2.5814688861046475,0.02515509575222172,-224.4144353369763,0.29831144465290804,-0.15126050420168063,0.45808751040943474,0.29721463697707234,1.865271818125025,-0.10374190453346126,-0.15355805243445692,-0.09033989266547406,3.4631806587735636,0.7975720693429409,0.5292200115213301,Agricultural Inputs,Basic Materials,MOS
2012Q2,2012,Q2,2012-07-17,2012-05-31,507300000.0,2820500000.0,670800000.0,1.19,833800000.0,0.2956213437,16690400000.0,11983100000.0,6581100000.0,1917700000.0,4691000000.0,1237600000.0,10141300000.0,20286427575.36,17528427575.36,28.164357961870515,3.4317672211503365,0.0630901596127115,0.08787375553905083,0.03737379529682647,28.164357961870515,0.042334621258272066,7.192493378961177,9.99725388101715,1.6929198267026062,0.10526315789473684,1.6052844214608921,0.002632301808764985,0.16898935915256674,2.4907962663607446,0.03039471792167953,25.998241157708573,0.2956213437333806,0.8593749999999999,1.597696576551925,0.7371762052445237,1.9713300041515445,0.5979302414718283,0.8562019758507134,0.621464829586657,2.611218028162137,0.8509073481046306,0.4754303161259526,Agricultural Inputs,Basic Materials,MOS
2012Q1,2012,Q1,2012-03-29,2012-02-29,273300000.0,2189500000.0,413700000.0,0.64,521800000.0,0.238319251,15936700000.0,11810900000.0,5930400000.0,1614800000.0,4106400000.0,1327300000.0,9687400000.0,24566850000.0,22458250000.0,27.764221908791725,3.6725291057716127,0.06860265927073987,0.09256703553497193,0.02419589092943415,27.764221908791725,0.02313964219492164,11.220301438684631,22.472420417124038,2.080015070824408,0.0783022319795097,1.2564604836886912,0.0008710925495128598,0.13738728845996975,2.3892742135248946,0.017149096111491086,-3365.321917808219,0.2383192509705412,-0.5428571428571428,5.690962172207034,0.7690401029871774,2.3555274381724085,-0.4078529278256922,-0.5617382937780628,-0.4809284818067754,3.8555549159014806,0.662880036613604,0.5869554870502568,Agricultural Inputs,Basic Materials,MOS
2011Q4,2011,Q4,2012-01-04,2011-11-30,623600000.0,3014500000.0,797000000.0,1.4,881200000.0,0.2923204512,15802300000.0,11300100000.0,6359400000.0,2098700000.0,4482100000.0,1206700000.0,9435500000.0,23393784000.0,21316884000.0,25.485115020297698,3.0301615285653023,0.0981312846864064,0.13722887408076034,0.04529293007318052,25.485115020297698,0.055185352342014674,7.7604193066843585,9.37852148813342,2.070228051079194,0.035760102629890954,1.7678793403497142,0.0009532446738843105,0.19076336988919335,2.166484013913375,0.0394626098732463,179.1254517611026,0.2923204511527617,0.19658119658119658,8.34971249203458,0.9569431083545675,2.0605051644396872,0.038905918415468047,0.18555133079847907,0.09237938596491228,-0.3489625291241043,0.004696072357433857,0.44191073292561467,Agricultural Inputs,Basic Materials,MOS
2011Q3,2011,Q3,2011-09-29,2011-08-31,526000000.0,3083300000.0,729600000.0,1.17,848200000.0,0.2750948659,16180800000.0,12218200000.0,6757800000.0,1783900000.0,3942100000.0,1402000000.0,8834200000.0,31766657999.999996,28553757999.999996,27.358262427227945,3.7882168282975504,0.050992534361712645,0.06753040546070616,0.04021437116691437,27.358262427227945,0.0430505311748048,10.30281127363539,15.098221482889732,2.599945818533008,0.04258555133079848,1.5942225392296718,0.0007051418503010295,0.1905530010877089,2.703402657099613,0.03250766340354,195.00710865561692,0.2750948658904421,-0.1931034482758621,3.532861949818609,1.2475579714189378,2.1495900239364754,-0.1477090032154341,-0.1897720271102896,-0.11552915504909686,-0.5584911533078245,-0.2906789710160205,0.584543519429807,Agricultural Inputs,Basic Materials,MOS
2011Q2,2011,Q2,2011-07-19,2011-05-31,649200000.0,2860400000.0,824900000.0,1.45,995200000.0,0.3479233674,15786900000.0,11641600000.0,6684900000.0,1928500000.0,4125000000.0,1266400000.0,8330600000.0,31641609999.999996,28568109999.999996,26.06717420510524,3.466372828623282,0.05275893303941876,0.07154514843320506,0.05142852029995876,26.06717420510524,0.05576553051126993,11.061952873723953,12.18484673444239,2.717977769378779,0.03434996919285274,1.472836386607707,0.0007047681834141816,0.18118820034332264,2.5371013741249677,0.041122703000589095,52.127858319604606,0.3479233673612082,0.19834710743801653,4.044463756671307,1.0178963046871938,2.0970826948684853,0.16588566073102157,0.1975650249031544,0.07018681888946549,-0.25151782550283297,-0.17951137720509966,0.719816981294158,Agricultural Inputs,Basic Materials,MOS
2011Q1,2011,Q1,2011-03-31,2011-02-28,542100000.0,2214300000.0,770800000.0,1.21,853600000.0,0.3854942871,14699100000.0,10983400000.0,5693600000.0,1534500000.0,3689500000.0,1133600000.0,7703700000.0,38314854107.4,35849454107.4,24.609903652251848,3.710394265232975,0.06032342116183984,0.080730921208369,0.049133432774476564,24.609903652251848,0.0493563013274578,17.303370865465386,17.66964310431655,3.4884329176211373,0.04132078952222837,1.200335215243472,0.0005846296566133536,0.1506418760332265,2.7047898338220917,0.03687980896789599,705.614256121547,0.3854942871336314,-0.4716157205240175,7.339336128805096,0.7734032813302634,1.6038778212670828,0.1110243394507354,-0.4714313572542902,-0.4284443126204953,0.03390176370794784,0.02431800358503233,0.8694856208518823,Agricultural Inputs,Basic Materials,MOS
2010Q4,2010,Q4,2011-01-06,2010-11-30,1025600000.0,2674800000.0,1348600000.0,2.29,768300000.0,0.2872364289,14199400000.0,10241200000.0,5524300000.0,1770000000.0,3928600000.0,816900000.0,7184000000.0,30169741661.7,27819541661.7,22.957184487783007,3.1210734463276837,0.09220107891882756,0.1278365816505878,0.09162856789016233,22.957184487783007,0.10014451431472875,11.279251406348138,7.354168696787248,2.9459186093133622,0.02174336973478939,2.3338229893499816,0.0007391511750433544,0.18837415665450652,2.477627118644068,0.07222840401707115,125341677.0324055,0.2872364288918798,2.417910447761194,14.93023007478959,0.5302097857315691,1.4413949682704832,0.5222904695858926,2.44507893852872,2.28686327077748,1.5808722407509184,0.2079873065887779,0.9564098377577356,Agricultural Inputs,Basic Materials,MOS
2010Q3,2010,Q3,2010-10-12,2010-08-31,297700000.0,2188300000.0,410300000.0,0.67,504700000.0,0.2306356532,13071900000.0,9030700000.0,4754800000.0,1379100000.0,4013200000.0,1045300000.0,6180700000.0,26127164000.0,25097064000.0,20.275482712168838,3.4477557827568703,0.10194386431964748,0.1475633118141451,0.028869512589343983,20.275482712168838,0.032965329376460295,11.939479961614039,21.940849848841115,2.8931493682660254,0.07490762512596574,1.6106380943269876,0.0008535178177011481,0.16740489140828801,2.4126604307156843,0.02277404202908529,99.91267304015297,0.2306356532468126,-0.5,2.33754831842157,0.330138563445105,1.2270445804787138,-0.2659976730657359,-0.5022571476341748,-0.49351931860264164,-0.0342833121554615,0.08253758935834013,0.9677230704787223,Agricultural Inputs,Basic Materials,MOS
2010Q2,2010,Q2,2010-07-23,2010-05-31,598100000.0,1860300000.0,810100000.0,1.34,687600000.0,0.3696178036,12707700000.0,8722200000.0,4974800000.0,1303900000.0,3959300000.0,1002300000.0,5905300000.0,19869294445.399998,18690194445.399998,19.5828468792097,3.815323260986272,0.10575477859880231,0.1540780995620371,0.06531946779271712,19.5828468792097,0.06857214922840568,10.680693675966241,8.305172398177561,2.27801408422187,0.03728473499414814,1.1700089793475008,0.001122334769424223,0.14639155787435965,2.7828054298642533,0.04706595213925415,77.28235879190976,0.36961780358006774,4.583333333333334,4.392757086610228,0.08875841924342207,1.3028964791203812,0.4430220356768101,1.6868823000898472,2.6052514463729417,1.9256103080253073,0.09451034171093999,1.0659835589959517,Agricultural Inputs,Basic Materials,MOS
2010Q1,2010,Q1,2010-04-01,2010-02-28,222600000.0,1731900000.0,224700000.0,0.24,476500000.0,0.2751313586,12278200000.0,8465300000.0,4791300000.0,1226600000.0,3786000000.0,939600000.0,5531500000.0,26467140445.2,25534140445.2,19.01460017969452,3.9061633784444805,0.11066768744604258,0.16051409873247258,0.010519297371804525,19.01460017969452,0.026295583145310858,15.282141258271263,29.7250005,3.1265448885686276,2.6994609164420487,1.3361004682843762,0.022703623810216997,0.14105487775081038,2.680009783140388,0.01812969327751625,98.79485048600225,0.2751313586234771,0.4999999999999999,3.8698453608247423,0.28448415544164685,1.2722038350324307,0.5521172638436482,1.0649350649350648,0.8756260434056762,4.207345971563981,0.3370814719379962,1.2980659367457008,Agricultural Inputs,Basic Materials,MOS
2009Q4,2009,Q4,2010-01-06,2009-11-30,107800000.0,1709700000.0,119800000.0,0.16,307000000.0,0.1795636661,12696600000.0,8226200000.0,5011300000.0,1867800000.0,4443700000.0,969100000.0,5331300000.0,24208470444.6,22966770444.6,18.50247413405308,2.682996038119713,0.11076981239071877,0.17096593810021637,0.007248013884418159,18.50247413405308,0.013104471080207142,14.159484380066678,56.14209286781076,2.942849729474119,0.20964749536178107,1.4474254462903726,0.0009335575352321034,0.13465809744341004,1.7280222721918834,0.00849046201345242,-1532.1816737088607,0.17956366614025854,0.06666666666666674,4.143792651295451,0.08723900564467471,0.8129413990564923,0.38163816381638166,0.07157057654075547,0.13770180436847104,0.611896458394342,0.1069016990571041,1.2219604501325771,Agricultural Inputs,Basic Materials,MOS
2009Q3,2009,Q3,2009-10-06,2009-08-31,100600000.0,1457200000.0,105300000.0,0.15,222200000.0,0.1524842163,12478900000.0,8589800000.0,5002200000.0,1315300000.0,3864300000.0,1046700000.0,5824600000.0,21565175662.567997,20356475662.567997,19.306479163649023,3.8030867482703568,0.11138802298279496,0.16181983282497847,0.007090482775205916,19.306479163649023,0.01171156487927542,14.799050001762282,53.59139081155069,2.510556201840322,0.220675944333996,1.17989872933983,0.0010294374758344263,0.11677311301476893,2.3448642895156997,0.00806160799429437,-338.01215772050153,0.15248421630524292,-0.5454545454545455,1.389936622723658,-0.3836912339247965,3.236393142194985,0.08868201861832435,-0.3151803948264125,-0.9243045072244986,-0.1297911885244662,0.06623523278267782,1.2226372867396924,Agricultural Inputs,Basic Materials,MOS
2009Q2,2009,Q2,2009-07-24,2009-05-31,146900000.0,1593500000.0,1391100000.0,0.33,204100000.0,0.1280828365,12676200000.0,8493000000.0,5307800000.0,1621800000.0,4161000000.0,1125900000.0,5746200000.0,25124519622.567997,23813819622.567997,19.08891098010095,3.2727833271673448,0.10985153279373945,0.16395855410337926,-0.10730559139068696,19.08891098010095,0.017296597197692217,15.76687770478067,42.757861849162694,2.9582620537581534,0.15180394826412524,1.2340349942268407,0.0008875791591242651,0.12570801975355392,2.0352694536934273,0.011588646439784793,191.06098572295053,0.1280828365233762,1.5384615384615385,-0.11077474288004253,-0.4499475530595097,3.0397952939116846,0.4547398431931575,1.498299319727891,61.38116591928251,1.6915010441706921,0.1283995148777085,1.2679840705087655,Agricultural Inputs,Basic Materials,MOS
2009Q1,2009,Q1,2009-04-09,2009-02-28,58800000.0,1375500000.0,22300000.0,0.13,140300000.0,0.101999273,11773300000.0,7774900000.0,5219600000.0,1228800000.0,3978000000.0,1434700000.0,5621600000.0,19131419555.6,17990319555.6,17.495274527452747,4.247721354166667,0.11788538472645732,0.1785103345380648,0.0015313837784328103,17.495274527452747,0.0075627982353470785,13.908701966993819,81.34106953911565,2.460664388686671,0.37755102040816324,0.8609465393462048,0.001160394812077695,0.1168321541114216,2.5735677083333335,0.004994351626137107,-92.02222008465608,0.1019992729916394,-0.9395348837209303,0.652477204242163,-0.391241524871419,2.8355410097392113,-0.818663564689156,-0.9387372369243593,1.793594306049822,1.6905490549054905,0.10632946447831512,0.8511066911407732,Agricultural Inputs,Basic Materials,MOS
2008Q4,2008,Q4,2009-01-08,2008-11-30,959800000.0,3006500000.0,-28100000.0,2.15,773700000.0,0.2573424247,12427700000.0,7852800000.0,5970500000.0,1729900000.0,4553400000.0,1614200000.0,5585000000.0,11285220000.0,9887020000.0,17.674544226873735,3.451355569686109,0.11372981323977888,0.1799867563162184,-0.002043745129622074,17.674544226873735,0.12222392013039934,3.753607184433727,2.939471764951031,1.4370950488997554,0.023129818712231714,1.3832238879940528,0.001967174764869449,0.24191926100565672,2.1560205792242324,0.07723070238258085,69.10728720146969,0.25734242474638286,-0.18867924528301888,2.676787958114785,0.2859318328282881,2.853090917670157,-0.5306927089651826,-0.18983708955853804,-1.01814190715992,13.968583062222496,0.7269381299340822,0.8796095559944135,Agricultural Inputs,Basic Materials,MOS
2008Q3,2008,Q3,2008-10-09,2008-08-31,1184700000.0,4322500000.0,1548900000.0,2.65,1648600000.0,0.381399653,13010100000.0,7667700000.0,6177000000.0,2639800000.0,5316300000.0,1945100000.0,4647200000.0,47403233111.8,46703633111.8,17.26570592208962,2.339949996211834,0.11453409274333018,0.1943346766305411,0.11738028463296242,17.26570592208962,0.15450526233420714,10.966624201688838,10.003214550476914,6.182197153227174,0.018738921245885033,1.3746851061642076,0.0004683224865198866,0.3322418736212635,1.4304113948026365,0.09106002259782785,126.54360147303791,0.38139965297860035,0.36597938144329895,11.898411037237134,1.2541208593407922,2.611045800429747,0.28026714296808264,0.3735652173913043,0.3125158884840268,12.320684897418365,1.6350840111402667,0.8964528414828464,Agricultural Inputs,Basic Materials,MOS
2008Q2,2008,Q2,2008-07-29,2008-05-31,862500000.0,3466700000.0,1180100000.0,1.94,1287700000.0,0.3714483515,11819800000.0,6731200000.0,4809500000.0,2186100000.0,5065200000.0,1350900000.0,3485400000.0,55654612000.0,55245312000.0,15.156946633641072,2.200036594849275,0.13125433594477065,0.23047896363204184,0.09982956451969392,15.156946633641072,0.12813465652483955,16.054060634032364,16.1317715942029,8.268156049441407,0.0,1.6129987415796876,0.0,0.2932959948560889,1.372261104249577,0.0729707778473409,60.931259032187434,0.3714483514581591,0.6581196581196582,9.088531281426363,0.663529090251925,1.9451886823662745,0.7690616842972936,0.6561059907834101,0.822829780661106,6.799479107466628,1.0348586202454795,0.7824210775954444,Agricultural Inputs,Basic Materials,MOS
2008Q1,2008,Q1,2008-04-09,2008-02-29,520800000.0,2147200000.0,647400000.0,1.17,727900000.0,0.3389996274,10600600000.0,5835600000.0,3167200000.0,1811200000.0,4737300000.0,1037200000.0,2622900000.0,49339291329.9,49858391329.9,13.163997293029551,1.7486749116607774,0.15596287002622494,0.2833127698951265,0.0652976240397491,13.163997293029551,0.08924532181780793,22.978432996413936,23.684375638392858,8.454878903608884,0.0,1.3683956806787505,0.0,0.2025545723826953,1.012422703180212,0.049129294568231986,111.77909227435433,0.33899962742175854,0.3146067415730336,5.250865853389512,0.006283699998606885,2.749467319370473,0.16819130155673245,0.3218274111675127,0.22243202416918428,10.442433854804989,0.5993218185582792,0.5730693704262168,Agricultural Inputs,Basic Materials,MOS
2007Q4,2007,Q4,2008-01-09,2007-11-30,394000000.0,2195400000.0,529600000.0,0.89,623100000.0,0.283820716,9694100000.0,5190100000.0,2277800000.0,1444000000.0,4477700000.0,866700000.0,2102100000.0,30585045884.6,31630345884.6,11.7343432059688,1.5774238227146815,0.17407495280634613,0.32513824396447083,0.05984824305582113,11.7343432059688,0.075913758887112,13.931422922747563,19.406755002918782,5.8929588802913235,0.0,1.814122533748702,0.0,0.22646764526877172,0.8696675900277008,0.04064327787004467,66.00139379499352,0.2838207160426346,0.28985507246376824,4.086844174197907,0.18362754134854534,2.4361224552581606,0.19413568417018015,0.2896890343698854,0.17793594306049823,12.550050269144366,0.40336710319040336,0.14977469687066072,Agricultural Inputs,Basic Materials,MOS
2007Q3,2007,Q3,2007-10-10,2007-08-31,305500000.0,2003300000.0,449600000.0,0.69,521800000.0,0.2604702241,9313100000.0,4548200000.0,2170000000.0,1604300000.0,4741300000.0,817800000.0,1708100000.0,18547628000.0,20098528000.0,10.304032623470775,1.352614847597083,0.2351633720243528,0.4815311551822699,0.04974758236879011,10.304032623470775,0.06716942966448265,9.258537413268108,15.178091653027824,4.078015038916495,0.0003273322422258593,1.8115676204450966,5.391524997158666e-06,0.21510560393424316,0.733403976812317,0.03280325562916752,52.05621105809711,0.26047022413018517,0.49999999999999983,8.800704268684937,0.061949276041496235,1.2882333822112253,0.1437965804471723,0.5078973346495558,0.24958310172317955,2.1935892600842717,-0.14597061087001983,1.260999158521587,Agricultural Inputs,Basic Materials,MOS
2007Q2,2007,Q2,2007-08-09,2007-05-31,202600000.0,1684400000.0,359800000.0,0.46,456200000.0,0.2708382807,9163600000.0,4183900000.0,1955500000.0,1629700000.0,4957400000.0,787400000.0,1402600000.0,15506382441.4,17446282441.4,9.478704123244222,1.1999140946186415,0.2575952682351914,0.5641865245345252,0.03776226253812094,9.478704123244222,0.048423719496163864,9.205878913203515,19.134233022458044,3.706202930614977,0.0,1.5598171196342392,0.0,0.1838142214850059,0.5998650058292937,0.022109214719106027,102.01567395657895,0.270838280693422,3.5999999999999996,6.850854472539884,-0.2566408814196728,1.0228295950163646,3.033598585322723,3.800947867298578,9.52046783625731,0.23616680585193586,-0.4139361840143444,1.0059826539806507,Agricultural Inputs,Basic Materials,MOS
2007Q1,2007,Q1,2007-04-09,2007-02-28,42200000.0,1278700000.0,34200000.0,0.1,113100000.0,0.0884492062,8723100000.0,3636500000.0,1778800000.0,1141700000.0,5061900000.0,674800000.0,1200000000.0,11180880439.5,13293180439.5,8.274175199089875,1.5580275028466322,0.2948493081587968,0.7072734772446033,0.004676617960650021,8.274175199089875,0.01160456482881892,8.743943410886056,66.23744336196683,3.0746268223566613,0.0,1.7273266152934204,0.0,0.14658779562311564,0.8603836384339143,0.004837729706182435,130.61776214369158,0.08844920622507234,-0.1666666666666666,1.2904342055365945,-0.3309275521467753,0.7110223230915489,-0.2953271028037383,-0.3596358118361153,-0.6229327453142227,0.19918385517139028,-0.4277731105692215,0.813972009874884,Agricultural Inputs,Basic Materials,MOS
