Quarters,Year,Quarter,FillingDate,Date,NetIncome,Revenue,OperatingIncome,EPSDiluted,GrossProfit,GrossProfitRatio,TotalAssets,CommonStockEquity,CurrentAssets,CurrentLiability,TotalLiability,Inventory,RetainedEarnings,MarketCap,EnterpriseValue,bookValuePerShare,currentRatio,debtToAssets,debtToEquity,roic,shareholdersEquityPerShare,roe,priceToSalesRatio,peRatio,pbRatio,payoutRatio,inventoryTurnover,dividendYield,assetTurnover,quickRatio,returnOnAssets,priceToFreeCashFlowsRatio,grossProfitMargin,epsdilutedGrowth,fiveYNetIncomeGrowthPerShare,fiveYRevenueGrowthPerShare,fiveYShareholdersEquityGrowthPerShare,grossProfitGrowth,netIncomeGrowth,operatingIncomeGrowth,threeYNetIncomeGrowthPerShare,threeYRevenueGrowthPerShare,threeYShareholdersEquityGrowthPerShare,Industry,Sector,Symbol
2023Q1,2023,Q1,2023-05-03,2023-03-31,37600000.0,564900000.0,48300000.0,0.66,130000000.0,0.2301292264,6704500000.0,2715500000.0,569700000.0,464400000.0,3346800000.0,346900000.0,954200000.0,3688401000.0000005,5602201000.0,47.390924956369986,1.2267441860465116,0.289909762100082,0.7157797827287792,0.009943707733575126,47.390924956369986,0.013846437120235684,6.529298990971855,24.52394281914894,1.3582769287424048,1.0319148936170213,1.253675410781205,0.010519463583270907,0.08425684241927064,0.3234280792420327,0.005608173614736371,164.66075892857145,0.2301292264117543,0.0,-0.3412312219826849,0.4091633268144094,0.1569233575388086,0.16279069767441862,0.010752688172043012,0.4332344213649852,-0.48830610241143046,0.6357240790649846,0.07882119688447366,Utilities—Diversified,Utilities,ALE
2022Q4,2022,Q4,2023-02-16,2022-12-31,37200000.0,425800000.0,33700000.0,0.66,111800000.0,0.2625645843,6845600000.0,2691900000.0,718000000.0,716200000.0,3497300000.0,455900000.0,934800000.0,3619011000.0000005,5515911000.0,47.98395721925134,1.0025132644512706,0.2824149818861751,0.718191611872655,0.010642323891543444,47.98395721925134,0.013819235484230469,8.499321277595117,24.32131048387097,1.3444076674467849,1.0026881720430108,0.6887475323535863,0.010306683234729046,0.062200537571578826,0.2433677743647026,0.005434147481594017,50.54484636871509,0.2625645843118835,0.4042553191489363,-0.17993231548218763,0.15007076844028255,0.1878825111815436,0.0108499095840868,0.3880597014925373,0.008982035928143712,-0.31021422653568476,0.2882597556422437,0.11150615539911926,Utilities—Diversified,Utilities,ALE
2022Q3,2022,Q3,2022-11-09,2022-09-30,26800000.0,388300000.0,33400000.0,0.47,110600000.0,0.284831316,6858000000.0,2682600000.0,722200000.0,706000000.0,3504100000.0,472200000.0,929200000.0,2857855000.0,4791055000.0,46.98073555166375,1.0229461756373939,0.2880285797608632,0.7363378811600686,0.00977596278686147,46.98073555166375,0.009990307910236338,7.359915014164306,26.65909514925373,1.065330276597331,1.3843283582089552,0.5880982634476917,0.012981764295249412,0.05662000583260426,0.2303116147308782,0.003907844852726742,107.43815789473685,0.2848313159927891,0.27027027027027023,-0.46688301303928953,-0.04326106648952221,0.1729659338791066,0.22209944751381216,0.28846153846153844,0.07395498392282958,-0.2222596434505367,0.2194870224815681,0.10014676511505385,Utilities—Diversified,Utilities,ALE
2022Q2,2022,Q2,2022-08-03,2022-06-30,20800000.0,373100000.0,31100000.0,0.37,90500000.0,0.2425623157,6839000000.0,2680400000.0,660000000.0,709000000.0,3480100000.0,355800000.0,932600000.0,3297558000.0,5224058000.0,47.77896613190731,0.9308885754583921,0.2926012574937856,0.746567676466199,0.011018928989673162,47.77896613190731,0.007760035815549918,8.838268560707585,39.63411057692308,1.2302484703775556,1.7788461538461537,0.7942664418212478,0.011220424326122544,0.054554759467758444,0.2691114245416079,0.003041380318760053,-93.41524079320114,0.24256231573304743,-0.5747126436781609,-0.4885632991802289,-0.04184331787934798,0.20572601691327821,-0.3241224794622853,-0.5526881720430108,-0.41760299625468167,-0.4405979297620164,0.18172242601022368,0.11809281288272898,Utilities—Diversified,Utilities,ALE
2022Q1,2022,Q1,2022-05-05,2022-03-31,46500000.0,383500000.0,53400000.0,0.87,133900000.0,0.3491525424,6556000000.0,2449300000.0,480500000.0,556600000.0,3412500000.0,196600000.0,932000000.0,3570034000.0,5472734000.0,45.953095684803,0.8632770391663672,0.29938987187309335,0.8013718205201487,0.01316545430599589,45.953095684803,0.01898501612705671,9.309084745762712,19.193731182795702,1.4575731841750705,0.7419354838709677,1.2695829094608342,0.009663773510280294,0.05849603416717511,0.32069708947179304,0.007092739475289811,-57.48847020933977,0.34915254237288135,-0.06451612903225812,-0.10621434314814113,-0.012048353525110685,0.15255828297632318,0.056827150749802685,-0.043209876543209874,-0.2541899441340782,-0.3614626162628239,0.03938491792532711,0.07844623520072533,Utilities—Diversified,Utilities,ALE
2021Q4,2021,Q4,2022-02-16,2021-12-31,48600000.0,399000000.0,71600000.0,0.93,126700000.0,0.3175438596,6435000000.0,2413100000.0,291300000.0,543400000.0,3488700000.0,97700000.0,900200000.0,3476739999.9999995,5425440000.0,46.05152671755725,0.5360691939639308,0.30983682983682986,0.8262401060876051,0.01918752856960894,46.05152671755725,0.020140068791181468,8.713634085213032,17.88446502057613,1.4407774232315278,0.6831275720164609,2.787103377686796,0.009549175376933564,0.062004662004662,0.3106367316893633,0.0075524475524475524,-100.19423631123918,0.3175438596491228,0.7547169811320755,0.05100546240931889,0.11932091245403643,0.22122907618667417,0.21593090211132437,0.7608695652173914,1.302250803858521,-0.2167264277058008,-0.12355923054524898,0.10226309426939148,Utilities—Diversified,Utilities,ALE
2021Q3,2021,Q3,2021-11-04,2021-09-30,27600000.0,345400000.0,31100000.0,0.53,104200000.0,0.301679212507238,6332200000.0,2340000000.0,278700000.0,646000000.0,3477700000.0,89600000.0,873400000.0,3118848000.0,5104348000.0,44.656488549618324,0.43142414860681116,0.3228735668488045,0.8737179487179487,0.00886760691623885,44.656488549618324,0.011794871794871795,9.029669947886509,28.250434782608696,1.3328410256410257,1.1956521739130435,2.6919642857142856,0.010580829844865795,0.054546603076339975,0.26191950464396285,0.004358674710211301,247.52761904761905,0.301679212507238,0.0,-0.35434622014282197,-0.06857782940590774,0.1778059446615831,-0.0038240917782026767,-0.010752688172043012,0.10283687943262411,-0.11813412238605565,-0.026412652452399786,0.08470465074919993,Utilities—Diversified,Utilities,ALE
2021Q2,2021,Q2,2021-08-04,2021-06-30,27900000.0,335600000.0,28200000.0,0.53,104600000.0,0.31168057210965433,6293300000.0,2322600000.0,279300000.0,595500000.0,3451400000.0,88100000.0,878800000.0,3652956000.0,5636656000.0,44.49425287356322,0.4690176322418136,0.3251394340012394,0.8809954361491432,0.007879320241563471,44.49425287356322,0.012012399896667528,10.884851013110847,32.73258064516129,1.572787393438388,1.17921146953405,2.6220204313280364,0.009006404676103407,0.053326553636406974,0.28161209068010074,0.0044332861932531425,-25.76132581100141,0.31168057210965433,-0.46464646464646464,0.06249999999999993,0.006847381053226067,0.1843672947824991,-0.1135593220338983,-0.4613899613899614,-0.32857142857142857,-0.1239947119092212,-0.04151760214051643,0.08270333574318993,Utilities—Diversified,Utilities,ALE
2021Q1,2021,Q1,2021-05-06,2021-03-31,51800000.0,339200000.0,42000000.0,0.99,118000000.0,0.34787735849056606,6274500000.0,2320700000.0,378400000.0,574900000.0,3428100000.0,74000000.0,883800000.0,3500599000.0,5312699000.0,44.54318618042227,0.6582014263350148,0.3141445533508646,0.8493557978196233,0.012809917355371903,44.54318618042227,0.022320851467229716,10.320162146226416,16.894782818532818,1.5084237514543024,0.6332046332046332,2.9891891891891893,0.009369824992808374,0.05406008446888198,0.47399547747434334,0.008255637899434218,-76.2657734204793,0.34787735849056606,0.09999999999999996,0.06572328227516204,-0.04038530318590431,0.18473605799371595,0.09158186864014801,0.09978768577494693,0.15384615384615385,-0.001859169771555504,-0.06940117520852283,0.08740339123521676,Utilities—Diversified,Utilities,ALE
2020Q4,2020,Q4,2021-02-17,2020-12-31,47100000.0,320400000.0,36400000.0,0.9,108100000.0,0.3373907615480649,6084600000.0,2294600000.0,254900000.0,459600000.0,3284400000.0,74200000.0,864800000.0,3227074000.0,5002074000.0,44.04222648752399,0.5546127067014796,0.2990007560069684,0.7928615009151921,0.012266855387518785,44.04222648752399,0.020526453412359452,10.072016229712858,17.12884288747346,1.4063775821493942,0.6836518046709129,2.861185983827493,0.009978079213553826,0.05265752884330934,0.3398607484769365,0.007740853959175623,-26.648009909165978,0.3373907615480649,0.15384615384615383,1.4206286775117207,-0.20826092350395325,0.18562196345933157,-0.0018467220683287165,0.15724815724815724,-0.125,0.11802831789479541,-0.06817028968013453,0.09030170977721125,Utilities—Diversified,Utilities,ALE
2020Q3,2020,Q3,2020-11-09,2020-09-30,40700000.0,293900000.0,41600000.0,0.78,108300000.0,0.36849268458659407,5878500000.0,2281000000.0,265100000.0,630000000.0,3432900000.0,74800000.0,849900000.0,2685306000.0,4642806000.0,43.94990366088632,0.4207936507936508,0.34643191290295144,0.8928101709776414,0.011164544712857508,43.94990366088632,0.017843051293292417,9.136801633208574,16.4945085995086,1.1772494519947392,0.7886977886977887,2.481283422459893,0.01195394491354058,0.04999574721442545,0.2714285714285714,0.006923534915369567,-124.8979534883721,0.36849268458659407,1.0,-0.3664076356722683,-0.40249669322501697,0.17733726664722646,0.3175182481751825,1.0248756218905473,2.2755905511811023,-0.10926014135458367,-0.20330077735698623,0.09729528893386316,Utilities—Diversified,Utilities,ALE
2020Q2,2020,Q2,2020-08-05,2020-06-30,20100000.0,243200000.0,12700000.0,0.39,82200000.0,0.3379934210526316,5760400000.0,2265700000.0,223000000.0,727700000.0,3328200000.0,82000000.0,841300000.0,2828798000.0,4719198000.0,43.73938223938224,0.30644496358389445,0.3326331504756614,0.8456989010018978,0.006073205570495929,43.73938223938224,0.00887143046299157,11.631570723684211,35.18405472636816,1.24853157964426,1.592039800995025,1.9634146341463414,0.011312225192466906,0.04221929032706062,0.15322248179194722,0.0034893410179848623,-13.476884230585993,0.3379934210526316,-0.6953125,-0.16185328185328185,-0.2942280798760848,0.19651805518066906,-0.3486529318541997,-0.6968325791855203,-0.7890365448504983,-0.4647487208462818,-0.32359321433762417,0.1037851046031512,Utilities—Diversified,Utilities,ALE
2020Q1,2020,Q1,2020-05-06,2020-03-31,66300000.0,311600000.0,60200000.0,1.28,126200000.0,0.4050064184852375,5619500000.0,2271100000.0,274800000.0,623100000.0,3246500000.0,79000000.0,853200000.0,3137156000.0,4819956000.0,43.928433268858804,0.44102070293692824,0.31138001601565973,0.7704636519748139,0.01892035150367312,43.928433268858804,0.02919290211791643,10.067894736842105,11.829396681749621,1.3813376777772883,0.48114630467571645,2.3468354430379748,0.010168445560246287,0.055449773111486786,0.2670518375862622,0.011798202687071803,-47.895511450381676,0.4050064184852375,0.3333333333333334,0.5073806372798535,-0.11665618955512569,0.16470321686329242,0.10993843447669305,0.33400402414486924,0.20883534136546184,0.31380412900169746,-0.17243057701179584,0.10177734204182463,Utilities—Diversified,Utilities,ALE
2019Q4,2019,Q4,2020-02-13,2019-12-31,49700000.0,304600000.0,49800000.0,0.96,113700000.0,0.3732764281024294,5482800000.0,2231900000.0,269500000.0,507400000.0,3147200000.0,72800000.0,818800000.0,4196489000.0,5769689000.0,43.170212765957444,0.5311391407173828,0.29957321076822063,0.7359200681034096,0.013379509744057185,43.170212765957444,0.022268022760876385,13.77704858831254,21.109099597585512,1.880231641202563,0.6116700201207244,2.6222527472527473,0.007244151003374488,0.05555555555555555,0.326566811194324,0.009064711461297148,-40.86162609542357,0.3732764281024294,0.6,0.3703856125766492,-0.049467070414307084,0.25803590078501565,0.1484848484848485,0.592948717948718,0.34594594594594597,0.08934598373145997,-0.13393125674363013,0.14482022231963224,Utilities—Diversified,Utilities,ALE
2019Q3,2019,Q3,2019-11-06,2019-09-30,31200000.0,288300000.0,37000000.0,0.6,99000000.0,0.3433922996878252,5275800000.0,2207800000.0,296100000.0,483300000.0,3068000000.0,84600000.0,799500000.0,4519097000.0,6066797000.0,42.704061895551256,0.6126629422718808,0.3123696880094014,0.7464444243137965,0.010314274441185047,42.704061895551256,0.01413171482924178,15.674980922650017,36.210713141025636,2.046877887489809,0.9711538461538461,2.2375886524822697,0.006704879315491568,0.05464574093028545,0.38361266294227186,0.0059137950642556576,-43.411114313160425,0.3433922996878252,-0.09090909090909098,-0.37765957446808507,-0.17193610393053618,0.1980148151446174,-0.01098901098901099,-0.08771929824561403,0.022099447513812154,-0.2602483309415361,-0.21203010680346474,0.12631108256285745,Utilities—Diversified,Utilities,ALE
2019Q2,2019,Q2,2019-08-01,2019-06-30,34200000.0,290400000.0,36200000.0,0.66,100100000.0,0.3446969696969697,5176500000.0,2205000000.0,397300000.0,296600000.0,2971500000.0,78200000.0,798600000.0,4282283999.9999995,5643984000.0,42.73255813953488,1.3395144976399191,0.30228919153868444,0.7096598639455782,0.011078717201166181,42.73255813953488,0.015510204081632653,14.746157024793387,31.303245614035088,1.942078911564626,0.8888888888888888,2.4335038363171355,0.007099015385247686,0.05609968125181107,0.9794335805799056,0.0066067806432918,-32.78931087289433,0.3446969696969697,-0.5182481751824818,0.6609219269102989,-0.09115886566578349,0.27050896728419377,-0.18152085036794766,-0.5148936170212766,-0.3626760563380282,0.3175637659414853,-0.1186282911261487,0.13747374130936207,Utilities—Diversified,Utilities,ALE
2019Q1,2019,Q1,2019-05-02,2019-03-31,70500000.0,357200000.0,56800000.0,1.37,122300000.0,0.3423852183650616,5218800000.0,2198700000.0,556400000.0,322400000.0,3020100000.0,73800000.0,794800000.0,4221911999.9999995,5441912000.0,42.61046511627907,1.7258064516129032,0.3014677703686671,0.7155591940692227,0.014334171915561406,42.61046511627907,0.032064401691908856,11.819462486002239,14.97131914893617,1.9201855641970251,0.4297872340425532,3.182926829268293,0.007176843098577139,0.06844485322296313,1.402605459057072,0.013508852609795355,-413.91294117647055,0.3423852183650616,0.16101694915254253,0.6884762235334952,-0.03342091846739093,0.25780624300460153,-0.04676539360872954,0.15384615384615385,-0.1125,0.46450828393372845,0.020329677985703766,0.1333305674780682,Utilities—Diversified,Utilities,ALE
2018Q4,2018,Q4,2019-02-14,2018-12-31,61100000.0,448300000.0,64000000.0,1.18,128300000.0,0.2861922819540486,5165000000.0,2155800000.0,334300000.0,405100000.0,3009200000.0,86700000.0,754600000.0,3932952000.0,5349852000.0,41.77906976744186,0.825228338681807,0.2877057115198451,0.6893032748863531,0.01977448870476391,41.77906976744186,0.02834214676686149,8.773035913450814,16.09227495908347,1.8243584748121346,0.4713584288052373,3.690888119953864,0.007322743832113893,0.08679574056147145,0.5270303628733646,0.011829622458857696,166.65050847457627,0.2861922819540486,1.0,0.4855179704016915,0.3420990975355778,0.28799872542415156,0.18906394810009267,0.990228013029316,0.4780600461893764,2.1705638158173426,0.11852664295869021,0.12469751598980935,Utilities—Diversified,Utilities,ALE
2018Q3,2018,Q3,2018-11-01,2018-09-30,30700000.0,348000000.0,43300000.0,0.59,107900000.0,0.31005747126436783,5163300000.0,2116100000.0,439400000.0,402700000.0,3047200000.0,154800000.0,722300000.0,3809768000.0,5200068000.0,41.1692607003891,1.0911348398311398,0.29405612689559,0.7174991730069468,0.011760699652410372,41.1692607003891,0.014507820991446528,10.947609195402299,31.024169381107495,1.8003723831576959,0.9381107491856677,1.551033591731266,0.007559515435060612,0.06739875660914531,0.6391854978892476,0.0059458098502895435,105.53373961218837,0.31005747126436783,-0.03278688524590167,-0.056682724970662686,0.07355790844404483,0.2726497676702805,0.008411214953271028,-0.019169329073482427,0.1863013698630137,-0.5174324219857243,-0.2856283520874961,0.10284894449085372,Utilities—Diversified,Utilities,ALE
2018Q2,2018,Q2,2018-08-02,2018-06-30,31300000.0,344100000.0,36500000.0,0.61,107000000.0,0.3109561174077303,5114700000.0,2108200000.0,424000000.0,350200000.0,3006500000.0,145400000.0,720400000.0,3971133000.0,5368133000.0,41.09551656920078,1.2107367218732152,0.2969675640800047,0.7204724409448819,0.012161241380176617,41.09551656920078,0.014846788729722038,11.540636442894508,31.71831469648562,1.8836604686462384,0.9169329073482428,1.6306740027510316,0.007227156582265062,0.06727667311865798,0.7261564820102798,0.006119616008759067,142.8465107913669,0.3109561174077303,-0.38383838383838387,0.7170983013088277,0.12172976300400111,0.2963677764823946,-0.10460251046025104,-0.3862745098039216,-0.3641114982578397,0.3178947368421053,0.00831881745812096,0.12419346237935266,Utilities—Diversified,Utilities,ALE
2018Q1,2018,Q1,2018-05-02,2018-03-31,51000000.0,358200000.0,57400000.0,0.99,119500000.0,0.33361250697934114,5072100000.0,2097300000.0,403600000.0,399600000.0,2974800000.0,143100000.0,717800000.0,3699200000.0,5103400000.0,40.962890625,1.01001001001001,0.296267818063524,0.7164926333857817,0.01719168428470754,40.962890625,0.024316978972965243,10.32719151312116,18.133333333333333,1.7637915415057455,0.5627450980392157,1.6680642907058,0.007758434256055363,0.07062163600875378,0.5673173173173173,0.010055006801916367,111.42168674698796,0.33361250697934114,0.22222222222222213,0.1922475961538461,0.031645363438210804,0.2845275657496976,0.6437414030261348,0.2318840579710145,0.7289156626506024,0.17084703947368418,0.025364990234375055,0.08607584957459442,Utilities—Diversified,Utilities,ALE
2017Q4,2017,Q4,2018-02-15,2017-12-31,41400000.0,337900000.0,33200000.0,0.81,72700000.0,0.21515241195620005,5080000000.0,2068200000.0,367500000.0,351200000.0,3011800000.0,95900000.0,689400000.0,3807232000.0,5211632000.0,40.39453125,1.0464123006833712,0.2959251968503937,0.7268639396576734,0.017899846654229706,40.39453125,0.020017406440382943,11.267333530630363,22.990531400966184,1.840843245334107,0.6594202898550725,2.7653806047966634,0.007170563811188811,0.06651574803149607,0.6662870159453302,0.008149606299212598,217.55611428571427,0.21515241195620005,-0.07954545454545449,0.08838397491349478,0.002831268310546846,0.30836574989592,-0.45746268656716416,-0.0779510022271715,-0.518840579710145,0.1526761968085106,0.06474606015651871,0.1771489472008202,Utilities—Diversified,Utilities,ALE
2017Q3,2017,Q3,2017-11-01,2017-09-30,44900000.0,362500000.0,69000000.0,0.88,134000000.0,0.3696551724137931,4978500000.0,2042700000.0,387900000.0,290500000.0,2935800000.0,102600000.0,675300000.0,3941790000.0000005,5346090000.0,40.05294117647059,1.3352839931153184,0.3030430852666466,0.7385812894698194,0.014760747816904406,40.05294117647059,0.021980711803005825,10.873903448275863,21.94760579064588,1.9296959906006756,0.6102449888641426,2.2270955165692006,0.006951156707993069,0.07281309631415085,0.829948364888124,0.009018780757256201,53.55692934782609,0.3696551724137931,0.22222222222222227,0.128938241963452,0.0770325011033351,0.30453207978655833,0.12321877619446772,0.21680216802168023,0.2545454545454545,-0.09209558823529417,0.05547411072424812,0.12364058100352365,Utilities—Diversified,Utilities,ALE
2017Q2,2017,Q2,2017-08-02,2017-06-30,36900000.0,353300000.0,55000000.0,0.72,119300000.0,0.3376733654118313,4931500000.0,2017000000.0,346500000.0,305400000.0,2914500000.0,103400000.0,657800000.0,3648512000.0000005,5083412000.0,39.62671905697446,1.1345776031434185,0.30804015005576396,0.7531482399603371,0.01298500879295274,39.62671905697446,0.018294496777392165,10.326951599207474,24.718915989159893,1.8088805156172536,0.7344173441734417,2.263056092843327,0.007427685587987651,0.0716414883909561,0.668958742632613,0.007482510392375545,88.34169491525425,0.3376733654118313,-0.2577319587628866,0.8778241650294697,0.19640282675246667,0.3200648573949695,-0.13236363636363635,-0.24693877551020407,-0.24242424242424243,0.816692394049958,0.12090013059896927,0.1781672826967688,Utilities—Diversified,Utilities,ALE
2017Q1,2017,Q1,2017-05-04,2017-03-31,49000000.0,365600000.0,72600000.0,0.97,137500000.0,0.3760940919037199,4941900000.0,2001500000.0,360600000.0,364600000.0,2940400000.0,110500000.0,648000000.0,3399041999.9999995,4851342000.0,39.87051792828685,0.9890290729566649,0.3104271636415144,0.7664751436422683,0.016202348725701258,39.87051792828685,0.02448163877092181,9.297160831509846,17.34205102040816,1.6982473145141144,0.5489795918367347,2.0642533936651586,0.007913994590240427,0.07397964345696999,0.5611629182665935,0.009915214795928691,54.82325806451612,0.3760940919037199,0.10227272727272724,0.4721442100450658,0.11670650730411689,0.3173236305988114,0.20508326029798424,0.10609480812641084,0.18821603927986907,0.20627936017125525,0.016899686246581894,0.17692651852483113,Utilities—Diversified,Utilities,ALE
2016Q4,2016,Q4,2017-02-15,2016-12-31,44300000.0,341500000.0,61100000.0,0.88,114100000.0,0.3341142020497804,4906400000.0,1893000000.0,294500000.0,399500000.0,3013400000.0,104200000.0,625900000.0,3222338000.0,4752938000.0,37.70916334661354,0.737171464330413,0.3175648133050709,0.8230850501848918,0.01620473864962447,37.70916334661354,0.02340200739566825,9.435836017569546,18.18475169300226,1.7022387744321184,0.5801354401805869,2.182341650671785,0.007975575498287268,0.06960296755258438,0.37546933667083854,0.009029023316484591,-62.08743737957611,0.3341142020497804,0.08641975308641969,0.7002565653615902,0.04658289917254056,0.2857381739603247,-0.006097560975609756,0.09925558312655088,0.1441947565543071,0.10709887721839914,0.05087857525123378,0.16252838078025225,Utilities—Diversified,Utilities,ALE
2016Q3,2016,Q3,2016-11-04,2016-09-30,40300000.0,349600000.0,53400000.0,0.81,114800000.0,0.32837528604118993,4874800000.0,1873000000.0,361600000.0,404300000.0,3001800000.0,107400000.0,607300000.0,2945228000.0,4383528000.0,37.91497975708502,0.8943853574078654,0.31703864773939444,0.8251468232781634,0.014988612382206066,37.91497975708502,0.021516284036305393,8.424565217391304,18.27064516129032,1.5724655632674853,0.6401985111662531,2.186219739292365,0.008759933017070327,0.07171576269795683,0.5325253524610438,0.008267005825880035,62.798038379530915,0.32837528604118993,0.6200000000000001,0.4166880616174582,0.11035020510560391,0.2837866457601547,0.09125475285171103,0.625,0.26540284360189575,0.28842940685045954,0.12215752375114923,0.17205141307338542,Utilities—Diversified,Utilities,ALE
2016Q2,2016,Q2,2016-08-03,2016-06-30,24800000.0,314800000.0,42200000.0,0.5,105200000.0,0.3341804320203304,4857600000.0,1852100000.0,354300000.0,271600000.0,3005500000.0,110400000.0,592800000.0,3186259000.0,4658659000.0,37.56795131845842,1.3044918998527246,0.3220314558629776,0.844608822417796,0.010384208573203234,37.56795131845842,0.013390205712434534,10.121534307496823,32.11954637096774,1.7203493331893525,1.028225806451613,1.8985507246376812,0.00800311587978253,0.06480566534914362,0.7566273932253313,0.005105401844532279,154.67276699029125,0.3341804320203304,-0.4623655913978495,0.03567593365946784,0.0163203447630169,0.2778214734169531,-0.1825951825951826,-0.4596949891067538,-0.36826347305389223,0.4157055925818603,0.06784628259125197,0.18508989747579002,Utilities—Diversified,Utilities,ALE
2016Q1,2016,Q1,2016-05-03,2016-03-31,45900000.0,333800000.0,66800000.0,0.93,128700000.0,0.3855602156980228,4872700000.0,1849800000.0,379300000.0,224200000.0,3020200000.0,116000000.0,593500000.0,2758644000.0,4228444000.0,37.59756097560975,1.691793041926851,0.32154657582038704,0.8470104876202833,0.01628715056943967,37.59756097560975,0.0248134933506325,8.26436189334931,15.025294117647059,1.4913201427181317,0.5599128540305011,1.768103448275862,0.009316171278352698,0.06850411476183635,0.9892952720785013,0.00941982884232561,54.304015748031496,0.3855602156980228,1.5135135135135136,-0.13227773406766322,-0.030778164924506437,0.29672608628000147,0.02713487629688747,1.5081967213114753,1.2567567567567568,0.11664165103189494,0.0004514999660989687,0.1789964707385887,Utilities—Diversified,Utilities,ALE
2015Q4,2015,Q4,2016-02-22,2015-12-31,18300000.0,380600000.0,29600000.0,0.37,125300000.0,0.32921702574881767,4907100000.0,1820200000.0,371000000.0,275400000.0,3084700000.0,117100000.0,573300000.0,2490670000.0,4000270000.0,37.14693877551021,1.3471314451706609,0.32740315053697705,0.8826502582133832,0.009496524471366735,37.14693877551021,0.010053840237336556,6.544062007356805,34.02554644808743,1.3683496319085813,1.3060109289617485,2.1801878736122973,0.009595811568774667,0.07756108495852948,0.7923021060275962,0.003729290212141591,360.96666666666664,0.32921702574881767,-0.6991869918699187,-0.028417983734847375,0.1287282825772056,0.31688942790230856,-0.10945273631840796,-0.6970198675496688,-0.6525821596244131,-0.4973024503919215,0.18027264030612247,0.2031772842359259,Utilities—Diversified,Utilities,ALE
2015Q3,2015,Q3,2015-11-03,2015-09-30,60400000.0,462500000.0,85200000.0,1.23,140700000.0,0.3042162162162162,4931800000.0,1821700000.0,403300000.0,317700000.0,3108400000.0,119100000.0,578800000.0,2463912000.0,3959012000.0,37.329918032786885,1.2694365753855839,0.324039904294578,0.8772575067244881,0.020111089424661627,37.329918032786885,0.03315584344293791,5.327377297297297,10.198311258278146,1.3525344458472857,0.4056291390728477,2.7019311502938708,0.009943536944501263,0.09377914757289428,0.6726471514006924,0.012247049758708788,535.6330434782609,0.3042162162162162,1.6739130434782608,1.1722984275677482,0.4548174482995735,0.3172111809702214,0.49363057324840764,1.6844444444444444,1.1569620253164556,0.5871250139400022,0.43609407121395805,0.215842686683426,Utilities—Diversified,Utilities,ALE
2015Q2,2015,Q2,2015-08-04,2015-06-30,22500000.0,323300000.0,39500000.0,0.46,94200000.0,0.2913702443550881,4673000000.0,1776600000.0,330600000.0,401000000.0,2894600000.0,107800000.0,543000000.0,2254554000.0,3584354000.0,36.55555555555556,0.8244389027431421,0.2975390541408089,0.7826184847461444,0.009691075980632152,36.55555555555556,0.012664640324214792,6.973566347046087,25.0506,1.2690273556231002,1.0933333333333333,2.1252319109461966,0.01091124896542731,0.06918467793708538,0.4102244389027431,0.004814894072330409,38.60537671232877,0.2913702443550881,-0.4588235294117647,-0.18623520427644147,0.07406335733882034,0.2953802810396389,-0.12939001848428835,-0.43609022556390975,-0.299645390070922,0.1992026748971194,0.14662395502917167,0.21775674039673332,Utilities—Diversified,Utilities,ALE
2015Q1,2015,Q1,2015-05-07,2015-03-31,39900000.0,320000000.0,56400000.0,0.85,108200000.0,0.338125,4580100000.0,1768900000.0,390000000.0,402000000.0,2809200000.0,102700000.0,545100000.0,2474444000.0,3778744000.0,37.71641791044776,0.9701492537313433,0.3005174559507434,0.7781106902594833,0.015530320223414015,37.71641791044776,0.022556390977443608,7.7326375,15.504035087719297,1.3988603086664029,0.6240601503759399,2.062317429406037,0.010062866648022747,0.0698674701425733,0.45746268656716416,0.00871160018340211,-149.06289156626505,0.338125,0.21428571428571433,0.25022712524334845,-0.012763968805678086,0.3448833477931579,0.233751425313569,0.2127659574468085,0.09514563106796116,0.28309273305603144,0.04619758351101635,0.24615207317694165,Utilities—Diversified,Utilities,ALE
2014Q4,2014,Q4,2015-02-17,2014-12-31,32900000.0,290700000.0,51500000.0,0.7,87700000.0,0.30168558651530786,4360800000.0,1609400000.0,418800000.0,416000000.0,2749600000.0,80500000.0,530100000.0,2586066000.0,3817466000.0,34.31556503198294,1.0067307692307692,0.31581361218125115,0.8557226295513856,0.013375945265800951,34.31556503198294,0.020442400894743383,8.895995872033025,19.65095744680851,1.6068510003728098,0.6504559270516718,2.5217391304347827,0.008275117495067798,0.06666208035222895,0.5980769230769231,0.007544487250045863,-35.425561643835614,0.30168558651530786,-0.27835051546391754,0.2679383829515523,-0.03008173418621173,0.24783872843574334,-0.06998939554612937,-0.2091346153846154,-0.15296052631578946,0.35156677346253024,-0.046416270296867276,0.17002945721946847,Utilities—Diversified,Utilities,ALE
2014Q3,2014,Q3,2014-11-03,2014-09-30,41600000.0,288900000.0,60800000.0,0.97,94300000.0,0.32641052267220494,4067900000.0,1529200000.0,357800000.0,286800000.0,2537200000.0,71600000.0,518600000.0,1904331000.0,3131031000.0,35.645687645687644,1.2475592747559274,0.33855306177634653,0.9006016217630134,0.015822635938242877,35.645687645687644,0.02720376667538582,6.591661474558671,11.444296875,1.2453119278053886,0.49759615384615385,2.717877094972067,0.010869959056487553,0.07101944492244155,0.8120641562064156,0.010226406745495218,-39.75638830897704,0.32641052267220494,1.4249999999999998,0.987878787878788,0.23536865818745012,0.2910540578385101,0.5209677419354839,1.4761904761904763,1.1560283687943262,0.6839615668883962,0.056588189245747614,0.2069492868427621,Utilities—Diversified,Utilities,ALE
2014Q2,2014,Q2,2014-08-01,2014-06-30,16800000.0,260700000.0,28200000.0,0.4,62000000.0,0.23782125047947833,3895600000.0,1416000000.0,293500000.0,213400000.0,2478100000.0,75300000.0,497700000.0,2161835000.0,3405835000.0,33.634204275534444,1.3753514526710402,0.3407947427867338,0.9375706214689266,0.007968168789148657,33.634204275534444,0.011864406779661017,8.292424242424243,32.170163690476194,1.5267196327683616,1.2261904761904763,2.638778220451527,0.009528941848013377,0.0669216552007393,0.7614807872539832,0.004312557757469966,-32.5087969924812,0.23782125047947833,-0.5,0.34997725779552236,0.19561803148890883,0.22208374767138409,-0.22981366459627328,-0.49850746268656715,-0.4161490683229814,-0.17842671510409389,-0.014397604611899829,0.14402055358960697,Utilities—Diversified,Utilities,ALE
2014Q1,2014,Q1,2014-05-07,2014-03-31,33500000.0,296500000.0,48300000.0,0.8,80500000.0,0.2715008431703204,3749200000.0,1402500000.0,269400000.0,208500000.0,2341800000.0,68900000.0,501400000.0,2170188000.0,3339188000.0,33.8768115942029,1.2920863309352517,0.3236957217539742,0.8653119429590018,0.014648727193634649,33.8768115942029,0.023885918003565064,7.319352445193929,16.195432835820895,1.5473711229946525,0.6298507462686567,3.134978229317852,0.009722659972315762,0.0790835378214019,0.6810551558752997,0.00893523951776379,-15.35872611464968,0.2715008431703204,0.012658227848101276,0.47950433067489917,0.10872106531904391,0.23340812803213098,0.042746113989637305,0.015151515151515152,0.029850746268656716,-0.2473767596488494,0.023119392684610114,0.1683988049834732,Utilities—Diversified,Utilities,ALE
2013Q4,2013,Q4,2014-02-14,2013-12-31,33000000.0,268000000.0,46900000.0,0.79,77200000.0,0.2880597014925373,3476800000.0,1342900000.0,307000000.0,230200000.0,2133900000.0,59300000.0,489100000.0,2065032000.0,3077932000.0,32.43719806763285,1.3336229365768897,0.3193166129774505,0.8267182962245886,0.015239516518288896,32.43719806763285,0.024573683818601533,7.705343283582089,15.644181818181819,1.5377407104028595,0.5454545454545454,3.217537942664418,0.008716571946584846,0.07708237459733087,0.8410078192875761,0.009491486424298205,-24.970157194679565,0.2880597014925373,0.253968253968254,0.04810360777058283,0.020035622168518036,0.21183583640412892,0.13864306784660768,0.30952380952380953,0.22135416666666666,1.0736624169118447,-0.05929997342082144,0.14992525936485301,Utilities—Diversified,Utilities,ALE
2013Q3,2013,Q3,2013-11-01,2013-09-30,25200000.0,251000000.0,38400000.0,0.63,67800000.0,0.2701195219123506,3463900000.0,1287500000.0,369000000.0,223500000.0,2176400000.0,64700000.0,474100000.0,1922340000.0,2860940000.0,32.34924623115578,1.651006711409396,0.31845607552181066,0.8567766990291262,0.01194057255223075,32.34924623115578,0.019572815533980582,7.658725099601593,19.070833333333333,1.4930796116504852,0.753968253968254,2.8315301391035548,0.009883787467357493,0.07246167614538526,1.0935123042505592,0.007275036808221946,173.18378378378378,0.2701195219123506,0.8000000000000002,-0.2540434968364088,-0.09013336389433538,0.17714526113121584,0.2768361581920904,0.8,0.5737704918032787,0.11127063890882978,-0.03192894414060491,0.1414648377800378,Utilities—Diversified,Utilities,ALE
2013Q2,2013,Q2,2013-08-01,2013-06-30,14000000.0,235600000.0,24400000.0,0.35,53100000.0,0.22538200339558573,3350900000.0,1249000000.0,320900000.0,193100000.0,2101900000.0,71000000.0,467900000.0,1943996000.0000002,2901596000.0,31.700507614213198,1.6618332470222683,0.32904592795965265,0.8827862289831866,0.008025569049496334,31.700507614213198,0.01120896717373899,8.251256366723261,34.714214285714284,1.5564419535628504,1.3357142857142856,2.5704225352112675,0.009619361356710609,0.07030946909785431,1.158467115484205,0.004177982034677251,-329.4908474576272,0.22538200339558573,-0.5783132530120482,-0.04359789363821814,-0.092648954550074,0.20254823404812974,-0.26859504132231404,-0.5692307692307692,-0.45045045045045046,-0.37542519231775606,-0.03452834179357013,0.12333711903218339,Utilities—Diversified,Utilities,ALE
2013Q1,2013,Q1,2013-05-08,2013-03-31,32500000.0,263800000.0,44400000.0,0.83,72600000.0,0.27520849128127367,3251300000.0,1240500000.0,255900000.0,202600000.0,2010800000.0,64300000.0,472600000.0,1904544000.0,2843544000.0,31.889460154241647,1.2630799605133267,0.3125826592439947,0.8192664248286982,0.015985023041474655,31.889460154241647,0.026199113260781944,7.219651250947687,14.65033846153846,1.535303506650544,0.6,2.9735614307931573,0.010238671303997176,0.08113677605880724,0.8070088845014808,0.009996001599360257,-164.1848275862069,0.27520849128127367,0.12162162162162159,0.016023266960045343,-0.08796255026345398,0.2180296864875369,1.328358208955224,0.1245674740484429,-0.07306889352818371,0.22778585000558846,-0.01877399021023348,0.13710702944758701,Utilities—Diversified,Utilities,ALE
2012Q4,2012,Q4,2013-02-15,2012-12-31,28900000.0,256000000.0,47900000.0,0.74,-221100000.0,-0.863671875,3253400000.0,1201000000.0,273200000.0,283400000.0,2052400000.0,69800000.0,459600000.0,1594121999.9999998,2531422000.0,30.874035989717225,0.9640084685956246,0.3129341611852216,0.8477102414654455,0.01434059681438628,30.874035989717225,0.024063280599500417,6.227039062499999,13.789982698961936,1.3273288925895086,0.5847750865051903,6.835243553008596,0.010601447066159304,0.07868691215343948,0.5991531404375441,0.008883014692321878,-53.49402684563758,-0.863671875,-0.05128205128205133,-0.039544686074249005,-0.11034368351522736,0.19321954336774091,-2.305965741287655,-0.017006802721088437,0.05043859649122807,0.3428371114746435,0.029801009235456602,0.12269221780789909,Utilities—Diversified,Utilities,ALE
2012Q3,2012,Q3,2012-10-31,2012-09-30,29400000.0,248800000.0,45600000.0,0.78,169300000.0,0.6804662379421221,3138100000.0,1157500000.0,278000000.0,214800000.0,1980600000.0,76700000.0,447600000.0,1565681000.0,2476581000.0,30.70291777188329,1.2942271880819367,0.3235078550715401,0.8770626349892009,0.015542536715336022,30.70291777188329,0.025399568034557236,6.292930064308682,13.313613945578231,1.3526401727861772,0.5680272108843537,1.0365058670143417,0.010666285150040143,0.07928364296867531,0.8263500931098696,0.009368726299353113,-36.66700234192037,0.6804662379421221,1.0,0.34699782975645044,-0.06332230758662952,0.20777523326248956,0.17325017325017325,1.0416666666666667,0.9570815450643777,0.5986737400530504,0.21064093663029104,0.1120314740699778,Utilities—Diversified,Utilities,ALE
2012Q2,2012,Q2,2012-08-02,2012-06-30,14400000.0,216400000.0,23300000.0,0.39,144300000.0,0.6668207024029574,2962200000.0,1119700000.0,170100000.0,232400000.0,1842500000.0,69300000.0,434900000.0,1559140000.0,2426340000.0,30.01876675603217,0.7319277108433735,0.29565863209776516,0.7821737965526481,0.008757203708343774,30.01876675603217,0.012860587657408235,7.204898336414048,27.068402777777777,1.3924622666785744,1.2361111111111112,1.0404040404040404,0.01141655014944136,0.07305381135642428,0.3240103270223752,0.0048612517723313755,-14.396491228070175,0.6668207024029574,-0.4090909090909091,-0.5182803862487841,-0.2673293240918275,0.1867786660873507,-0.1141804788213628,-0.4098360655737705,-0.3932291666666667,0.306029319491187,0.12016486226480522,0.09071844474614155,Utilities—Diversified,Utilities,ALE
2012Q1,2012,Q1,2012-05-02,2012-03-31,24400000.0,240000000.0,38400000.0,0.66,162900000.0,0.67875,2906600000.0,1113800000.0,290000000.0,142500000.0,1792800000.0,72200000.0,438300000.0,1526832000.0,2272232000.0,30.266304347826086,2.0350877192982457,0.2971169063510631,0.7753636200395044,0.01449034641912325,30.266304347826086,0.021906985096067515,6.3618,15.64377049180328,1.370831388040941,0.7254098360655737,1.0678670360110802,0.011592631016379012,0.08257070116287071,1.3677192982456141,0.008394687951558523,104.57753424657534,0.67875,0.2692307692307693,-0.29157712018515464,-0.10735085452889727,0.23670663395944885,0.003078817733990148,0.2774869109947644,0.12280701754385964,0.21231026498585007,0.009627951555284413,0.10195452379854608,Utilities—Diversified,Utilities,ALE
2011Q4,2011,Q4,2012-02-15,2011-12-31,19100000.0,239200000.0,34200000.0,0.52,162400000.0,0.6789297658862876,2876000000.0,1079300000.0,277000000.0,163100000.0,1796700000.0,69100000.0,431600000.0,1544864000.0,2308164000.0,29.328804347826086,1.6983445738810545,0.30055632823365785,0.800889465394237,0.011202346041055718,29.328804347826086,0.017696655239507086,6.458461538461538,20.220732984293193,1.4313573612526638,0.7958115183246073,1.1114327062228655,0.009839053793732006,0.08317107093184979,1.108522378908645,0.006641168289290682,-59.8784496124031,0.6789297658862876,-0.08771929824561392,0.005828335832084006,-0.07378296146044626,0.23781826700797992,0.06771860618014464,-0.06829268292682927,-0.12082262210796915,-0.31754162812210907,0.02422233554309026,0.09570796076390528,Utilities—Diversified,Utilities,ALE
2011Q3,2011,Q3,2011-11-02,2011-09-30,20500000.0,226900000.0,38900000.0,0.57,152100000.0,0.6703393565447333,2754400000.0,1051400000.0,302800000.0,122000000.0,1703000000.0,69100000.0,427700000.0,1304028000.0,2031728000.0,29.53370786516854,2.481967213114754,0.31324426372349695,0.8206201255468899,0.012548102765255987,29.53370786516854,0.01949781244055545,5.7471485235786695,15.902780487804879,1.2402777249381778,0.7560975609756098,1.0824891461649784,0.01188624784130402,0.08237728724949173,1.728688524590164,0.007442637234969503,-129.11168316831683,0.6703393565447333,0.18749999999999994,-0.26566848778476443,-0.11006551955710814,0.2713488365619162,0.05698401667824878,0.20588235294117646,0.4904214559386973,-0.32157803757448933,-0.08045796126185849,0.07469163295786495,Utilities—Diversified,Utilities,ALE
2011Q2,2011,Q2,2011-08-05,2011-06-30,17000000.0,219900000.0,26100000.0,0.48,143900000.0,0.6543883583447021,2645500000.0,1029000000.0,233200000.0,116000000.0,1607700000.0,61300000.0,422600000.0,1436400000.0,2143100000.0,29.4,2.010344827586207,0.29714609714609713,0.7639455782312925,0.011739681368615454,29.4,0.01652089407191448,6.532060027285129,21.123529411764707,1.3959183673469389,0.8941176470588236,1.2398042414355628,0.010582010582010581,0.08312228312228312,1.3043103448275861,0.006426006426006426,69.0576923076923,0.6543883583447021,-0.5514018691588786,0.019264069264069254,-0.023919557727746163,0.29719655941382606,-0.11825980392156862,-0.543010752688172,-0.4862204724409449,0.30734312416555404,-0.04664759897636608,0.11527924130663852,Utilities—Diversified,Utilities,ALE
2011Q1,2011,Q1,2011-04-29,2011-03-31,37200000.0,242200000.0,50800000.0,1.07,163200000.0,0.6738232865400495,2613400000.0,1003200000.0,224800000.0,125700000.0,1601300000.0,56100000.0,420900000.0,1348362000.0,2080162000.0,28.99421965317919,1.7883850437549722,0.3001836687839596,0.7819976076555024,0.023272593282450932,28.99421965317919,0.03708133971291866,5.567142857142857,9.06157258064516,1.344061004784689,0.43548387096774194,1.4081996434937611,0.01201457768759428,0.09267620723961123,1.147175815433572,0.014234330756868448,76.61147727272727,0.6738232865400495,1.8157894736842106,0.578403640388636,0.0036363636363636845,0.29175215888255956,0.11704312114989733,1.7969924812030076,1.2378854625550662,0.3074850592730479,-0.058575445173383284,0.10744490823295544,Utilities—Diversified,Utilities,ALE
2010Q4,2010,Q4,2011-02-16,2010-12-31,13300000.0,238100000.0,22700000.0,0.38,146100000.0,0.613607727845443,2609100000.0,976000000.0,239700000.0,158900000.0,1624100000.0,60000000.0,399900000.0,1289196000.0,2030296000.0,28.208092485549134,1.5084959093769665,0.30125330573761067,0.805327868852459,0.009986298517687673,28.208092485549134,0.01362704918032787,5.414514909701806,24.23300751879699,1.3208975409836063,1.1729323308270676,1.5333333333333334,0.012100565003304385,0.0912575217507953,0.9509125235997483,0.005097543214135142,-36.31538028169014,0.613607727845443,-0.3214285714285715,-0.4947976878612717,0.21205794364254082,0.2915450441293234,0.006891798759476223,-0.32142857142857145,-0.35694050991501414,-0.5030594177993022,-0.06971675483760295,0.09018617605071397,Utilities—Diversified,Utilities,ALE
2010Q3,2010,Q3,2010-10-29,2010-09-30,19600000.0,224100000.0,35300000.0,0.56,145100000.0,0.6474788041053101,2579100000.0,974900000.0,294000000.0,131000000.0,1595000000.0,62900000.0,402200000.0,1253192000.0,1947692000.0,28.34011627906977,2.2442748091603053,0.3050676592609825,0.8070571340650323,0.012727379295132277,28.34011627906977,0.020104626115499024,5.59211066488175,15.984591836734694,1.2854569699456353,0.7346938775510204,1.2559618441971383,0.011490657457117505,0.08689077585204141,1.5603053435114504,0.007599550230700632,-91.47386861313869,0.6474788041053101,-0.01754385964912263,0.027080783353733213,-0.045463872652655134,0.31926467218231674,0.05989773557341125,0.010309278350515464,0.11356466876971609,-0.01585623678646936,-0.07537726998980813,0.11482859068804466,Utilities—Diversified,Utilities,ALE
2010Q2,2010,Q2,2010-08-04,2010-06-30,19400000.0,211200000.0,31700000.0,0.57,136900000.0,0.6482007575757576,2447800000.0,962300000.0,232200000.0,119200000.0,1476200000.0,57100000.0,396900000.0,1167584000.0,1834884000.0,28.219941348973606,1.9479865771812082,0.29111855543753573,0.7405175101319754,0.01274910276567092,28.219941348973606,0.0201600332536631,5.528333333333333,15.046185567010308,1.2133264054868544,0.8041237113402062,1.3012259194395797,0.013360923068490146,0.08628155895089468,1.2852348993288591,0.007925484108178773,57.23450980392157,0.6482007575757576,-0.16176470588235306,1.3839823028168503,-0.09815569524072663,0.33168356122845605,-0.10988296488946683,-0.1565217391304348,-0.3123644251626898,-0.29011496639244283,-0.2178322233939587,0.11566289925845466,Utilities—Diversified,Utilities,ALE
2010Q1,2010,Q1,2010-04-30,2010-03-31,23000000.0,233600000.0,46100000.0,0.68,153800000.0,0.6583904109589042,2416000000.0,947900000.0,222600000.0,108600000.0,1458800000.0,51700000.0,393200000.0,1131624000.0,1812524000.0,28.04437869822485,2.0497237569060776,0.2952814569536424,0.7526110349192953,0.014816984695403037,28.04437869822485,0.02426416288638042,4.844280821917808,12.300260869565216,1.1938221331364067,0.6608695652173913,1.5435203094777563,0.013432023357581672,0.09668874172185431,1.3950276243093922,0.009519867549668874,131.58418604651163,0.6583904109589042,0.23636363636363636,0.02827087442472066,-0.09141711543466387,0.23531514265864922,0.13171449595290655,0.22994652406417113,0.363905325443787,-0.2729543051274551,-0.05403839668892686,0.14591688442652065,Utilities—Diversified,Utilities,ALE
2009Q4,2009,Q4,2010-02-12,2009-12-31,18700000.0,216000000.0,33800000.0,0.55,135900000.0,0.6291666666666667,2393100000.0,929500000.0,225500000.0,133100000.0,1454100000.0,57000000.0,385400000.0,1104584000.0,1781784000.0,27.5,1.6942148760330578,0.29371944339977435,0.7562130177514793,0.013828455910666154,27.5,0.020118343195266272,5.113814814814815,14.767165775401068,1.1883636363636363,0.7914438502673797,1.4052631578947368,0.013398709378372311,0.09025949605114705,1.0833959429000752,0.0078141322970206,-12.652737686139748,0.6291666666666667,0.12244897959183684,0.5513938876349662,0.03036446477238048,0.1863600317208565,0.2467889908256881,0.16875,0.33070866141732286,0.07216894511324229,-0.08938151877768047,0.16063382397116255,Utilities—Diversified,Utilities,ALE
2009Q3,2009,Q3,2009-11-03,2009-09-30,16000000.0,178800000.0,25400000.0,0.49,109000000.0,0.6096196868008948,2255100000.0,905600000.0,212500000.0,142100000.0,1340000000.0,54400000.0,381500000.0,1101096000.0,1692496000.0,27.609756097560975,1.4954257565095004,0.28632876590838546,0.7130079505300353,0.011600858993137248,27.609756097560975,0.0176678445229682,6.158255033557047,17.204625,1.215874558303887,0.90625,1.2830882352941178,0.01316869737061982,0.07928694958094985,0.94018296973962,0.007095029045275154,-45.499834710743805,0.6096196868008948,0.6896551724137931,0.061254887358033895,-0.15196639684737465,0.18791975963237886,0.010194624652455977,0.7021276595744681,0.6178343949044586,-0.37793689863504143,-0.23885533682057067,0.18852774777360662,Utilities—Diversified,Utilities,ALE
2009Q2,2009,Q2,2009-08-05,2009-06-30,9400000.0,164700000.0,15700000.0,0.29,107900000.0,0.655130540376442,2217600000.0,875200000.0,232400000.0,145900000.0,1332800000.0,53600000.0,380000000.0,914250000.0,1488050000.0,27.52201257861635,1.592871830020562,0.2913961038961039,0.738345521023766,0.007108949359508056,27.52201257861635,0.010740402193784278,5.5510018214936245,24.315159574468087,1.0446183729433274,1.446808510638298,1.0597014925373134,0.014875581077385836,0.07426948051948051,1.0493488690884167,0.004238816738816739,-30.991525423728813,0.655130540376442,-0.47272727272727283,-0.7583781904192268,-0.6462720136386972,-0.5122893377247683,-0.14905362776025236,-0.4437869822485207,-0.49517684887459806,-0.3796931579950448,-0.19537243780357466,0.21433537500425767,Utilities—Diversified,Utilities,ALE
2009Q1,2009,Q1,2009-05-01,2009-03-31,16900000.0,199600000.0,31100000.0,0.55,126800000.0,0.6352705410821643,2168900000.0,848700000.0,243900000.0,137300000.0,1310500000.0,49800000.0,384100000.0,824721000.0,1373821000.0,27.466019417475728,1.7764020393299345,0.29835400433399417,0.7624602332979852,0.012685097092557112,27.466019417475728,0.01991280782373041,4.13186873747495,12.200014792899408,0.9717462000706965,0.8047337278106509,1.461847389558233,0.01649042524684105,0.0920282170685601,1.2702112163146395,0.007791968278851031,-20.566608478802994,0.6352705410821643,-0.2763157894736842,-0.7072938751733703,-0.6041545969867974,-0.4895369982031321,-0.045180722891566265,-0.28085106382978725,-0.17941952506596306,-0.19706672175170414,-0.07385197326944894,0.22366769317567411,Utilities—Diversified,Utilities,ALE
2008Q4,2008,Q4,2009-02-13,2008-12-31,23500000.0,196100000.0,37900000.0,0.76,132800000.0,0.6772055073941866,2134800000.0,827100000.0,252300000.0,150700000.0,1297900000.0,49700000.0,380900000.0,997143000.0000001,1499843000.0,26.766990291262136,1.6741871267418713,0.2832583848604085,0.7311086930238182,0.01611526344244391,26.766990291262136,0.028412525692177486,5.084869964303927,10.60790425531915,1.205589408777657,0.5063829787234042,1.2736418511066399,0.011934095711447604,0.09185872212853663,1.1831453218314532,0.011008056960839422,-25.116952141057936,0.6772055073941866,-0.10588235294117644,-0.7865293395924464,-0.541495017562605,-0.48494917686498595,0.10024855012427507,-0.048582995951417005,0.12130177514792899,-0.00046232085067048344,0.11778737430375283,0.22556226283814698,Utilities—Diversified,Utilities,ALE
2008Q3,2008,Q3,2008-10-31,2008-09-30,24700000.0,201700000.0,33800000.0,0.85,120700000.0,0.5984134853743183,1847600000.0,799700000.0,219800000.0,135800000.0,1038300000.0,59900000.0,369400000.0,1294950000.0,1777250000.0,27.481099656357387,1.6185567010309279,0.3033124052825287,0.7007627860447668,0.018544486799109094,27.481099656357387,0.03088658246842566,6.420178482895389,13.106781376518219,1.6192947355258223,0.5222672064777328,1.352253756260434,0.009961774585891347,0.10916865122320848,1.053019145802651,0.013368694522623945,-39.967592592592595,0.5984134853743183,1.2972972972972974,-0.5067007926882093,-0.517134220521461,-0.4433779522744874,0.05139372822299652,1.308411214953271,0.8674033149171271,0.5300687285223368,0.015598066780601653,0.2792764705813666,Utilities—Diversified,Utilities,ALE
2008Q2,2008,Q2,2008-08-01,2008-06-30,10700000.0,189800000.0,18100000.0,0.37,114800000.0,0.6048472075869337,1788800000.0,759200000.0,239200000.0,142000000.0,1020300000.0,53700000.0,357500000.0,1209600000.0,1663800000.0,26.36111111111111,1.684507042253521,0.3093135062611807,0.7287934668071654,0.008731248238940547,26.36111111111111,0.014093782929399367,6.373024236037935,28.261682242990652,1.5932560590094837,1.1962616822429906,1.3966480446927374,0.010582010582010581,0.10610465116279069,1.1147887323943662,0.005981663685152057,-16.19277108433735,0.6048472075869337,-0.548780487804878,-0.7696311890015014,-0.5573696765471253,-0.4540870480417231,-0.0967741935483871,-0.5466101694915254,-0.434375,1.2507582023711057,-0.04038781822507728,0.2439663813709615,Utilities—Diversified,Utilities,ALE
2008Q1,2008,Q1,2008-05-02,2008-03-31,23600000.0,213400000.0,32000000.0,0.82,127100000.0,0.5955951265229615,1715800000.0,751400000.0,225600000.0,133600000.0,955100000.0,49700000.0,359700000.0,1108394000.0,1515294000.0,26.181184668989548,1.688622754491018,0.2815596223336053,0.642933191376098,0.016400687560604036,26.181184668989548,0.031408038328453555,5.1939737582005625,11.741461864406778,1.4751051370774553,0.5423728813559322,1.7364185110663983,0.011548240066258028,0.12437347010141042,1.095059880239521,0.013754516843454948,-503.81545454545454,0.5955951265229615,0.06493506493506485,-0.49145017264297114,-0.518294101372389,-0.4391769167440809,0.0,0.06306306306306306,-0.05325443786982249,0.24258614014711583,-0.02249062399482658,0.1532440858243169,Utilities—Diversified,Utilities,ALE
2007Q4,2007,Q4,2008-02-15,2007-12-31,22200000.0,212300000.0,33800000.0,0.77,127100000.0,0.5986811116344795,1644200000.0,742600000.0,214500000.0,137100000.0,892300000.0,49500000.0,350400000.0,1135946000.0,1535346000.0,25.874564459930312,1.5645514223194747,0.257085512711349,0.5692162671694048,0.01866434842305956,25.874564459930312,0.029894963641260437,5.350664154498351,12.792184684684685,1.529687584163749,0.44594594594594594,1.7212121212121212,0.008715203011410754,0.12912054494587033,0.74981765134938,0.013502007055102785,-23.277581967213116,0.5986811116344795,0.3275862068965518,0.17084561572371834,-0.4467284866748281,-0.42478726882873225,0.16605504587155964,0.34545454545454546,0.3684210526315789,1.1690434282840618,0.1926744587117308,0.11623814957986439,Utilities—Diversified,Utilities,ALE
2007Q3,2007,Q3,2007-10-26,2007-09-30,16500000.0,200800000.0,24700000.0,0.58,109000000.0,0.5428286852589641,1646500000.0,724500000.0,267600000.0,129600000.0,913000000.0,48600000.0,338100000.0,1303590000.0,1680590000.0,25.42105263157895,2.064814814814815,0.2662617673853629,0.6051069703243617,0.014246343770514838,25.42105263157895,0.022774327122153208,6.491982071713148,19.751363636363635,1.7992960662525879,0.7333333333333333,1.8888888888888888,0.009282059543261301,0.12195566352869723,0.9506172839506173,0.010021257212268448,-63.58975609756097,0.5428286852589641,-0.2750000000000001,-0.6512971758664955,-0.5092648529014845,-0.4379029689608637,-0.16411042944785276,-0.26991150442477874,-0.2713864306784661,0.2595419847328245,0.09606986899563306,0.09375,Utilities—Diversified,Utilities,ALE
2007Q2,2007,Q2,2007-07-27,2007-06-30,22600000.0,223300000.0,33900000.0,0.8,130400000.0,0.5839677563815495,1629700000.0,713300000.0,307000000.0,130500000.0,907600000.0,46900000.0,333800000.0,1326810000.0,1728410000.0,25.29432624113475,2.3524904214559386,0.26919064858562924,0.6150287396607318,0.019676097140039445,25.29432624113475,0.03168372353848311,5.941827138378862,14.677101769911502,1.8601009392962287,0.5309734513274337,1.980810234541578,0.009044248988174646,0.13701908326685894,0.8030651340996169,0.01386758299073449,-71.71945945945946,0.5839677563815495,-0.13978494623655913,-0.4423676793156394,-0.4325020107427887,-0.4357308595027373,0.0219435736677116,-0.14068441064638784,-0.1791767554479419,-0.3449194125942731,-0.45919268485739606,-0.5517656069798293,Utilities—Diversified,Utilities,ALE
2007Q1,2007,Q1,2007-05-04,2007-03-31,26300000.0,205300000.0,41300000.0,0.93,127600000.0,0.6215294690696541,1560100000.0,687700000.0,281800000.0,145400000.0,864900000.0,44300000.0,323100000.0,1310022000.0,1655222000.0,24.473309608540927,1.938101788170564,0.2510095506698289,0.5694343463719646,0.023735466208881017,24.473309608540927,0.03824342009597208,6.3810131514856305,12.452680608365018,1.9049323833066742,0.3916349809885932,1.7539503386004516,0.007862463378477614,0.13159412858150119,0.8239339752407153,0.016857893724761232,1871.46,0.6215294690696541,0.7884615384615385,-0.2874782473309609,-0.47511379351797967,-0.44147580562157557,0.0015698587127158557,0.8137931034482758,0.05089058524173028,-0.4990977142857143,-0.5522803271537623,-0.5451572760947215,Utilities—Diversified,Utilities,ALE
