Quarters,Year,Quarter,FillingDate,Date,NetIncome,Revenue,OperatingIncome,EPSDiluted,GrossProfit,GrossProfitRatio,TotalAssets,CommonStockEquity,CurrentAssets,CurrentLiability,TotalLiability,Inventory,RetainedEarnings,MarketCap,EnterpriseValue,bookValuePerShare,currentRatio,debtToAssets,debtToEquity,roic,shareholdersEquityPerShare,roe,priceToSalesRatio,peRatio,pbRatio,payoutRatio,inventoryTurnover,dividendYield,assetTurnover,quickRatio,returnOnAssets,priceToFreeCashFlowsRatio,grossProfitMargin,epsdilutedGrowth,fiveYNetIncomeGrowthPerShare,fiveYRevenueGrowthPerShare,fiveYShareholdersEquityGrowthPerShare,grossProfitGrowth,netIncomeGrowth,operatingIncomeGrowth,threeYNetIncomeGrowthPerShare,threeYRevenueGrowthPerShare,threeYShareholdersEquityGrowthPerShare,Industry,Sector,Symbol
2023Q1,2023,Q1,2023-05-15,2023-03-31,-2828676.0,6622589.0,-2402134.0,-0.19,854803.0,0.1290738411,37736798.0,32289528.0,3438382.0,5262408.0,5447270.0,956302.0,-36009638.0,15451172.16,16008964.16,2.131574110944344,0.6533856743908872,0.016493688733209427,0.01927618762343011,-0.07877663861837036,2.131574110944344,-0.08760351033932735,2.333101474362972,-1.3655834178251594,0.4785196042506413,-0.010828387556581241,6.031343655037844,0.001982373873180635,0.1754941953474696,0.3208464642042198,-0.07495802903044398,-42.11987896564696,0.12907384106125264,0.0,0.7015317360712315,-0.9094324176320945,8.18620316668999,-0.398283269053299,-0.0145976761653069,0.24488668745365286,-0.8843936969258145,-0.08488233150775812,4.568878346764358,Software—Application,Technology,OLB
2022Q4,2022,Q4,2023-03-30,2022-12-31,-2787978.0,6963534.0,-3181157.0,-0.19,1420607.0,0.204006615,38653819.0,34637778.0,3388271.0,3618227.0,4016041.0,582125.0,-33394233.0,12314204.711,12710364.711,2.359684010957157,0.9364451152456714,0.021477463843870122,0.023967645961585644,-0.07800564515752215,2.359684010957157,-0.08048951638872447,1.768384373652803,-1.104223626495618,0.35551370272654326,0.0,9.521884474983896,0.0,0.18015125491222483,0.419320015023933,-0.07212684469806205,-7.338217875420417,0.2040066150319651,-0.5833333333333334,0.04062484582147172,25.753460204334214,13.106259986104703,-0.09363011282035577,-0.6279574111769384,-0.8575426758272109,-15.82500287283066,-0.017206487714412157,5.610768966529305,Software—Application,Technology,OLB
2022Q3,2022,Q3,2022-11-14,2022-09-30,-1712562.0,6246551.0,-1712562.0,-0.12,1567359.0,0.2509159054,41177888.0,37812308.0,5035415.0,2862572.0,3365580.0,565384.0,-30213076.0,15584972.24,14227459.24,2.5717752885776073,1.7590526980631405,0.022806366368279984,0.024836304623351742,-0.04384596253598631,2.5717752885776073,-0.04529112584188196,2.4949723839603646,-2.275096060755757,0.4121666479602356,0.0,8.276130912795551,0.0,0.15169673102224185,1.0275668175333232,-0.041589359803980236,-12.479658752592426,0.25091590543325426,-1.3157894736842106,0.5494006011620612,18.202213766791527,2.8247809195578277,-0.07818353767054403,-1.3043280546544513,-0.34733249624727397,-0.5860322607693434,-0.06162169163166927,6.017140936756947,Software—Application,Technology,OLB
2022Q2,2022,Q2,2022-08-12,2022-06-30,5627355.0,8372435.0,-1271076.0,0.38,1700294.0,0.2030823769,43218537.0,39454177.0,5964776.0,3157335.0,3764360.0,303909.0,-28500514.0,12975224.53,10402378.53,2.6834457563332816,1.889180590593016,0.02422867761581101,0.026540358451780658,0.12179348896004513,2.6834457563332816,0.14263014534557392,1.5497551823334548,0.5764353115273516,0.3288682090618694,0.0,21.954404114389504,0.0,0.19372323963673274,1.4123338195028403,0.1302069757706051,342.56209652295587,0.20308237687124475,4.8,2.7211168555012724,13.10676447091943,3.33167906404763,-0.3275010065964699,4.866014333647523,0.12676594329745342,5.420466317876013,0.20443060595276996,6.934661869016667,Software—Application,Technology,OLB
2022Q1,2022,Q1,2022-05-16,2022-03-31,-1455596.0,8786459.0,-1455596.0,-0.1,2528322.0,0.2877520967,44949908.0,40820438.0,6224064.0,3427171.0,4129470.0,337592.0,-27062560.0,25393730.25,22891881.25,2.81312614557682,1.816093798646172,0.025271575639264934,0.027828094348228208,-0.034386714010658966,2.81312614557682,-0.035658510082620866,2.8900983035372954,-4.3613973674700945,0.6220837280089939,0.0,18.53757494253418,0.0,0.19547223544929168,1.4036381610371937,-0.03238262467633972,-42.7002830853359,0.28775209672064705,0.6551724137931034,0.5191337444509853,16.5546036617071,4.0298021272670885,-0.7135650245806494,0.370420222732408,0.3704196781155791,-0.33396457829377046,0.264746256208714,8.380339350028924,Software—Application,Technology,OLB
2021Q4,2021,Q4,2022-03-28,2021-12-31,-2312012.0,8826862.0,-2312010.0,-0.29,8826862.0,1.0,45529491.0,42205201.0,4885576.0,3051124.0,3324290.0,0.0,-25606964.0,20834761.099999998,17770768.099999998,5.368133673968549,1.6012381011063463,0.008924896612615326,0.009627865532496812,-0.05425785175083101,5.368133673968549,-0.05478026274534269,2.36038142433857,-2.2528820244012575,0.49365387692384166,0.0,0.0,0.0,0.19387130859863994,1.357257522145937,-0.05078053694911722,-3.788844484653958,1.0,-1.6363636363636362,-0.8740230454745909,16.05265814714411,8.456999800220869,13.706509985821416,-1.5678921846296012,-1.5678614427053947,-1.6120724089936298,1.1485769049639223,17.869732854476133,Software—Application,Technology,OLB
2021Q3,2021,Q3,2021-11-12,2021-09-30,-900354.0,2823921.0,-900364.0,-0.11,600201.0,0.21254171062150817,21560959.0,20482882.0,1562231.0,692788.0,1078077.0,0.0,-23294953.0,31448696.0,30762017.0,2.6052440457308625,2.2549914259484862,0.022094379011620032,0.023257274049618602,-0.04247119600490636,2.6052440457308625,-0.043956411993195096,11.136535335089048,-8.73231417864529,1.5353647987622054,0.0,0.0,0.0,0.13097381243570844,2.21702454430504,-0.04175853216918598,-4.9206546353628084,0.21254171062150817,-0.22222222222222227,0.4268208956743483,18.79643428216072,5.6277557848158475,-0.1832077482182881,-0.3516068790757443,-0.3515995718662698,-0.009381532205631484,-0.3467561012061651,18.22402024540462,Software—Application,Technology,OLB
2021Q2,2021,Q2,2021-08-12,2021-06-30,-666136.0,2833572.0,-666147.0,-0.09,734827.0,0.25932886123945326,12267346.0,11300632.0,2456469.0,590854.0,966714.0,0.0,-22394599.0,38859202.2,37273234.2,1.5878208307632213,4.1574889905120385,0.03791276450505268,0.04115601676083249,-0.05553733899289004,1.5878208307632213,-0.0589467916484671,13.713857350369075,-14.583809537391764,3.4386751289662385,0.0,0.0,0.0,0.23098492534571047,4.12907757246291,-0.054301557973501356,-114.36543597199373,0.25932886123945326,0.4705882352941177,0.553503426288327,6.788990074466059,4.6654078007354025,0.08201228041759309,0.3943430827825799,0.3224250203939646,-0.9987281208120969,-0.5497667848645841,21.677739549639735,Software—Application,Technology,OLB
2021Q1,2021,Q1,2021-05-13,2021-03-31,-1099857.0,2226404.0,-983134.0,-0.17,679130.0,0.3050344861040494,12779155.0,11887275.0,2762992.0,437035.0,891880.0,0.0,-21728463.0,34649213.5,32800638.5,1.8869118775235691,6.322129806537234,0.04243214829149502,0.045615752979551664,-0.07719611060011757,1.8869118775235691,-0.0925238963513505,15.562859885267903,-7.875845109864282,2.914815506497494,0.0,0.0,0.0,0.17422153499194587,6.2576109464917,-0.08606648874671291,-36.87012217961105,0.3050344861040494,-14.454545454545455,-0.06406301436487345,5.098039483750972,11.067436245793084,-0.4939037885861753,-15.476517909307447,-9.795573289436016,0.7209501809504834,-0.9267884649167147,7.361370238033856,Software—Application,Technology,OLB
2020Q4,2020,Q4,2021-03-30,2020-12-31,-66753.0,2844556.0,111776.0,-0.011,1341899.0,0.4717428660219732,14377502.0,5752181.0,4205007.0,999200.0,8625321.0,0.0,-20628606.0,28898041.64,32964626.64,0.9833114123784618,4.208373698959167,0.5488488890490156,1.371840698336857,0.008033405443477385,0.9833114123784618,-0.011604815634278546,10.159069338061897,-108.22750153551152,5.023840807512838,0.0,0.0,0.0,0.19784772069584827,4.183832065652522,-0.004642878853364096,162.84531824611034,0.4717428660219732,0.9,0.9416156142403357,7.7815153372646755,36.29884617177946,0.632917569179099,0.8984525935639331,1.262741466120699,0.9423599134832784,26.42328384399028,6.0448380165650955,Software—Application,Technology,OLB
2020Q3,2020,Q3,2020-11-12,2020-09-30,-657358.0,2308037.0,-425422.0,-0.11,821780.0,0.35605148444327367,14989515.0,5702341.0,4576217.0,1163768.0,9287174.0,0.0,-20561853.0,21936772.5,26180208.5,0.9747914717171817,3.932241649538396,0.5581285318437588,1.4671300786817203,-0.029626389048190396,0.9747914717171817,-0.1152786197808935,9.504515092262386,-8.342779923572847,3.846976618900904,0.0,0.0,0.0,0.15397676309073374,3.903453265599329,-0.04385452097682947,-50.02422335886601,0.35605148444327367,-0.22222222222222227,0.5197183807954449,8.643608820585737,2.2861449689726885,0.16493321104402842,-0.2879044060743443,-1.171960994537193,0.5652846640596353,16.832510190360008,1.6916548603750727,Software—Application,Technology,OLB
2020Q2,2020,Q2,2020-08-14,2020-06-30,-510409.0,2000035.0,-195870.0,-0.09,705431.0,0.3527093275867672,11304369.0,-3703824.0,820048.0,2345523.0,15008193.0,0.0,-19904495.0,58008720.0,70975999.0,-0.670419068029772,0.3496226641137179,1.176334212020149,-3.5902667081373196,-0.020416114753011604,-0.670419068029772,0.13780595406261203,29.00385243258243,-28.41286105848447,-15.66184570325156,0.0,0.0,0.0,0.17692584168121192,0.2896044933262219,-0.04515148081241863,-350.8726342339727,0.3527093275867672,0.10000000000000009,0.5972090039914609,10.576953617849686,-0.2795602067727198,-0.21055641352760804,0.058645498859291746,0.1301973009338822,0.584548288538204,7.968285200637841,0.4174646156442765,Software—Application,Technology,OLB
2020Q1,2020,Q1,2020-05-15,2020-03-31,-542207.0,2613993.0,-225189.0,-0.1,893580.0,0.3418448327902944,11496096.0,-3268011.0,944706.0,2664107.0,14764107.0,0.0,-19394086.0,82074090.0,94526024.0,-0.5972672374436317,0.3546051265958912,1.052531224513087,-3.7025579167267186,-0.02549697469052554,-0.5972672374436317,0.16591345622765652,31.39797619963022,-37.842599782002075,-25.114386089887702,0.0,0.0,0.0,0.22738093001311055,0.3076088910843296,-0.0471644460867411,-1632.7303652423013,0.3418448327902944,-7.858536506394691,0.603738084702291,8.864753886748625,-1.0275489473553974,-0.11900588197017409,-7.7778371377691435,-3.6666942980638284,0.5249687238784888,12.85017300097745,0.35672932783375016,Software—Application,Technology,OLB
2019Q4,2019,Q4,2020-04-29,2019-12-31,-61770.0,2641258.0,84445.0,-0.01128854635614057,1014286.0,0.3840162528613259,11868929.0,-2800400.0,1112004.0,2494329.0,14669329.0,0.0,-18851879.0,82078770.0,94457621.0,-0.5117766750159634,0.44581288194139584,1.0257875836985797,-4.34759320097129,0.009007851001642737,-0.5117766750159634,0.02205756320525639,31.07563517081633,-332.1951189898009,-29.3096593343808,0.0,0.0,0.0,0.222535495831174,0.39570561862528963,-0.005204344890764786,150.08113059887071,0.3840162528613259,0.8385759340472669,0.9640690897923648,9.717958817127625,-10.500000155997615,0.30474257252528997,0.8462893701522176,1.9919534829084928,0.9280608146978081,6.33161489759103,0.2890790738207503,Software—Application,Technology,OLB
2019Q3,2019,Q3,2019-11-15,2019-09-30,-401859.0,2477432.0,-85130.0,-0.069931,777384.0,0.31378621088288194,11508861.0,-2804893.0,659066.0,1813754.0,14313754.0,0.0,-18790109.0,65663016.0,78378458.0,-0.5125977765017677,0.36337121792701765,1.0861196429429463,-4.456497984058572,-0.008780717943597735,-0.5125977765017677,0.1432707058700635,26.50446752928032,-40.84953677782506,-23.410167874496462,0.0,0.0,0.0,0.21526300474043436,0.3477538850362287,-0.03491735628747276,-580.7237576390056,0.31378621088288194,0.19233345652776498,0.703657765306806,4.517371918196358,0.4672595288552254,-0.1394831922354858,0.15011272359666525,0.48294188031073293,0.6324183517554748,23.95394668636499,0.08946060950527294,Software—Application,Technology,OLB
2019Q2,2019,Q2,2019-08-14,2019-06-30,-472838.0,2581940.0,-164643.0,-0.086584,903392.0,0.34988884327288783,11624535.0,-2469296.0,589519.0,1593831.0,14093831.0,0.0,-18388250.0,65532624.0,78134995.0,-0.4521648942364951,0.369875476132664,1.0888856199409267,-5.1260719654508815,-0.016159700948903826,-0.4521648942364951,0.19148696632562479,25.381156804573305,-34.648560394892115,-26.538990870272336,0.0,0.0,0.0,0.2221112500413995,0.3543725777701651,-0.04067586359368353,-871.2590938098277,0.34988884327288783,-0.15141360142556973,0.6830199019198115,12.680270020006299,0.36704207626439034,0.035055156073125905,-0.1619211441349568,-0.5902158690297967,0.58695960928217,8.249493877658772,-0.04380084858598095,Software—Application,Technology,OLB
2019Q1,2019,Q1,2019-05-16,2019-03-31,-406945.0,2590894.0,-103535.0,-0.075198,872796.0,0.3368705937024054,11771456.0,-2062721.0,550389.0,1334177.0,13834177.0,0.0,-17915412.0,21917077.2,34444232.2,-0.38116487767812396,0.41253072118616946,1.061890729574999,-6.059956727061003,-0.009919730995022745,-0.38116487767812396,0.1972855272235072,8.459272050496855,-13.464397645873522,-10.625323153252427,0.0,0.0,0.0,0.220099705592919,0.38974214066049706,-0.03457048983575184,-192.69284778575886,0.3368705937024054,0.33204982330174215,0.38045767133072816,1.3855708404460245,0.1361041022096639,-0.016274155099832627,0.3320470354965679,0.5879220381212413,0.5416788289967508,7.261120958064607,-1.0336684245139585,Software—Application,Technology,OLB
2018Q4,2018,Q4,2019-04-18,2018-12-31,-609242.0,2827746.0,-251251.0,-0.11258025317353904,887235.0,0.3137605004126962,11999274.0,-1722038.0,547109.0,1221312.0,13721312.0,0.0,-17508467.0,43834154.4,56247568.4,-0.3182109473976758,0.4479682505371273,1.0417296913129912,-7.258840977957513,-0.023311549994331025,-0.3182109473976758,0.3537912636074233,15.501446876770402,-17.9871686456285,-25.454812495426932,0.0,0.0,0.0,0.23565975741532363,0.42388513336477496,-0.050773238447592746,-393.01511122268744,0.3137605004126962,0.007692584827734505,0.8603655774591764,5.3445800394491165,0.0685787336040672,0.08405360428717001,0.007691004684313738,0.1584008843036109,0.423990545840872,8.436462585451505,-10.423114936902158,Software—Application,Technology,OLB
2018Q3,2018,Q3,2018-11-19,2018-09-30,-613964.0,2975515.0,-298540.0,-0.113453,818442.0,0.275058939376881,12680257.0,-818543.0,688496.0,4117305.0,13498800.0,0.0,-16574124.0,55198564.8,67499341.8,-0.1512564435370972,0.16722006263806058,0.7388070289111648,-11.445046869865115,-0.03491810258113716,-0.1512564435370972,0.7500693305055446,18.550928091439634,-22.47630349662195,-67.43514366380262,0.0,0.0,0.0,0.23465731017912334,0.15118263038565274,-0.0484188924562018,-434.89462040276067,0.275058939376881,-1.422759887246946,0.5655506932257298,7.041755774244367,0.7982911848276257,-0.2080188811615127,-2.604386572579225,-18.849925261584456,0.5151015791088848,12.439181282271413,0.8004314568558507,Software—Application,Technology,OLB
2018Q2,2018,Q2,2018-08-22,2018-06-30,-170338.0,3216615.0,16725.0,-0.046828,1033411.0,0.3212728287345548,13225404.0,-279320.0,1287566.0,4067343.0,13504724.0,0.0,-15960161.0,57836329.5,70094450.5,-0.07678889788467645,0.3165619422802552,0.9392931210267754,-44.47419089216669,0.0013773128046609747,-0.07678889788467645,0.6098310181870257,17.980494868052286,-84.88465506815861,-207.0611825146785,0.0,0.0,0.0,0.24321487646048467,0.20351246501708856,-0.012879606551149591,538.6888604293764,0.3212728287345548,0.9251517248764863,0.8140829613405945,9.94575871073804,0.8640192222494395,0.10697028222407179,0.5880042375546021,-0.8616613867773927,0.7958387301017834,27.278486709699166,0.8534408957908659,Software—Application,Technology,OLB
2018Q1,2018,Q1,2018-05-15,2018-03-31,-413446.0,3189986.0,120899.0,-0.625639,933549.0,0.29264987369850526,20318.0,-196018.0,15353.0,216336.0,216336.0,0.0,-15788823.0,2973771.0,3007899.0,-0.29662035173522106,0.07096830855705939,0.0,0.0,-0.616774990051934,-0.29662035173522106,2.1092246630411493,0.9322207056708086,-1.7981616704478942,-15.170907773775877,0.0,0.0,0.0,157.0029530465597,0.0016317210265512905,-20.34875479870066,-14.385641308449191,0.29264987369850526,-2.160233062338392,-1.4347464226967468,72.51243151432776,0.24644068231335636,261.0120684816166,-3.648071950534008,2.3727758916304262,-1.5018186043959516,98.67595845078276,-0.006940016497547437,Software—Application,Technology,OLB
2017Q4,2017,Q4,2018-04-13,2017-12-31,-88950.0,7967.0,-88069.0,-0.19797242407718588,3563.0,0.44721978159909626,5545.0,-87576.0,580.0,93121.0,93121.0,0.0,-15680381.0,2695830.0,2698731.0,-0.19491436774574064,0.006228455450435455,0.0,0.0,1.0056293961816023,-0.19491436774574064,1.0156892299260072,338.37454499811724,-7.57681281618887,-30.7827486982735,0.0,0.0,0.0,1.436789900811542,0.006228455450435455,-16.041478809738503,5663.508403361345,0.44721978159909626,0.3400985187575262,0.8272263183995361,-0.8672866983452221,0.35101555911390625,-0.34213441654357457,0.2341403774624604,0.1719491899921961,0.36986311889166873,-0.606273718989417,-3.379869909882619,Software—Application,Technology,OLB
2017Q3,2017,Q3,2017-11-16,2017-09-30,-116144.0,9941.0,-106357.0,-0.300003,5416.0,0.5448144049894377,5069.0,-633233.0,104.0,638302.0,638302.0,0.0,-15591431.0,1347915.0,1564311.0,-1.409361124403245,0.00016293227970459124,0.0,0.0,0.16795871345934277,-1.409361124403245,0.1834143198475127,135.59148978975958,-2.901387501722,-2.128624060969659,0.0,0.0,0.0,1.9611363188005524,0.00016293227970459124,-22.912606036693628,-818.4061930783242,0.5448144049894377,-0.3490616909704153,0.7152490493914294,-0.8321016917374379,0.2318592189867009,-0.5877293141508716,-0.16241642980103288,-0.16604174889268955,-0.04307361630752558,-0.7303757686423719,-0.46474242348791117,Software—Application,Technology,OLB
2017Q2,2017,Q2,2017-08-10,2017-06-30,-99916.0,18137.0,-91212.0,-0.22237900757837104,13137.0,0.7243204499090258,6716.0,-517089.0,1751.0,523805.0,523805.0,0.0,-15475287.0,1347915.0,1562664.0,-1.1508641123512982,0.0033428470518609026,32.236450268016675,-0.4186900127444212,0.30344423781309365,-1.1508641123512982,0.19322785826037683,74.31852015217511,-3.3726205012210255,-2.6067369447039095,0.0,0.0,0.0,2.700565812983919,0.0033428470518609026,-14.877307921381774,-35.78218741704274,0.7243204499090258,-0.06602082622055304,0.6360017774689627,-0.7507485604108204,-0.11541168388543445,0.30990128626981756,-0.0660208262205531,-0.058156127101242475,0.1858775640237334,0.1680166592247492,-0.611024138186862,Software—Application,Technology,OLB
2017Q1,2017,Q1,2017-05-12,2017-03-31,-93728.0,15498.0,-86199.0,-0.20860662578871814,10029.0,0.6471157568718544,6386.0,-417173.0,1421.0,423559.0,423559.0,0.0,-15375371.0,4043745.0,4220824.0,-0.9284851047729271,0.0033549045115320417,0.0,0.0,0.20662650746812475,-0.9284851047729271,0.22467417594139602,260.92044134727064,-10.785851079720041,-9.693208812650866,0.0,0.0,0.0,2.426871280927028,0.0033549045115320417,-14.67710616974632,-265.3550101712711,0.6471157568718544,-0.3293997503687734,0.6645215904877111,-0.7121457263152796,-1.0371037674305938,-0.5907699840861794,-0.3293997503687734,-0.3391800146037566,-0.7186639978612638,-0.8281281738102549,-1.1043766625583762,Software—Application,Technology,OLB
2016Q4,2016,Q4,2017-04-12,2016-12-31,-70504.0,29581.0,-64367.0,-0.15691790654455215,24507.0,0.8284709779926304,6125.0,-323445.0,1160.0,329570.0,329570.0,0.0,-15281643.0,4717702.5,4879542.5,-0.719878478984209,0.003519737840216039,0.0,0.0,0.19900446752925535,-0.719878478984209,0.21797832707260895,159.48421283932254,-16.728492355043684,-14.585795111997403,0.0,0.0,0.0,4.8295510204081635,0.003519737840216039,-11.510857142857143,-88.13358179678305,0.8284709779926304,0.21459762944479102,0.8343911745924689,-0.711215468997025,-13.81375473360793,7.364163822525597,0.21459762944479102,0.25841052583068347,0.8053731391695477,-0.20060450242835326,-1.1071246292123864,Software—Application,Technology,OLB
2016Q3,2016,Q3,2016-11-10,2016-09-30,-89768.0,8152.0,-86796.0,-0.19979301365442184,2930.0,0.35942100098135427,6654.0,-252941.0,1689.0,259595.0,259595.0,0.0,-15211139.0,4043745.0,4152056.0,-0.5629605724396568,0.0065062886419229955,0.0,0.0,0.34314721614922056,-0.5629605724396568,0.3548969917885989,496.0433022571148,-11.261655044113715,-15.986909990867435,0.0,0.0,0.0,1.225127742711151,0.0065062886419229955,-13.49083258190562,-55.52535460749447,0.35942100098135427,0.04690374989796668,0.6740632098226232,-0.900989942516338,-2.827587099193031,-0.795676429567643,-0.1368650346373526,-0.10405006614429632,0.234924819087021,-0.7346376716008348,0.24926100733213113,Software—Application,Technology,OLB
2016Q2,2016,Q2,2016-08-12,2016-06-30,-78961.0,19254.0,-78616.0,-0.2096252226708825,14340.0,0.7447803053910875,4965.0,-163173.0,0.0,168138.0,168138.0,0.0,-15121371.0,1130031.0,1165031.0,-0.43319077087265745,0.0,7.049345417925478,-0.21449627082912,0.613358507642015,-0.43319077087265745,0.4839097154553756,58.69071361794952,-3.5778137308291433,-6.925355297751467,0.0,0.0,0.0,3.8779456193353474,0.0,-15.903524672708963,-34.79909463246389,0.7447803053910875,-0.2776307420358503,0.7839485199430349,-0.7781055032231594,-1.4703354750095474,-0.29547017785201923,-0.07110785550536497,-0.06642792224528277,0.16774811905583809,-0.36729356574897154,0.23288887377841028,Software—Application,Technology,OLB
2016Q1,2016,Q1,2016-05-16,2016-03-31,-73719.0,26039.0,-73719.0,-0.16407340225459321,20354.0,0.7816736433810823,9534.0,-84212.0,4569.0,93746.0,93746.0,0.0,-15042410.0,1617498.0,1612929.0,-0.18742724875084854,0.04873807949139163,0.0,0.0,0.8753978055384031,-0.18742724875084854,0.8753978055384031,62.1182841122931,-5.485349774142351,-19.207452619579158,0.0,0.0,0.0,2.7311726452695617,0.04873807949139163,-7.732221522970422,-274.80428134556576,0.7816736433810823,0.16052923838234456,0.7454458779860297,-0.7387084275272449,-1.1033573726512533,0.19252402156081555,-0.0013311419296124748,-0.062432444117774225,0.3614893671588424,-0.11742815486686375,0.5238440354536079,Software—Application,Technology,OLB
2015Q4,2015,Q4,2016-04-01,2015-12-31,-73621.0,20858.0,-69387.0,-0.19544862043607653,17068.0,0.8182951385559497,7840.0,-10493.0,2875.0,18333.0,18333.0,0.0,-14968691.0,1808049.5999999999,1805174.5999999999,-0.027856757911951087,0.1568210331096929,0.0,0.0,6.612694177070428,-0.027856757911951087,7.016201277041837,86.68374724326397,-6.139721003518018,-172.31007338225484,0.0,0.0,0.0,2.6604591836734692,0.1568210331096929,-9.390433673469389,-37.47020081652954,0.8182951385559497,0.3485111134352773,0.8058651004195254,-0.8722928765768407,-1.0077168271955563,0.9402068887120609,0.16465075114600827,0.1702005525060094,0.8294288819572824,-0.5855573438779968,0.9072484872845814,Software—Application,Technology,OLB
2015Q3,2015,Q3,2015-11-12,2015-09-30,-88132.0,15411.0,-83619.0,-0.300003,8797.0,0.5708260333527999,6093.0,-285490.0,1128.0,291583.0,291583.0,0.0,-14895070.0,3616099.1999999997,3767971.1999999997,-0.7579172606769194,0.0038685382892692647,0.0,0.0,0.2928964236925987,-0.7579172606769194,0.30870433290132754,234.64403348257736,-10.257622656923704,-12.666290237836701,0.0,0.0,0.0,2.5292959133431805,0.0038685382892692647,-14.46446742163138,-69.26862309401578,0.5708260333527999,-0.3079496056737426,0.6901281246108109,-0.8850927166212936,-1.2479792433155292,0.6173929031071889,-0.020069909025671892,0.01315882644511058,0.7422645377140245,-0.6895303046049424,0.5869141368530794,Software—Application,Technology,OLB
2015Q2,2015,Q2,2015-08-05,2015-06-30,-86398.0,11779.0,-84734.0,-0.22936892881699705,5439.0,0.4617539689277528,5297.0,-197358.0,332.0,202655.0,202655.0,0.0,-14806938.0,3616099.1999999997,3715767.1999999997,-0.5239449183252495,0.0016382522020182083,18.878610534264677,-0.5066934200792469,0.870334230366277,-0.5239449183252495,0.4377729810800677,306.9954325494524,-10.463492210467834,-18.322536709938284,0.0,0.0,0.0,2.2237115348310366,0.0016382522020182083,-16.310741929394,-72.58037011761871,0.4617539689277528,0.23544454949784824,0.7197874706063346,-0.9146969532864758,-1.118924713944748,-0.5114963175857733,0.08279456882915592,0.09240475144867771,0.6245604146613912,-0.8069131076539189,0.49219523196497755,Software—Application,Technology,OLB
2015Q1,2015,Q1,2015-05-14,2015-03-31,-94197.0,18242.0,-93361.0,-0.300003,11134.0,0.6103497423528121,5119.0,-110960.0,154.0,116079.0,116079.0,0.0,-14720540.0,9605263.5,9655109.5,-0.2945759895082524,0.0013266826902368215,0.0,0.0,0.8413932948810382,-0.2945759895082524,0.8489275414563807,526.5466231772832,-25.49248781808338,-86.56510003604903,0.0,0.0,0.0,3.5635866380152375,0.0013266826902368215,-18.40144559484274,-193.91644963963418,0.6103497423528121,0.0451046117946291,-0.29641719888737983,-0.8997167375427456,0.6583331129834443,0.1297818366311517,0.20402731067583782,0.16682135399004053,0.5978348389546613,-0.5958508914287645,0.35369791616784874,Software—Application,Technology,OLB
2014Q4,2014,Q4,2015-03-23,2014-12-31,-118342.0,16964.0,-112054.0,-0.31417368196093737,9855.0,0.5809360999764207,4965.0,-16763.0,0.0,21728.0,21728.0,0.0,-14626343.0,9605263.5,9605576.5,-0.04450231896293111,0.0,0.0,0.0,6.684602994690688,-0.04450231896293111,7.059714848177534,566.2145425607168,-20.291324086123268,-573.0038477599475,0.0,0.0,0.0,3.4167170191339378,0.0,-23.83524672708963,-174.99751311762134,0.5809360999764207,-0.04723513418511597,0.7582039219311412,-0.9120316706399678,0.9475187733218493,-0.598868446760013,-0.26773720125550354,-0.26750749392002715,0.668425767401264,-0.8024570717409543,0.08422538325650984,Software—Application,Technology,OLB
2014Q3,2014,Q3,2014-11-04,2014-09-30,-93349.0,30910.0,-88405.0,-0.300003,24568.0,0.7948236816564219,6540.0,-362435.0,1575.0,368975.0,368975.0,0.0,-14508001.0,11187306.9,11315731.9,-0.9621904177849988,0.004268581882241345,0.0,0.0,0.24391959937643992,-0.9621904177849988,0.25756066605046424,361.9316370106762,-29.960971461933173,-30.86707106101784,0.0,0.0,0.0,4.726299694189603,0.004268581882241345,-14.273547400611621,-385.79581005586596,0.7948236816564219,-0.09830139013509585,0.6530031672331457,-0.8776120368986942,0.8708938659355582,3.768633540372671,0.0927301001069103,0.10732677666256034,0.5957093909311681,-0.5521977252044831,-4.123641122664069,Software—Application,Technology,OLB
2014Q2,2014,Q2,2014-08-11,2014-06-30,-102890.0,13018.0,-99034.0,-0.2731517984904839,5152.0,0.3957597173144876,10538.0,-269086.0,5573.0,279624.0,279624.0,0.0,-14414652.0,11300310.0,11399737.0,-0.7143680129129201,0.019930335021314336,9.963940026570507,-0.39020982139539034,0.6035493582633497,-0.7143680129129201,0.3823684621273496,868.0526962667076,-27.457260180775588,-41.9951613982147,0.0,0.0,0.0,1.2353387739609034,0.019930335021314336,-9.7637122793699,-335.50993141533803,0.3957597173144876,-1.2504374453193348,0.561897012901552,-0.9604829822240107,0.8939873491083921,-0.9231021821546912,-1.250437445319335,-1.316205533596838,0.7184744774881127,-0.8499728597153365,-1.775622753938575,Software—Application,Technology,OLB
2014Q1,2014,Q1,2014-05-12,2014-03-31,-45720.0,75596.0,-42757.0,-0.12137720115642846,66998.0,0.8862638234827239,39219.0,-166196.0,34254.0,205415.0,205415.0,0.0,-14311762.0,6780186.0,6770932.0,-0.4412162144224362,0.1667551055180975,0.0,0.0,0.2572685263183229,-0.4412162144224362,0.2750968735709644,89.68974548917932,-37.074507874015744,-40.796324821295336,0.0,0.0,0.0,1.9275351232820828,0.1667551055180975,-1.1657614931538285,-365.2133584702397,0.8862638234827239,0.8494546342245849,0.8437407437547997,-0.8011009151964376,0.9278473656288462,2.9228292054569938,0.8391930105938463,0.8563393532129357,0.8116875346746047,-0.09515942728543987,-1.2433101323194269,Software—Application,Technology,OLB
2013Q4,2013,Q4,2014-03-28,2013-12-31,-284316.0,29043.0,-297625.0,-0.80625,17079.0,0.5880590848052887,7784.0,-120476.0,2819.0,128260.0,128260.0,0.0,-14266042.0,3173760.0,3220941.0,-0.3416401996370236,0.02197879307656323,0.0,0.0,,-0.3416401996370236,2.3599389089943226,109.2779671521537,-2.7906976744186047,-26.34350410040174,0.0,0.0,0.0,3.731115107913669,0.02197879307656323,-36.5256937307297,-127.93292486294743,0.5880590848052887,-1.6874731252687472,0.601731732661339,0.0,0.9500907136334442,-0.08541287351397665,-2.0874045760079922,-2.318300405833296,0.1991692628091511,-0.8100577997936462,-1.0946405318230963,Software—Application,Technology,OLB
2013Q3,2013,Q3,2013-11-08,2013-09-30,-92089.0,24111.0,-89692.0,-0.300003,18674.0,0.7745012649827879,7592.0,-264436.0,2627.0,272028.0,272028.0,0.0,-13981726.0,9521280.0,9518653.0,-0.7498752268602541,0.009657094122663844,0.0,0.0,,-0.7498752268602541,0.3482468347728751,394.8936170212766,-25.848038310764586,-36.00599010724712,0.0,0.0,0.0,3.1758429926238145,0.009657094122663844,-12.129741833508957,-308.6914797043185,0.7745012649827879,0.0,0.7756418404118726,0.0,0.8848919254730375,0.04440715883668904,-0.046192472421980615,-0.04093309348343295,0.6541451886057306,-0.8079698196100874,-1.2453480095858824,Software—Application,Technology,OLB
2013Q2,2013,Q2,2013-06-30,2013-06-30,-88023.0,28233.0,-86165.0,-0.300003,17880.0,0.6333014557432791,13436.0,-197346.0,8471.0,210782.0,210782.0,0.0,-13889637.0,4717818.0,4709347.0,-0.5647040644636991,0.04018844113823761,0.0,0.0,0.43661893324414985,-0.5647040644636991,0.44603386944756923,167.10296461587504,-13.399389932176819,-23.90632695874251,0.0,0.0,0.0,2.1012950282822267,0.04018844113823761,-6.551280142899673,-110.31702754524622,0.6333014557432791,0.0,0.8262829436115489,0.0,0.8939080227432386,0.483325037332006,-0.0038203631055560624,0.003573328399287647,0.6922899253617824,-0.7796186507913084,-1.1281762013160563,Software—Application,Technology,OLB
2013Q1,2013,Q1,2013-05-10,2013-03-31,-87688.0,22408.0,-86474.0,-0.300003,12054.0,0.5379328811138879,6202.0,-134324.0,1237.0,140526.0,140526.0,0.0,-13801614.0,5118720.0,5117483.0,-0.39362575018754686,0.008802641504063305,0.0,0.0,0.6437717757065007,-0.39362575018754686,0.652809624490039,228.43270260621208,-14.593558981844723,-38.10726303564516,0.0,0.0,0.0,3.613028055465979,0.008802641504063305,-14.138664946791357,-156.79470685535748,0.5379328811138879,0.7381826128422039,0.8645016424394383,0.0,0.8994934208678382,-0.47045644247243334,0.6791534639336705,0.4700471278949336,-0.3321307865986775,-0.864025307065921,0.5434492643455318,Software—Application,Technology,OLB
2012Q4,2012,Q4,2013-04-01,2012-12-31,-273302.0,31868.0,-163173.0,-1.14584826950087,22763.0,0.7142901970628844,13848.0,-71635.0,8883.0,85483.0,85483.0,0.0,-13713926.0,2504407.5,2495524.5,-0.3003375049787225,0.10391539838330428,0.0,0.0,2.277839045159489,-0.3003375049787225,3.8152020660291757,78.58690535960838,-2.2908792288384277,-34.96066866755078,0.0,0.0,0.0,2.3012709416522243,0.10391539838330428,-19.735846331600232,-61.79907464528069,0.7142901970628844,-0.27315201236973197,0.7661729027756318,0.0,0.9204329612956967,0.1904712096647665,-0.26222497275128853,0.21210526315789474,0.11812594900375042,-0.7390205598551426,0.6458143969560822,Software—Application,Technology,OLB
2012Q3,2012,Q3,2012-11-14,2012-09-30,-216524.0,31431.0,-207100.0,-0.900009,19121.0,0.6083484458019153,97442.0,-437620.0,24408.0,535062.0,535062.0,0.0,-13440624.0,2504407.5,2479999.5,-1.8347693017210658,0.04561714343384505,0.0,0.0,0.4732416251542434,-1.8347693017210658,0.49477628993190437,79.67953612675385,-2.8916049721970776,-5.7227903203692705,0.0,0.0,0.0,0.3225611132776421,0.04561714343384505,-2.2220808275692208,-49.55199738825904,0.6083484458019153,-0.49999999999999983,0.7532297430520554,0.0,0.6772718027125023,-0.2969703654680491,-0.48592134068090886,-0.4282266128754181,-0.27108703387235167,-0.8034598393510233,0.7538117538203827,Software—Application,Technology,OLB
2012Q2,2012,Q2,2012-08-09,2012-06-30,-145717.0,38628.0,-145005.0,-0.600006,27198.0,0.7041006523765144,141850.0,-246096.0,0.0,387946.0,387946.0,0.0,-13224100.0,78709.95,95975.95,-1.0317841645179548,0.0,0.12172012689460698,-0.0701596125089396,,-1.0317841645179548,0.5921144593979585,2.0376397949673812,-0.13503906544878086,-0.31983433294324165,0.0,0.0,0.0,0.27231582657737047,0.0,-1.0272611913993654,-3.1209337827121333,0.7041006523765144,0.0,0.9636354789220783,0.0,0.0,0.9432695055730209,0.01750352295483201,0.05793193955379998,0.020134030916442433,-0.8148193841475418,0.8468825976928718,Software—Application,Technology,OLB
2012Q1,2012,Q1,2012-05-07,2012-03-31,-148313.0,28581.0,-153922.0,-0.600006,13996.0,0.4896959518561282,210087.0,-108712.0,169.0,318799.0,318799.0,0.0,-13078383.0,78709.95,78540.95,-0.4557868477873509,0.0005301145863067325,0.0,0.0,,-0.4557868477873509,1.3642744131282656,2.75392568489556,-0.13267540606689907,-0.7240226469938922,0.0,0.0,0.0,0.13604363906381642,0.0005301145863067325,-0.7059599118460448,-1.553199739521667,0.4896959518561282,0.3667625888874641,0.9629876320907664,0.0,0.0,-0.5908918184209757,0.26853651078604474,0.12779713840487322,0.1994800546728892,-0.8812414750871499,0.9254646118963908,Software—Application,Technology,OLB
2011Q4,2011,Q4,2012-03-20,2011-12-31,-202762.0,48786.0,-176475.0,-0.9475214026692587,34211.0,0.7012462591727134,278831.0,-10399.0,845.0,289230.0,289230.0,0.0,-12930070.0,70617.36,69772.36,-0.048595274589704286,0.0029215503232721362,0.0,0.0,,-0.048595274589704286,19.498220982786805,1.4474923133685893,-0.08706927333524034,-6.7907837292047315,0.0,0.0,0.0,0.174966198163045,0.0029215503232721362,-0.7271860015564984,90.7678149100257,0.7012462591727134,-0.5791865459166385,0.80664440044874,0.0,0.9871258766220383,0.4230865224625624,-0.5457601793051924,-0.2824938409773043,0.5319470296962686,0.0,0.9929008486760756,Software—Application,Technology,OLB
2011Q3,2011,Q3,2011-11-03,2011-09-30,-131173.0,39214.0,-137603.0,-0.600006,24040.0,0.6130463609935227,347403.0,65917.0,600.0,281486.0,281486.0,0.0,-12727308.0,70617.36,70550.36,0.30803487980859096,0.002131544730466169,0.0,0.0,,0.30803487980859096,-1.9899722378142208,1.8008201152649563,-0.1345882155626539,1.0713072500265486,0.0,0.0,0.0,0.11287755143162265,0.002131544730466169,-0.37758165588667914,-3.940041287730849,0.6130463609935227,0.38160025453336993,0.8333714627459909,0.0,1.054182038782231,-0.26162540696602987,0.36822763898722227,0.027107475413081443,0.4733615083992937,0.0,1.0472842689448107,Software—Application,Technology,OLB
2011Q2,2011,Q2,2011-07-29,2011-06-30,-207627.0,49295.0,-141437.0,-0.9702558974167259,32558.0,0.6604726645704433,433609.0,197092.0,17990.0,236517.0,236517.0,0.0,-12596135.0,70617.36,93873.36,0.9210250850499084,0.07606218580482586,0.09512256433791734,0.20927282690317212,,0.9210250850499084,-1.0534521949140503,1.432546100010143,-0.08502911471051453,0.3582964300935604,0.0,0.0,0.0,0.11368537092172902,0.07606218580482586,-0.47883461828513707,-2.1484486902552558,0.6604726645704433,-0.5053179534398132,0.942247652953068,0.0,0.0,0.08472430451440946,-0.5053179534398132,-0.02591684558695526,0.3308245474955693,0.0,1.1730346539453729,Software—Application,Technology,OLB
2011Q1,2011,Q1,2011-05-16,2011-03-31,-137929.0,47463.0,-137864.0,-0.6445521327900109,30015.0,0.6323873332911952,484546.0,388051.0,859.0,96495.0,96495.0,0.0,-12388508.0,70617.36,76758.36,1.8133902201951475,0.008902015648479197,0.0,0.0,,1.8133902201951475,-0.3554403931442001,1.487840212375956,-0.12799585293883084,0.18197958515762105,0.0,0.0,0.0,0.0979535482699269,0.008902015648479197,-0.2846561523570518,-7.027302219126281,0.6323873332911952,0.3597802670881757,0.9616344527646391,0.0,0.0,-0.5987621313798358,0.05973740899299212,0.06018051427480708,0.660122800799967,0.0,1.4630226746514765,Software—Application,Technology,OLB
2010Q4,2010,Q4,2011-03-25,2010-12-31,-146692.0,63178.0,-146692.0,-1.0067670514597888,74806.0,1.1840514103010542,554915.0,525980.0,3908.0,28935.0,28935.0,0.0,-12250579.0,48082.98,44174.98,3.60987193389428,0.13506134439260412,0.0,0.0,,3.60987193389428,-0.27889273356401384,0.7610715755484505,-0.08194547078231942,0.09141598539868437,0.0,0.0,0.0,0.11385167097663607,0.13506134439260412,-0.2643503960065956,-2.2214358974358976,1.1840514103010542,-0.3333575720115982,0.7945544593556679,0.0,1.9563468268876132,1.7877319818141164,-0.3333575720115982,-0.3333575720115982,0.7945544593556679,0.0,1.9563468268876132,Software—Application,Technology,OLB
2010Q3,2010,Q3,2010-11-08,2010-09-30,-110017.0,51879.0,-110017.0,-0.7550615623241321,26834.0,0.5172420439869697,655568.0,445332.0,553.0,210236.0,210236.0,0.0,-12103887.0,568253.4,567700.4,3.0563737938039615,0.0026303772902833006,0.0,0.0,,3.0563737938039615,-0.2470449013320399,10.953437807205228,-1.291285437705082,1.2760219341974077,0.0,0.0,0.0,0.0791359553852537,0.0026303772902833006,-0.1678193566495009,-10.815016272386426,0.5172420439869697,0.0775659488056211,0.794749213128729,0.0,1.537603285484367,0.4090527200168032,-0.0858048024634091,-0.0858048024634091,0.794749213128729,0.0,1.537603285484367,Software—Application,Technology,OLB
2010Q2,2010,Q2,2010-07-21,2010-06-30,-101323.0,45377.0,-101323.0,-0.8185534362553823,19044.0,0.41968398087136655,698111.0,545349.0,43096.0,152762.0,152762.0,0.0,-11993870.0,482753.7,439657.7,4.405685756525533,0.28211204357104513,0.0,0.0,,4.405685756525533,-0.1857947846241581,10.638731075214316,-1.1911256575506055,0.8852197400196937,0.0,0.0,0.0,0.06499969202605316,0.28211204357104513,-0.14513881030380554,-6.125227751414723,0.41968398087136655,-3.2434965290659075,0.9512774081013645,0.0,0.0,16.731843575418996,-3.3807773790479483,0.07901577952297847,0.9512774081013645,0.0,0.0,Software—Application,Technology,OLB
2010Q1,2010,Q1,2010-05-10,2010-03-31,-23129.0,57904.0,-110016.0,-0.1928959834534294,1074.0,0.018547941420281846,26875.0,-103378.0,21910.0,130253.0,130253.0,0.0,-11892547.0,467625.6,445715.6,-0.862173071790766,0.1682110968653313,0.0,0.0,,-0.862173071790766,0.223732322157519,8.075877314175186,-5.054537593497341,-4.523453732902552,0.0,0.0,0.0,2.1545674418604652,0.1682110968653313,-0.8606139534883721,21.89771013814095,0.018547941420281846,0.8515423316709454,0.9885182910920489,0.0,0.0,1.037357821141605,0.811905826861302,0.15797207935341662,0.9885182910920489,0.0,0.0,Software—Application,Technology,OLB
2009Q4,2009,Q4,2010-03-30,2009-12-31,-122965.0,48450.0,-130656.0,-1.299333241755339,-28749.0,-0.593374613003096,5520.0,-80249.0,555.0,85769.0,85769.0,0.0,-11869418.0,369084.3,368529.3,-0.8479664401872418,0.006470869428348238,0.0,0.0,,-0.8479664401872418,1.532293237298907,7.617839009287925,-0.750384865612166,-4.599238619795885,0.0,0.0,0.0,8.777173913043478,0.006470869428348238,-22.276268115942027,-35.100741797432235,-0.593374613003096,-0.8193049164804924,0.7348520494959402,0.0,0.7753521373525815,-1.8025963149078728,-0.8193049164804924,-1.0014705882352941,0.7348520494959402,0.0,0.7753521373525815,Software—Application,Technology,OLB
2009Q3,2009,Q3,2009-11-06,2009-09-30,-67589.0,63453.0,-65280.0,-0.7141921235880259,35820.0,0.5645123162025436,5084.0,-705302.0,119.0,710386.0,710386.0,0.0,-11746453.0,369084.3,371814.3,-7.452708771410759,0.00016751456250545477,0.0,0.0,,-7.452708771410759,0.09582987145931814,5.816656422864167,-1.3651788752607672,-0.5232996645408634,0.0,0.0,0.0,12.480920535011801,0.00016751456250545477,-13.294453186467349,-6.6221279267964475,0.5645123162025436,-0.1454791966782476,0.8058588826949465,0.0,-0.3109001030538124,-0.234206306787814,-0.1454791966782476,-0.15140397911669254,0.8058588826949465,0.0,-0.3109001030538124,Software—Application,Technology,OLB
2009Q2,2009,Q2,2009-07-31,2009-06-30,-59005.0,82766.0,-56696.0,-0.6234876422540867,46775.0,0.5651475243457459,5667.0,-637713.0,702.0,643380.0,643380.0,0.0,-11678864.0,369084.3,369251.3,-6.738516647822733,0.0010911125617830831,0.15334392094582672,-0.001362681958812193,,-6.738516647822733,0.09252594819299591,4.4593709977527,-1.563784001355817,-0.5787623899779368,0.0,0.0,0.0,14.604905593788601,0.0010911125617830831,-10.412034586200813,14.076978527022387,0.5651475243457459,0.19733101168532594,0.9628882702070648,0.0,0.0,1.0187742770824342,0.19733101168532602,0.2037302322968456,0.9628882702070648,0.0,0.0,Software—Application,Technology,OLB
2009Q1,2009,Q1,2009-05-08,2009-03-31,-73511.0,95490.0,-71202.0,-0.7767680716844363,23170.0,0.24264320871295422,5796.0,-578709.0,831.0,584505.0,584505.0,0.0,-11619860.0,369084.3,372938.3,-6.115039572260321,0.0014217158108142788,0.0,0.0,,-6.115039572260321,0.12702584545946236,3.865161797046811,-1.2552009223109466,-0.6377718335121797,0.0,0.0,0.0,16.475155279503106,0.0014217158108142788,-12.683057280883368,-120.97158308751229,0.24264320871295422,0.6162951019736392,0.9537645899701981,0.0,0.0,0.0,0.5079782605785578,0.5103093492524174,0.9537645899701981,0.0,0.0,Software—Application,Technology,OLB
2008Q4,2008,Q4,2009-04-13,2008-12-31,-149406.0,0.0,-145402.0,-2.024389252469412,0.0,0.0,5635.0,-505198.0,670.0,510833.0,510833.0,0.0,-11546349.0,287831.7,288634.7,-6.845223093912171,0.0013115832375747065,0.0,0.0,,-6.845223093912171,0.295737512816757,0.0,-0.4816267418979157,-0.5697403790197111,0.0,0.0,0.0,0.0,0.0013115832375747065,-26.51393078970719,20.335714285714285,0.0,-0.7392407341117847,0.5868937666910079,0.0,-0.8134735816343877,0.0,-0.7392407715679312,-0.7277058900414691,0.5868937666910079,0.0,-0.8134735816343877,Software—Application,Technology,OLB
2008Q3,2008,Q3,2008-11-12,2008-09-30,-85903.0,0.0,-84159.0,-1.16395,0.0,0.0,68659.0,-480792.0,63694.0,549451.0,549451.0,0.0,-11396943.0,287831.7,346538.7,-6.514531929596358,0.11592298494315234,0.0,0.0,,-6.514531929596358,0.1786697781993045,0.0,-0.8376648661862799,-0.5986615833874107,0.0,0.0,0.0,0.0,0.000658839459751643,-1.251154255086733,-26.435681484202792,0.0,0.19723600068417194,0.6835997749660392,0.0,-0.145878745539477,0.0,0.19723574652599313,0.2005034911889042,0.6835997749660392,0.0,-0.145878745539477,Software—Application,Technology,OLB
2008Q2,2008,Q2,2008-07-30,2008-06-30,-107009.0,0.0,-105265.0,-1.449928,0.0,0.0,68608.0,-392837.0,63643.0,461445.0,461445.0,0.0,-11308988.0,287831.7,335651.7,-5.3227782068479605,0.1379210956885436,0.7015362639925373,-0.12252155474153402,,-5.3227782068479605,0.27240051217171496,0.0,-0.6724474109654328,-0.7327000766221103,0.0,0.0,0.0,0.0,0.0006739698122203079,-1.559716068097015,-8.051912048563516,0.0,0.2354422289916775,0.9136962558462206,0.0,0.0,0.0,0.22684151584119072,0.22973635492203334,0.9136962558462206,0.0,0.0,Software—Application,Technology,OLB
2008Q1,2008,Q1,2008-05-12,2008-03-31,-138405.0,0.0,-136661.0,-1.896427,0.0,0.0,81225.0,-285828.0,76260.0,367053.0,367053.0,0.0,-11201979.0,284629.8,296701.8,-3.916417746841687,0.2077629116231171,0.0,0.0,,-3.916417746841687,0.48422477853814183,0.0,-0.5141248509808172,-0.9958079684285653,0.0,0.0,0.0,0.0,0.007977049635883646,-1.7039704524469068,-8.016611744824672,0.0,0.613006335733197,0.887119385102438,0.0,0.0,0.0,0.5835940790661291,0.6893743436813848,0.887119385102438,0.0,0.0,Software—Application,Technology,OLB
2007Q4,2007,Q4,2008-04-07,2007-12-31,-332380.0,0.0,-439954.0,-4.9004083919383135,0.0,0.0,103131.0,-256023.0,98166.0,359154.0,359154.0,0.0,-11063574.0,203481.0,201148.0,-3.774647264363749,0.2733256486075611,0.0,0.0,,-3.774647264363749,1.298242736004187,0.0,-0.15304846862025392,-0.7947762505712377,0.0,0.0,0.0,0.0,0.006495820734281116,-3.2228912742046525,-18.208590604026845,0.0,-0.3320936048445596,0.0,0.0,0.0,0.0,-0.3320936048445597,-0.775633341808833,0.0,0.0,0.0,Software—Application,Technology,OLB
2007Q3,2007,Q3,2007-09-30,2007-09-30,-249517.0,0.0,-247773.0,-3.678726760729503,0.0,0.0,69006.0,-385609.0,64041.0,454615.0,454615.0,0.0,-10731194.0,223829.09999999998,222288.09999999998,-5.685184366107892,0.14086864709699415,0.0,0.0,,-5.685184366107892,0.6470725527671812,0.0,-0.22426237490832285,-0.5804561096862365,,0.0,,0.0,0.0033896813787490515,-3.615873981972582,0.0,0.0,0.7810303587006092,0.0,0.0,0.0,0.0,0.7723245855357946,0.0,0.0,0.0,0.0,Software—Application,Technology,OLB
2007Q2,2007,Q2,2007-06-30,2007-06-30,-1095933.0,0.0,0.0,-16.800168,0.0,0.0,,,,,,,,352258.2,,,0.0,0.0,0.0,0.0,,0.0,0.0,-0.08035577904853673,0.0,,0.0,,0.0,0.0,0.0,0.0,0.0,0.0,0.0,0.0,0.0,0.0,0.0,0.0,0.0,0.0,0.0,Software—Application,Technology,OLB
2007Q1,2007,Q1,2007-03-31,2007-03-31,-1095933.0,0.0,0.0,-16.800168,0.0,0.0,,,,,,,,352258.2,,,0.0,0.0,0.0,0.0,,0.0,0.0,-0.08035577904853673,0.0,,0.0,,0.0,0.0,0.0,0.0,0.0,0.0,0.0,0.0,0.0,0.0,0.0,0.0,0.0,0.0,0.0,Software—Application,Technology,OLB
