Quarters,Year,Quarter,FillingDate,Date,NetIncome,Revenue,OperatingIncome,EPSDiluted,GrossProfit,GrossProfitRatio,TotalAssets,CommonStockEquity,CurrentAssets,CurrentLiability,TotalLiability,Inventory,RetainedEarnings,MarketCap,EnterpriseValue,bookValuePerShare,currentRatio,debtToAssets,debtToEquity,roic,shareholdersEquityPerShare,roe,priceToSalesRatio,peRatio,pbRatio,payoutRatio,inventoryTurnover,dividendYield,assetTurnover,quickRatio,returnOnAssets,priceToFreeCashFlowsRatio,grossProfitMargin,epsdilutedGrowth,fiveYNetIncomeGrowthPerShare,fiveYRevenueGrowthPerShare,fiveYShareholdersEquityGrowthPerShare,grossProfitGrowth,netIncomeGrowth,operatingIncomeGrowth,threeYNetIncomeGrowthPerShare,threeYRevenueGrowthPerShare,threeYShareholdersEquityGrowthPerShare,Industry,Sector,Symbol
2023Q1,2023,Q1,2023-05-08,2023-03-31,-13125000.0,0.0,-14227000.0,-0.14,0.0,0.0,39330000.0,-478006000.0,37929000.0,12419000.0,13337000.0,0.0,-478006000.0,888595200.0,867057200.0,-5.164171042112314,3.054110636927289,0.031121281464530894,-0.0025606373141759727,0.028711115055048874,-5.164171042112314,0.02745781433705853,0.0,-16.92562285714286,-1.8589624398020106,0.0,0.0,0.0,0.0,2.876238022385055,-0.3337147215865751,-78.6228278180853,0.0,-0.16666666666666682,0.3958239277609435,0.0,-11.365461013547987,0.0,-0.2662807525325615,-0.3673234022104757,0.06222900741876226,0.0,-5.5124117751309125,Biotechnology,Healthcare,APTO
2022Q4,2022,Q4,2023-03-24,2022-12-31,-10365000.0,0.0,-10405000.0,-0.12,0.0,0.0,51027000.0,37741000.0,49519000.0,12284000.0,13286000.0,0.0,-464330000.0,775048199.9999999,739381199.9999999,0.4236468131917473,4.031178769130577,0.025535500813294924,0.03452478736652447,-0.2673007286787122,0.4236468131917473,-0.2746350123208182,0.0,-18.693878437047758,20.53597413952995,0.0,0.0,0.0,0.0,3.8227775968739826,-0.2031277558939385,-89.75659525188186,0.0,-0.1999999999999999,0.09531580139903968,0.0,-0.07343350884655382,0.0,-0.08841751548881654,-0.038319528989122845,0.24295912470213527,0.0,-0.7737567430775499,Biotechnology,Healthcare,APTO
2022Q3,2022,Q3,2022-11-01,2022-09-30,-9523000.0,0.0,-10021000.0,-0.1,0.0,0.0,57048000.0,46814000.0,56577000.0,10233000.0,10234000.0,0.0,-454330000.0,823679325.0000001,795959325.0000001,0.5072543856797668,5.528877162122544,0.00475038564016267,0.00578886657837399,-0.20611244702295775,0.5072543856797668,-0.20342205323193915,0.0,-21.623420271973117,17.594722198487634,0.0,0.0,0.0,0.0,5.413173067526629,-0.1669296031412144,-118.02254262788367,0.0,0.09090909090909087,0.06949910577912066,0.0,0.2357760296182933,0.0,0.08905682035584465,0.060824742268041236,0.1639221434352924,0.0,0.02556820415217244,Biotechnology,Healthcare,APTO
2022Q2,2022,Q2,2022-08-02,2022-06-30,-10454000.0,0.0,-10670000.0,-0.11,0.0,0.0,64805000.0,55490000.0,64193000.0,9312000.0,9315000.0,0.0,-444553000.0,1026802954.5000001,987169954.5000001,0.6015632622529623,6.893578178694158,0.006187794151685827,0.007226527302216615,-0.1875559018893069,0.6015632622529623,-0.18839430528023068,0.0,-24.55526483881768,18.504288241124527,0.0,0.0,0.0,0.0,6.701997422680412,-0.16131471337088188,-145.21325901569793,0.0,0.0833333333333333,0.01737407718375381,0.0,0.2635016793619022,0.0,0.088181421718273,0.07193180829781683,0.15295123669376412,0.0,-0.17179016915676704,Biotechnology,Healthcare,APTO
2022Q1,2022,Q1,2022-05-09,2022-03-31,-11465000.0,0.0,-11497000.0,-0.12,0.0,0.0,72603000.0,65284000.0,71874000.0,7309000.0,7319000.0,0.0,-433988000.0,1881410399.9999998,1844948399.9999998,0.707869798104656,9.833629771514572,0.00728620029475366,0.008103057410697874,-0.17305745534187603,0.707869798104656,-0.17561730286134428,0.0,-41.02508504143044,28.818859138533174,0.0,0.0,0.0,0.0,9.510329730469284,-0.1579135848380921,-195.0658786936236,0.0,0.5555555555555556,0.33686835816369637,0.0,0.5909924064733824,0.0,0.5286548265087979,0.5273392534122677,0.10035906204888169,0.0,0.8286942411357705,Biotechnology,Healthcare,APTO
2021Q4,2021,Q4,2022-03-22,2021-12-31,-24324000.0,0.0,-24324000.0,-0.27,0.0,0.0,82525000.0,74236000.0,81737000.0,8174000.0,8289000.0,0.0,-422507000.0,1803991500.0,1765451500.0,0.8333071414139146,9.999632982627844,0.006955468039987882,0.0077320976345708285,-0.32266794014645017,0.8333071414139146,-0.3276577401799666,0.0,-18.541270966946225,24.300763780376098,0.0,0.0,0.0,0.0,9.680450207976511,-0.29474704634959104,-112.34222817287333,0.0,-1.076923076923077,-0.540262010903186,0.0,0.7187730431396019,0.0,-1.1462984205417805,-1.1413856853596267,-0.45546984475718183,0.0,0.9760641118494442,Biotechnology,Healthcare,APTO
2021Q3,2021,Q3,2021-11-12,2021-09-30,-11333000.0,0.0,-11359000.0,-0.13,0.0,0.0,97198000.0,88680000.0,96266000.0,8300000.0,8518000.0,0.0,-398183000.0,2908632300.0000005,2834237300.0000005,0.9969757951185511,11.598313253012048,0.007201794275602379,0.007893549842129003,-0.12609902309058615,0.9969757951185511,-0.12779657194406857,0.0,-64.16289376158123,32.79919147496617,0.0,0.0,0.0,0.0,11.457951807228916,-0.11659704932200252,-352.98935679611657,0.0,0.13333333333333328,0.46280932971798444,0.0,0.8618800003169313,0.0,0.15864884929472903,0.15784400948991698,0.20196799244282887,0.0,1.4762945655845836,Biotechnology,Healthcare,APTO
2021Q2,2021,Q2,2021-08-03,2021-06-30,-13470000.0,0.0,-13488000.0,-0.15,0.0,0.0,106211000.0,98185000.0,105305000.0,7705000.0,8026000.0,0.0,-386850000.0,4429510800.0,4346996800.0,1.1038720122321408,13.667099286177807,0.007805217915281845,0.00844324489484137,-0.13509209458850396,1.1038720122321408,-0.13718999847227173,0.0,-82.21066815144765,45.11392575240617,0.0,0.0,0.0,0.0,13.412329656067488,-0.12682302209752286,-501.9275694050992,0.0,0.16666666666666666,0.5729822669228797,0.0,0.4890390489912696,0.0,0.16990201515991865,0.170071375830667,0.49918227363582834,0.0,1.2192488195227795,Biotechnology,Healthcare,APTO
2021Q1,2021,Q1,2021-05-04,2021-03-31,-16227000.0,0.0,-16252000.0,-0.18,0.0,0.0,115195000.0,109406000.0,114144000.0,5369000.0,5789000.0,0.0,-373380000.0,7966228500.0,7880095500.0,1.2308851986859277,21.25982492084187,0.008246885715525848,0.00868325320366342,-0.14601189513593157,1.2308851986859277,-0.14831910498510137,0.0,-122.73107321131447,72.81345173025245,0.0,0.0,0.0,0.0,20.875768299497114,-0.1408654889535136,-766.499422688348,0.0,0.0,0.4370906852669561,0.0,0.3408714206147533,0.0,-0.10290219533745668,-0.10115861508232266,0.22212182827625937,0.0,1.4706177303363546,Biotechnology,Healthcare,APTO
2020Q4,2020,Q4,2021-03-23,2020-12-31,-14713000.0,0.0,-14759000.0,-0.18,0.0,0.0,126262000.0,118915000.0,125076000.0,6812000.0,7347000.0,0.0,-357153000.0,5376690900.0,5260371900.0,1.453071349145252,18.361127422196123,0.008506122190366065,0.00903166127065551,-0.12191173190818004,1.453071349145252,-0.1237270319135517,0.0,-91.35952728879222,45.214572593869576,0.0,0.0,0.0,0.0,17.967263652378158,-0.11652753797658837,-518.1353859496965,0.0,-0.2,0.2883445022526334,0.0,0.24450491301504892,0.0,-0.11049890557777946,-0.11020009026628554,-0.3979405167031292,0.0,2.178041659819448,Biotechnology,Healthcare,APTO
2020Q3,2020,Q3,2020-11-10,2020-09-30,-13249000.0,0.0,-13294000.0,-0.15,0.0,0.0,135258000.0,129156000.0,133945000.0,5444000.0,6102000.0,0.0,-342440000.0,7727400000.0,7628868000.0,1.504262753319357,24.604151359294637,0.00883496724777832,0.009252376970485305,-0.1010597053502197,1.504262753319357,-0.10258137446189104,0.0,-145.81100460412105,59.82997305583945,0.0,0.0,0.0,0.0,24.379867744305656,-0.09795354064084934,-934.3893591293834,0.0,0.2857142857142857,0.24346154747230153,0.0,0.06236862514617184,0.0,0.1587936507936508,0.16289906177192873,-0.39150626707042696,0.0,2.664693505426356,Biotechnology,Healthcare,APTO
2020Q2,2020,Q2,2020-08-04,2020-06-30,-15750000.0,0.0,-15881000.0,-0.21,0.0,0.0,85318000.0,79219000.0,83862000.0,5323000.0,6099000.0,0.0,-329191000.0,7219428750.0,7166620750.0,1.0385971812520485,15.754649633665226,0.015283996343092899,0.016460697559928805,-0.19408019357913647,1.0385971812520485,-0.19881594062030575,0.0,-114.59410714285715,91.13254080460496,0.0,0.0,0.0,0.0,15.540484689085103,-0.18460348343843033,-1002.5591931676156,0.0,-0.4,0.09287147733711018,0.0,-0.38362304036221795,0.0,-0.36647579385736595,-0.34198073347980396,-0.7903481102161655,0.0,1.1814318876086571,Biotechnology,Healthcare,APTO
2020Q1,2020,Q1,2020-05-05,2020-03-31,-11526000.0,0.0,-11834000.0,-0.15,0.0,0.0,92557000.0,87237000.0,90986000.0,4426000.0,5320000.0,0.0,-313441000.0,6791825700.0,6733490700.0,1.1444370105080877,20.55716222322639,0.015331093272253854,0.016266033907630935,-0.13137940605051346,1.1444370105080877,-0.13212283778671893,0.0,-147.31532404997398,77.85487465181058,0.0,0.0,0.0,0.0,20.33054676909173,-0.12452866882029452,-835.7112956810631,0.0,0.0,0.36651678782359376,0.0,-0.37473991701147413,0.0,-0.4951355558438189,-0.5010147133434805,0.1934173938368963,0.0,1.5722111584371745,Biotechnology,Healthcare,APTO
2019Q4,2019,Q4,2020-03-10,2019-12-31,-7709000.0,0.0,-7884000.0,-0.15,0.0,0.0,100476000.0,93926000.0,98766000.0,5539000.0,6550000.0,0.0,-301915000.0,4266108000.0,4187798000.0,1.8725279106858055,17.831016428958296,0.015247422269994825,0.01631071268871239,-0.08128673059078255,1.8725279106858055,-0.08207525072929753,0.0,-138.34829420158258,45.41988373826203,0.0,0.0,0.0,0.0,17.620509117169163,-0.07672478999960189,-683.5616087165519,0.0,-0.25,0.4210619706882192,0.0,0.0,0.0,-0.12638807714786673,-0.12195816137754376,0.13301898682552998,0.0,2.8622619865616103,Biotechnology,Healthcare,APTO
2019Q3,2019,Q3,2019-11-05,2019-09-30,-6844000.0,0.0,-7027000.0,-0.12,0.0,0.0,32460000.0,27428000.0,30608000.0,3908000.0,5032000.0,0.0,-294206000.0,1734323850.0,1715274850.0,0.49460814368665923,7.832139201637666,0.050431300061614295,0.05968353507364737,-0.22887759755064815,0.49460814368665923,-0.24952603179232902,0.0,-63.35198166277031,63.23187436196587,0.0,0.0,0.0,0.0,7.731320368474924,-0.2108441158348737,-331.8644948335247,0.0,0.07692307692307698,0.0,0.0,0.0,0.0,-0.10067545834673529,-0.10731169240466436,0.4796425636729006,0.0,-0.07630554800523619,Biotechnology,Healthcare,APTO
2019Q2,2019,Q2,2019-08-06,2019-06-30,-6218000.0,0.0,-6346000.0,-0.13,0.0,0.0,38190000.0,33756000.0,36265000.0,3219000.0,4434000.0,0.0,-287362000.0,1840370400.0,1815180400.0,0.7263416103627834,11.2659210935073,0.04472374967268918,0.05059841213413912,-0.17071989669643817,0.7263416103627834,-0.18420428960777344,0.0,-73.99366355741395,54.51980092428013,0.0,0.0,0.0,0.0,10.989437713575645,-0.16281749148991884,-347.56759206798864,0.0,0.07142857142857148,0.7044591771697368,0.0,-0.761867446165615,0.0,-0.12931347620777334,-0.1332142857142857,0.6227359686900893,0.0,-0.020220633594667515,Biotechnology,Healthcare,APTO
2019Q1,2019,Q1,2019-05-07,2019-03-31,-5506000.0,0.0,-5600000.0,-0.14,0.0,0.0,19723000.0,15424000.0,17664000.0,2977000.0,4299000.0,0.0,-281144000.0,1183426200.0,1168652200.0,0.38709029764593683,5.933490090695331,0.0916189220706789,0.11715508298755187,-0.2941485450152327,0.38709029764593683,-0.3569761410788382,0.0,-53.73348165637486,76.72628371369295,0.0,0.0,0.0,0.0,5.720524017467249,-0.2791664554073924,-241.61416904859126,0.0,0.26315789473684204,0.421082338204091,0.0,-0.7885142568722953,0.0,0.12100893997445722,0.11462450592885376,0.5739355822186174,0.0,-0.5783210994292469,Biotechnology,Healthcare,APTO
2018Q4,2018,Q4,2019-03-12,2018-12-31,-6264000.0,0.0,-6325000.0,-0.19,0.0,0.0,16870000.0,14081000.0,16486000.0,2789000.0,2789000.0,0.0,-275638000.0,956652150.0,941353150.0,0.42170045820730134,5.911079239870921,0.0,0.0,-0.44918684752503374,0.42170045820730134,-0.4448547688374405,0.0,-38.18056154214559,67.9392195156594,0.0,0.0,0.0,0.0,5.643241305127286,-0.37131001778304684,-174.5397099069513,0.0,-0.1875,0.2933345083496644,0.0,0.0,0.0,-0.1343716044911264,-0.12725004455533773,0.2574245317157153,0.0,-0.6388282706362666,Biotechnology,Healthcare,APTO
2018Q3,2018,Q3,2018-09-30,2018-09-30,-5522000.0,0.0,-5611000.0,-0.16,0.0,0.0,16295000.0,13925000.0,16065000.0,2370000.0,2370000.0,0.0,-269392000.0,1250320050.0,1235264050.0,0.40260791626911846,6.7784810126582276,0.0,0.0,-0.4029443447037702,0.40260791626911846,-0.3965529622980251,0.0,-56.606304328141974,89.78959066427288,0.0,0.0,0.0,0.0,6.584810126582278,-0.33887695612150964,-273.23427666083916,0.0,0.4666666666666666,0.4617635089320428,0.0,1.8693274282503687,0.0,0.4621079290863043,0.4567721947913641,0.2172514005388365,0.0,-0.7156626942095246,Biotechnology,Healthcare,APTO
2018Q2,2018,Q2,2018-06-30,2018-06-30,-10266000.0,0.0,-10329000.0,-0.3,0.0,0.0,19288000.0,16887000.0,19057000.0,2401000.0,2401000.0,0.0,-263870000.0,2006445000.0,1988501000.0,0.4974079528718704,7.937109537692628,0.0,0.0,-0.6116539349795701,0.4974079528718704,-0.6079232545745248,0.0,-48.86141145528931,118.81595310001777,0.0,0.0,0.0,0.0,7.690129112869638,-0.5322480298631274,-214.43251042000642,0.0,-0.30434782608695643,0.0,0.0,0.0,0.0,-0.5061619718309859,-0.5096463022508039,-0.3284094673805176,0.0,-0.7048029715223993,Biotechnology,Healthcare,APTO
2018Q1,2018,Q1,2018-03-31,2018-03-31,-6816000.0,0.0,-6842000.0,-0.23,0.0,0.0,16674000.0,14469000.0,16524000.0,2205000.0,2205000.0,0.0,-253604000.0,1324315200.0,1308907200.0,0.4982094897045658,7.493877551020408,0.0,0.0,-0.47287303891077476,0.4982094897045658,-0.4710760937176032,0.0,-48.573767605633805,91.52776280323451,0.0,0.0,0.0,0.0,7.3369614512471655,-0.4087801367398345,-321.27976710334787,0.0,-0.7692307692307693,0.38295980182923406,0.0,3.478323628311119,0.0,-1.3752469777034968,-1.3685469046194219,0.01673997372215593,0.0,-0.7278045851208107,Biotechnology,Healthcare,APTO
2017Q4,2017,Q4,2017-12-31,2017-12-31,-2869596.325764,0.0,-2888690.946612,-0.13,0.0,0.0,11967000.0,10202000.0,11825000.0,1765000.0,1765000.0,0.0,-246788000.0,756410700.0,745779700.0,0.4572222471205127,6.69971671388102,0.0,0.0,-0.2831494752609292,0.4572222471205127,-0.28127782060027445,0.0,-65.8987026510265,74.14337384826504,0.0,0.0,0.0,0.0,6.475354107648725,-0.23979245640210578,-309.43926603137555,0.0,-0.18181818181818185,0.7211409727538121,0.0,-0.020741381864823636,0.0,-0.07547441993941095,-0.05521430506482817,0.5155439288856988,0.0,0.0,Biotechnology,Healthcare,APTO
2017Q3,2017,Q3,2017-09-30,2017-09-30,-2668214.392236,0.0,-2737539.60001,-0.11,0.0,0.0,11211337.089792,9876423.786607,11064625.603573,1334913.303185,1334913.303185,0.0,-211556350.914528,534154200.0,526208402.639195,0.4104743687547068,8.288647342994977,0.0,0.0,-0.2771792360431376,0.4104743687547068,-0.2701599738818673,0.0,-50.0479085895691,54.083766709600276,0.0,0.0,0.0,0.0,8.207125603863789,-0.2379925222893733,-248.73660274996664,0.0,0.0833333333333333,0.6930068029325105,0.0,-0.5380767274808517,0.0,-0.07071055537378453,-0.08052640430621141,0.0,0.0,0.0,Biotechnology,Healthcare,APTO
2017Q2,2017,Q2,2017-06-30,2017-06-30,-2492003.44467,0.0,-2533524.020422,-0.12,0.0,0.0,11292827.704989,10287107.092329,11126745.401981,1005720.612659,1005720.612659,0.0,-199246478.440057,398643006.15,390725647.473737,0.4761080037161215,11.063455657494453,0.0,0.0,-0.24628148591076937,0.4761080037161215,-0.24224530981389938,0.0,-39.99222061697328,38.75171149401802,0.0,0.0,0.0,0.0,10.834097859329079,-0.22067134200312566,-145.1859837800003,0.0,0.368421052631579,0.0,0.0,0.0,0.0,0.23690334012795788,0.23142471265825224,0.7452362260427607,0.0,-0.8439070360167263,Biotechnology,Healthcare,APTO
2017Q1,2017,Q1,2017-03-31,2017-03-31,-3265645.855517,0.0,-3296390.167819,-0.19,0.0,0.0,9505241.530317,7750566.145263,9315526.627574,1754675.385054,1754675.385054,0.0,-191882751.690937,266526000.0,257559158.86561,0.444923429693628,5.308974358973706,0.0,0.0,-0.4253095975232327,0.444923429693628,-0.4213428792570077,0.0,-20.40377399999831,34.387939539474246,0.0,0.0,0.0,0.0,5.110256410255648,-0.3435626380561937,-101.11913032147812,0.0,-0.05555555555555561,0.6785973477825709,0.0,1.7286181081292629,0.0,-0.22000386661375843,-0.20273124295620418,0.5622629909521608,0.0,-0.3754222454366204,Biotechnology,Healthcare,APTO
2016Q4,2016,Q4,2016-12-31,2016-12-31,-2676750.414391,0.0,-2740753.752864,-0.18,0.0,0.0,8637750.167398,7320883.862808,8425712.372591,1316866.30459,1316866.30459,0.0,-187140837.735288,314835000.0,306902554.497433,0.4848267458813245,6.398305084747616,0.0,0.0,-0.37437470723825356,0.4848267458813245,-0.36563213739663186,0.0,-29.404590572523517,43.005053201218495,0.0,0.0,0.0,0.0,6.023728813561471,-0.3098897701966452,-114.1219521574921,0.0,0.25,0.7783739573757289,0.0,13.987545125804353,0.0,0.12390898498374342,0.12026220786661122,0.7548662361195244,0.0,2.1842715745381334,Biotechnology,Healthcare,APTO
2016Q3,2016,Q3,2016-09-30,2016-09-30,-3055333.713634,0.0,-3115421.182734,-0.24,0.0,0.0,8448754.516068,6897889.332573,8190910.819547,1550865.183495,1550865.183495,0.0,-188332382.58224,434767500.0,426902886.955695,0.5354672669285049,5.281510544384084,0.0,0.0,-0.4516484728194252,0.5354672669285049,-0.44293747932518973,0.0,-35.57446917008695,63.02906281011995,0.0,0.0,0.0,0.0,5.07111329082871,-0.36163125675190455,-174.43105603451258,0.0,0.3142857142857143,0.6974513891400959,0.0,-0.28302116330895283,0.0,0.2956290712713465,0.2848350571686784,0.2004143570066217,0.0,2.156202755238562,Biotechnology,Healthcare,APTO
2016Q2,2016,Q2,2016-06-30,2016-06-30,-4337677.193959,0.0,-4356227.488445,-0.35,0.0,0.0,10459274.374314,9067229.358933,10171744.809782,1392045.015381,1392045.015381,0.0,-188280078.52958,449489250.0,439757301.755322,0.7413318092496934,7.3070516379802655,0.0,0.0,-0.48043645043050126,0.7413318092496934,-0.4783905890376024,0.0,-25.906103076664806,49.57294364205808,0.0,0.0,0.0,0.0,6.991116046641914,-0.41472066213422165,-125.1162224322336,0.0,-0.0937499999999999,0.0,0.0,0.0,0.0,-0.11011011530900054,-0.14859994497269308,0.0,0.0,0.0,Biotechnology,Healthcare,APTO
2016Q1,2016,Q1,2016-03-31,2016-03-31,-3907429.663184,0.0,-3792641.212906,-0.32,0.0,0.0,12490370.096453,11059751.625528,12179131.613818,1430618.470925,1430618.470925,0.0,-183338726.07932,542160000.0,536966015.222952,0.9179740725039841,8.513193322565796,0.0,0.0,-0.34292281972696986,0.9179740725039841,-0.35330175536355746,0.0,-34.68776451104539,49.02099236556019,0.0,0.0,0.0,0.0,8.092622509425818,-0.3128353790168017,-155.48947556338953,0.0,-0.28,0.7377685960978742,0.0,-0.31893980672329036,0.0,-0.3264512757849892,-0.21816760310326094,0.14731895765349268,0.0,7.251518816932526,Biotechnology,Healthcare,APTO
2015Q4,2015,Q4,2015-12-31,2015-12-31,-2945777.00253,0.0,-3113398.52024,-0.25,0.0,0.0,15312497.748056,13614712.219588,14999747.782286,1697785.528468,1697785.528468,0.0,-167839358.934632,442516961.70000005,434227646.36300105,1.1675898857039555,8.834889643464596,0.0,0.0,-0.22867898123918007,1.1675898857039555,-0.21636718830470758,0.0,-37.55519862161506,32.502850927934716,0.0,0.0,0.0,0.0,8.382003395586855,-0.19237730192672073,-182.12938581807202,0.0,-0.24999999999999994,0.8063524456627429,0.0,-0.18370731081710326,0.0,-0.21272788282609287,-0.05283060791482501,0.4522232542714726,0.0,1.500692967640524,Biotechnology,Healthcare,APTO
2015Q3,2015,Q3,2015-09-30,2015-09-30,-2429050.27933,0.0,-2957169.459963,-0.2,0.0,0.0,18130353.817505,16862569.832402,17832402.234637,1267783.985102,1267783.985102,0.0,-170188454.376164,769916850.0000001,758634168.4357541,1.4159517870855653,14.065804935374924,0.0,0.0,-0.17536884883825352,1.4159517870855653,-0.1440498277233223,0.0,-79.24052216535064,45.65833426649945,0.0,0.0,0.0,0.0,13.720329024681226,-0.13397699260478485,-394.65955369412086,0.0,0.13043478260869565,0.8463253992039594,0.0,1.7496020223170072,0.0,0.10395114346665979,0.0370503613989969,0.4353453466375414,0.0,0.5934273440852956,Biotechnology,Healthcare,APTO
2015Q2,2015,Q2,2015-06-30,2015-06-30,-2710845.800002,0.0,-3070949.23911,-0.23,0.0,0.0,21303300.545392,20066703.724291,21000394.744262,1236596.8211,1236596.8211,0.0,-181434935.672797,911038500.0,897537440.635297,1.685003251682845,16.98241042345665,0.010777492058697106,0.011441647597261873,-0.15130586647613148,1.685003251682845,-0.13509173391145884,0.0,-84.01791979456448,45.400505858726376,0.0,0.0,0.0,0.0,16.422801302935518,-0.12725003781577723,-257.0768812082004,0.0,0.04166666666666659,0.0,0.0,0.0,0.0,0.03703830057646189,-0.06579508495568541,0.0,0.0,0.0,Biotechnology,Healthcare,APTO
2015Q1,2015,Q1,2015-03-31,2015-03-31,-2815112.793816,0.0,-2881369.301152,-0.24,0.0,0.0,23765578.166903,21587001.104275,23532102.85534,2178577.062628,2178577.062628,0.0,-174989746.016722,958852200.0,949110127.117842,1.8303375533555197,10.801593048516454,0.009193494855609155,0.010121309558590396,-0.13213962741908455,1.8303375533555197,-0.13040777550423654,0.0,-85.15220083777146,44.41803636217505,0.0,0.0,0.0,0.0,10.452932657495113,-0.11845336873547858,-521.2833701371527,0.0,0.1111111111111112,0.84535907098228,-1.0,0.37290025835839447,0.0,0.08818308096282591,0.09131584706988016,0.5907740191525744,0.0,3.9974080849870384,Biotechnology,Healthcare,APTO
2014Q4,2014,Q4,2014-12-31,2014-12-31,-3087366.262943,0.0,-3170925.003876,-0.27,0.0,0.0,,,,,,,,1037977500.0,,,0.0,0.0,0.0,0.0,,0.0,0.0,-84.05040183105443,0.0,,0.0,,0.0,0.0,0.0,0.0,0.0,0.0,0.8405542414678969,-1.0,0.0,0.0,0.0,0.0,0.6681068417484094,0.0,0.0,Biotechnology,Healthcare,APTO
2014Q3,2014,Q3,2014-09-30,2014-09-30,0.0,0.0,0.0,0.0,0.0,0.0,30268415.488541,28611872.63703,30139404.038775,1656542.851511,1656542.851511,0.0,-192351592.037127,0.0,-14694762.493505001,0.0,18.194159004871878,0.016131419268902596,0.01706538076151887,,0.0,0.0,0.0,0.0,0.0,0.0,0.0,,0.0,17.877230935645585,0.0,0.0,0.0,1.0,-1.0,-1.0,-1.0,0.0,1.0,1.0,1.0,0.0,-1.0,Biotechnology,Healthcare,APTO
2014Q2,2014,Q2,2014-05-31,2014-05-31,-3890035.757732,0.0,-3172116.341652,-0.45,0.0,0.0,28476241.383124,26209127.437608,28459652.744498,1780513.879161,2267113.945516,0.0,-194005971.909905,46400661.0,29038807.496111,3.050156724342423,15.98395445134555,0.017087931648288947,0.018566053658725313,-0.11882486967928095,3.050156724342423,-0.14842294032841818,0.0,-2.982020210725061,1.7704008311783308,0.0,0.0,0.0,0.0,15.727743271221552,-0.13660636266545237,-12.778789146669736,0.0,-0.046511627906976785,0.0,0.0,0.0,0.0,-0.778991856225697,-0.4904928077294203,0.0,0.0,0.0,Biotechnology,Healthcare,APTO
2014Q1,2014,Q1,2014-02-28,2014-02-28,-2186651.807381,0.0,-2128233.242859,-0.43,0.0,0.0,6959897.902324,3637229.701796,6949112.936566,2725001.348121,3322668.200528,0.0,-185404346.3412,44114941.440000005,39011855.142299004,0.7123587518813544,2.550131926120953,0.20041322314056353,0.38349394613302673,-0.4229326665474452,0.7123587518813544,-0.6011860637510108,0.0,-5.043663249344373,12.128720223035906,0.0,0.0,0.0,0.0,2.3845646437993864,-0.3141787190083418,-22.351972105026018,0.0,0.4027777777777778,0.8449146964426718,-1.0,1.0952755398494445,0.0,0.1702914614509068,0.17204006255812432,0.6537289701228731,0.0,-0.4714892241833276,Biotechnology,Healthcare,APTO
2013Q4,2013,Q4,2013-11-30,2013-11-30,-2635445.708688,0.0,-2570454.374199,-0.72,0.0,0.0,2114573.12938,-1491974.983046,2103270.288599,2991485.193279,3606548.112426,0.0,-192014542.988471,22741068.48,22531965.925558,-0.40938814736848456,0.7030856423172137,0.675278396436293,-0.9570707070702773,40.13235294076167,-0.40938814736848456,1.7664141414137542,0.0,-2.1572317355117465,-15.24225857565794,0.0,0.0,0.0,0.0,0.5472292191433631,-1.246325167037719,-16.23654175107537,0.0,-1.4,0.7267413172348282,-1.0,0.9212638836756086,0.0,-1.5234213134408174,-1.5420009392883434,0.44568313969196466,0.0,-1.2862139830318438,Biotechnology,Healthcare,APTO
2013Q3,2013,Q3,2013-08-31,2013-08-31,-1044393.853159,0.0,-1011193.32195,-0.3,0.0,0.0,930563.460444,-1630620.37564,918231.834566,2561183.836084,2561183.836084,0.0,-190722822.993739,7605148.32,7832809.10543,-0.4631257489245654,0.35851851851835775,0.8552497451579166,-0.4880744618965235,1.2113636363636746,-0.4631257489245654,0.6404886561957055,0.0,-1.8204694275527735,-4.663960069194564,0.0,0.0,0.0,0.0,0.22185185185174833,-1.1223241590215547,-8.593083986006398,0.0,0.0,0.9097573763235431,0.0,0.8775528119847222,0.0,0.1637628453097159,0.19276973556044646,0.7765135204653626,0.0,0.7548221619215669,Biotechnology,Healthcare,APTO
2013Q2,2013,Q2,2013-05-31,2013-05-31,-1248920.652833,0.0,-1252670.231154,0.0,0.0,0.0,1004191.407614,-757752.16362,987697.442465,1761943.571235,1761943.571235,0.0,-194006869.251368,0.0,-633562.308379,0.0,0.5605726872244227,0.0,0.0,1.6531397616466497,0.0,1.6481914705021057,0.0,0.0,0.0,0.0,0.0,,0.0,0.3595814977972972,-1.2437077666303546,0.0,0.0,1.0,0.0,0.0,0.0,0.0,0.06740881229911258,0.07070931221431986,0.0,0.0,0.0,Biotechnology,Healthcare,APTO
2013Q1,2013,Q1,2013-02-28,2013-02-28,-1339194.139194,0.0,-1347985.347985,-0.38,0.0,0.0,1791452.991453,391697.191697,1765079.365079,1399755.799756,1399755.799756,0.0,-194034676.434676,9717689.52,8201694.404004999,0.11124910369473505,1.260990928122378,0.0,0.0,-3.441396508728975,0.11124910369473505,-3.4189526184551835,0.0,-1.8140927509301663,24.809188643653037,0.0,0.0,0.0,0.0,1.083042568038841,-0.7475463467829068,-7.814991866533501,0.0,0.1739130434782609,0.9419834274195603,-1.0,1.1049778595056634,0.0,0.17527061489847767,0.17547952868195682,0.7535780579930498,-1.0,-0.9165542318002285,Biotechnology,Healthcare,APTO
2012Q4,2012,Q4,2012-11-30,2012-11-30,-1623798.258418,0.0,-1634871.898123,-0.46,0.0,0.0,3238536.26617,1643932.148789,3202295.263502,1594604.117381,1594604.117381,0.0,-198591634.368551,15210296.64,12375444.875768,0.4669065338339437,2.008207070706361,0.0,0.0,-0.9944886711579464,0.4669065338339437,-0.98775260257193,0.0,-2.341777459291459,9.252387120237682,0.0,0.0,0.0,0.0,1.7777777777772203,-0.501398818775112,-11.309242640224106,0.0,-0.2777777777777779,0.9027768487288423,-1.0,-0.8989933653459582,0.0,-0.2767322727806448,-0.28543906447427103,0.7229981525177317,-1.0,-0.852622430958248,Biotechnology,Healthcare,APTO
2012Q3,2012,Q3,2012-08-31,2012-08-31,-1271839.283017,0.0,-1271839.283017,-0.36,0.0,0.0,4637228.739741,3128744.776195,4591913.800916,1508483.963547,1508483.963547,0.0,-197026333.01445,21547920.240000002,17376931.870834,0.888620238846466,3.0440587449923724,0.0,0.0,-0.8130028966848092,0.888620238846466,-0.4065014483424046,0.0,-4.23558238209253,6.887081491576742,0.0,0.0,0.0,0.0,2.7650200267018246,-0.2742671009772175,-13.57751408269534,0.0,0.0,-1.0565820262403656,-1.0,-0.8910252725622403,0.0,-0.48644181829249683,-0.5158568005023986,-1.0289389502904924,-1.0,-0.5455741703817574,Biotechnology,Healthcare,APTO
2012Q2,2012,Q2,2012-05-31,2012-05-31,-855626.683376,0.0,-839023.371202,0.0,0.0,0.0,648241.596149,-1968014.905675,594868.410838,2616256.501824,2616256.501824,0.0,-188644127.008773,0.0,562844.499651,0.0,0.22737388724051716,1.3473053892228963,-0.44378698224871616,1.5329730559513328,0.0,0.4347663632570571,0.0,0.0,0.0,0.0,0.0,,0.0,0.11869436201783025,-1.3199194381523953,0.0,0.0,1.0,0.0,0.0,0.0,0.0,0.16843624886360908,0.18377474916781078,0.0,0.0,0.0,Biotechnology,Healthcare,APTO
2012Q1,2012,Q1,2012-02-29,2012-02-29,-1028936.966296,0.0,-1027931.162809,-0.58,0.0,0.0,508936.563974,-1077215.533629,442553.533891,1586152.097603,1586152.097603,0.0,-194503283.948382,4233782.399999999,4431925.686763999,-0.6106400935271497,0.2790107799622677,0.59288537549331,-0.2801120448175059,2.6511024643295245,-0.6106400935271497,0.9551820728296077,0.0,-1.0286787574658007,-3.930302031327875,0.0,0.0,0.0,0.0,0.06531388712756954,-2.021739130436235,-4.047455264955696,0.0,0.2750000000000001,0.8062577469519261,-1.0,-1.1816013720748393,0.0,0.2707753525070916,0.2724868274734555,0.7887802839892692,-1.0,0.9183289818355397,Biotechnology,Healthcare,APTO
2011Q4,2011,Q4,2011-11-30,2011-11-30,-1411001.355801,0.0,-1412938.214217,-0.8,0.0,0.0,1345148.169669,-65853.186132,1270579.120666,1411001.355801,1411001.355801,0.0,-186285105.558784,4445471.5200000005,3626180.4101800006,-0.037330129842478445,0.9004804392584833,0.0,0.0,42.91176470595738,-0.037330129842478445,21.42647058826745,0.0,-0.7876447995112638,-67.50579252291962,0.0,0.0,0.0,0.0,0.5806451612903683,-1.0489560835132419,-5.646240949015942,0.0,-0.025641025641025664,0.8291668209004098,-1.0,-1.0062118387007715,0.0,-0.23330337255436517,-0.23279488842078755,0.6977569575033704,-1.0,0.9928204334576485,Biotechnology,Healthcare,APTO
2011Q3,2011,Q3,2011-08-31,2011-08-31,-1144082.946014,0.0,-1146125.951274,-0.78,0.0,0.0,2323918.48409,1089943.306604,2234026.252618,1233975.177486,1233975.177486,0.0,-195004852.137494,6830038.8,5090419.820481,0.7468383158975203,1.810430463576603,0.0,0.0,-2.103092783504587,0.7468383158975203,-1.049671977507423,0.0,-1.4924701971557097,6.266416572877309,0.0,0.0,0.0,0.0,1.409768211920727,-0.49230769230789095,-6.1967251930145535,0.0,0.0,0.8379303243147689,-1.0,-0.9362154611728835,0.0,-0.07285440579576836,-0.07073248120346387,0.7615037594366563,0.0,1.1974587936344958,Biotechnology,Healthcare,APTO
2011Q2,2011,Q2,2011-05-31,2011-05-31,-1066391.618316,0.0,-1070412.984937,0.0,0.0,0.0,2051492.040743,865025.336541,1329784.51144,1186466.704202,1186466.704202,0.0,-193599836.20822,0.0,-932589.445667,0.0,1.1207937877484673,0.0,0.0,-2.474870826829857,0.0,-1.2327865708306405,0.0,0.0,0.0,0.0,0.0,,0.0,0.7860224331320329,-0.5198127007744954,0.0,0.0,1.0,0.0,0.0,0.0,0.0,0.34033459663947335,0.34035041003879674,0.0,0.0,0.0,Biotechnology,Healthcare,APTO
2011Q1,2011,Q1,2011-02-28,2011-02-28,-1616564.417178,0.0,-1622699.386503,-1.24,0.0,0.0,2902862.985685,1761758.691207,2170756.646217,1141104.294479,1141104.294479,0.0,-192311860.940695,16469182.799999999,14582679.732515,1.3478604117022857,1.902329749103358,0.0,0.0,-1.8421358096338052,1.3478604117022857,-0.9175856065001015,0.0,-2.546941932068176,9.348149029829267,0.0,0.0,0.0,0.0,1.6532258064512244,-0.5568862275449535,-8.898489430925906,0.0,0.04615384615384619,0.8340919724389011,-1.0,10.851172623206837,0.0,-0.3132428323518949,-0.36499544433002007,0.8113512308398999,-1.0,2.27187991843232,Biotechnology,Healthcare,APTO
2010Q4,2010,Q4,2010-11-30,2010-11-30,-1230971.437539,0.0,-1188794.72693,-1.3,0.0,0.0,3060263.653484,1349654.739485,2345221.280603,1710608.913999,1710608.913999,0.0,-182929221.594476,12794931.24,10950926.218029,1.4303569065070334,1.3709862385321177,0.0,0.0,-1.7616279069765932,1.4303569065070334,-0.9120639534883662,0.0,-2.5985434856189804,9.480151379220347,0.0,0.0,0.0,0.0,1.0779816513759133,-0.40224358974351226,-4.9571587617745845,0.0,0.02255639097744363,0.8563930622010427,-1.0,-0.7727181643265011,0.0,-0.12044816512086265,-0.10481851747338293,0.724981905425796,-1.0,-0.6905686106079972,Biotechnology,Healthcare,APTO
2010Q3,2010,Q3,2010-08-31,2010-08-31,-1098642.021879,0.0,-1076009.053187,-1.33,0.0,0.0,1617314.221049,-1563560.920407,918521.312712,3180875.141456,3180875.141456,0.0,-174693511.882309,12316860.48,13517350.860987999,-1.8889380563687412,0.2887637118291792,0.8746355685127823,-0.9047044632087538,14.443037974691181,-1.8889380563687412,0.7026537997592187,0.0,-2.802746534975642,-7.8774420102504745,0.0,0.0,0.0,0.0,0.06729914023126744,-0.6793002915453337,-19.011352042188896,0.0,0.0,0.8682944408193299,-1.0,-1.1343261187415998,1.0,0.37250683009578894,0.3855363143121243,-1.2079023094759995,-1.0,-1.2316473346441088,Biotechnology,Healthcare,APTO
2010Q2,2010,Q2,2010-05-31,2010-05-31,-1750842.996501,-474.84455,-1751135.304249,0.0,-474.84455,1.0,2182690.120555,-513685.64713,1469027.219653,2696375.767685,2696375.767685,0.0,-174463568.124953,0.0,315603.912351,0.0,0.5448154657294847,0.4342162396872947,-1.8450184501848612,-8.068375031524376,0.0,3.4083938421933535,0.0,0.0,0.0,0.0,0.0,,-0.00021755014398436903,0.32126537785596904,-0.8021491369813902,0.0,1.0,1.0,0.0,0.0,0.0,-1.1663697021865673,-0.3702986400761386,-0.36848945598144134,0.0,0.0,0.0,Biotechnology,Healthcare,APTO
2010Q1,2010,Q1,2010-02-28,2010-02-28,-1277709.066692,2854.152792,-1279611.835221,-1.54,2854.152792,1.0,2464085.24403,1103605.746361,1728665.207877,1360479.497669,1360479.497669,0.0,-173399295.975645,26820494.855586,25975665.629061,1.3331904792152145,1.2706293706291327,0.0,0.0,-2.3189655172426527,1.3331904792152145,-1.1577586206895747,9397.00738193206,-5.247770316959653,24.3026052954356,0.0,0.0,0.0,0.0011583011581742383,0.7916083916084286,-0.518532818532817,-15.470692872183086,1.0,0.07228915662650595,0.8272749988278036,-0.17476187419506647,-0.9500131714734951,-0.9617868682517922,-0.06748252751977045,-0.0784425801696726,0.48730026365721635,-0.9369388280966777,-0.603515683249464,Biotechnology,Healthcare,APTO
2009Q4,2009,Q4,2009-11-30,2009-11-30,-1196936.749551,74690.365888,-1186536.825187,-1.66,74690.365888,1.0,4161860.641014,2277583.435757,3411175.191453,1884277.205257,1884277.205257,0.0,-171047556.017774,20704664.881088,18388318.090883,3.1680976750381133,1.8103361766177837,0.0,0.0,-1.0419261104194244,3.1680976750381133,-0.5255292652552921,277.2066334784749,-4.324511067283802,9.090628495112142,0.0,0.0,0.0,0.017946388005390387,1.4766683391865882,-0.2875965470240679,-31.9773453823302,1.0,-1.1355102040816327,0.8411430760207402,48.61103307391729,-0.905128811869724,0.6694821069213698,-1.1343181326788683,-0.13004735459611827,0.644403439341995,2.0288736071568048,-0.47281962777339276,Biotechnology,Healthcare,APTO
2009Q3,2009,Q3,2009-08-31,2009-08-31,8911207.486875,44738.644145,-1049988.587081,12.25,44738.644145,1.0,2855968.956859,1396028.30404,2111846.610363,1459940.652819,1459940.652819,0.0,-164027391.006619,17990431.913906,17199744.856157,1.9554791583765931,1.4465290806754607,0.0,0.0,-1.5042511445397098,1.9554791583765931,6.383257030739736,402.1228684445194,0.5047136412322198,12.88686759562328,0.0,0.0,0.0,0.015664961636769205,0.8486554096309603,3.1202046035806923,-19.963546660296586,1.0,0.0,2.2521488044762576,13.966463137310539,-0.9457241527925099,-0.47559521329794285,4.372590078394232,0.45953477091172007,3.580578607240677,4.415216311030375,-0.8329901751851143,Biotechnology,Healthcare,APTO
2009Q2,2009,Q2,2009-05-31,2009-05-31,-2642244.470789,85313.187979,-1942749.561988,0.0,85313.187979,1.0,6905504.587156,-7661467.889908,6137614.678899,14566972.477064,14566972.477064,0.0,-173771559.633028,0.0,8324770.642202,0.0,0.4213376999622126,1.9194898365883253,-1.73009220452651,-0.6946357298890221,0.0,0.3448744429601373,0.0,0.0,0.0,0.0,0.0,,0.012354374239020792,0.36931603476512587,-0.3826287329825953,0.0,1.0,1.0,0.0,0.0,0.0,0.6923337156153097,-0.358631619234403,-0.25389817306645834,0.0,0.0,0.0,Biotechnology,Healthcare,APTO
2009Q1,2009,Q1,2009-02-28,2009-02-28,-1944783.584735,50411.563152,-1549367.8862589998,-2.76,50411.563152,1.0,6964672.52176,-5265645.307392,6274664.251113,12230317.829152,12230317.829152,0.0,-147702729.313536,10141372.8,16656279.656761002,-7.476827242406945,0.5130417981580827,1.5737389730830043,-2.081525804039129,-0.5441217150760241,-7.476827242406945,0.3693343305909497,201.17155997368943,-1.3036634101091873,-1.925950611554366,0.0,0.0,0.0,0.0072381814068783815,0.46834546274233313,-0.27923546708891717,-6.9116912209504875,1.0,-0.04150943396226411,0.7846149483679979,33.06996739940736,-1.1302528989266407,0.6305800307140512,-0.05751312632964154,-0.0677433355908933,0.6295642317440605,7.653824070930429,-66.74061345992867,Biotechnology,Healthcare,APTO
2008Q4,2008,Q4,2008-11-30,2008-11-30,-1839016.023834,30916.337869,-1451067.718818,-2.65,30916.337869,1.0,8687456.316934,-3613207.987761,8068135.115549,12300664.304694,12300664.304694,0.0,-149003192.688622,10006776.0,16029454.154441,-5.199496323666923,0.6559105196026003,1.2522098531905224,-3.0107645162071344,-0.19972549507698217,-5.199496323666923,0.508970430172658,323.67274683053114,-1.3603437749196128,-2.7694990252141305,0.0,0.0,0.0,0.00355873304464696,0.6032917228407044,-0.21168636212297298,-7.020532836203905,1.0,0.19452887537993924,0.7271088721861748,-0.9521556773564324,-1.0720854763887109,0.0,0.11816763860923929,0.28392083917877686,0.7086872187421844,3.2908867531334804,-1.8261931435745586,Biotechnology,Healthcare,APTO
2008Q3,2008,Q3,2008-08-31,2008-08-31,-2085448.555022,0.0,-2026406.853055,-3.29,0.0,0.0,12191465.687659,-2399666.760802,11428936.270357,2241556.057611,14591131.507107,0.0,-172044465.781794,20556343.268910002,26126210.538043,-3.7822489550905893,5.098661811981496,1.0129688887200043,-5.14637100918488,-0.20395453123913437,-3.7822489550905893,0.8690575662785012,0.0,-2.4642592140918507,-8.566332461112143,0.0,0.0,0.0,0.0,4.7441975806364125,-0.17105806704874113,-12.112067223746639,0.0,0.0,0.7347026698051009,-1.0,-1.0492962052379287,-1.0,-1.7460262851426231,0.3422614279072655,0.673830274904697,-1.0,-1.2689631989460075,Biotechnology,Healthcare,APTO
2008Q2,2008,Q2,2008-05-31,2008-05-31,2795408.950803,11925.385266,-3080869.723981,0.0,11929.895004,1.0003781628768722,11673182.138188,-3874052.096953,10818729.75963,2732446.947601,15547234.23514,0.0,-181586175.198632,0.0,10147374.031981999,0.0,3.9593558327375744,1.097797253211386,-3.3078510476454412,-0.6891759253142741,0.0,-0.7215723694066043,0.0,0.0,0.0,0.0,0.0,,0.001021605345040144,3.4730874329014645,0.23947274339685104,0.0,1.0003781628768722,1.0,0.0,0.0,0.0,4.944326431502021,1.7116013073430003,0.11594841174755191,0.0,0.0,0.0,Biotechnology,Healthcare,APTO
2008Q1,2008,Q1,2008-02-29,2008-02-29,-3928335.884093,3009.896949,-3484943.373125,-6.56,2006.938068,0.666779661232847,14570756.045301,-634994.388328,13630805.019896,2460727.476788,15205750.433629,0.0,-180492799.714315,34513861.201602,43790994.14722,-1.0597387317535576,5.539339544291332,0.8746988088480975,-20.07107966796344,-0.5755466807379992,-1.0597387317535576,6.186410394014156,11466.791649816712,-2.1964683150796045,-54.3530176581249,0.0,0.0,0.0,0.00020657108935474063,5.042396856402472,-0.2696041215623722,-12.531517844385833,0.666779661232847,-0.38396624472573826,-0.02652266682730623,-0.8881389440149402,-1.0193488906159114,1.005935601683059,-0.3914182078610102,-0.3046659555195113,0.26636082883056106,0.20227650983205406,-1.0397339908234595,Biotechnology,Healthcare,APTO
2007Q4,2007,Q4,2007-11-30,2007-11-30,-2823260.369815,1000.49975,-2671138.430785,-4.74,1000.49975,1.0,16994606.696652,2751202.398801,16005815.092454,2078664.667666,14243404.297851,0.0,-172964483.758121,40709765.990344,47937553.096791,4.622533316085097,7.700046737421052,0.7157411376181657,4.421244738568152,-0.3581828900299853,4.622533316085097,-1.0261914467090474,40689.43144697838,-3.6048540213996976,14.797081453580335,0.0,0.0,0.0,5.887160367159907e-05,7.10929103372459,-0.16612684366336014,-15.294052339460695,1.0,-1.7926421404682273,0.24981654965788477,0.0,-0.9199101863129808,-0.9582594934270162,-1.7472474261331685,-0.6540027085425427,0.5473952360906518,-0.19728032195535497,-0.8615745873859455,Biotechnology,Healthcare,APTO
2007Q3,2007,Q3,2007-08-31,2007-08-31,3778213.575689,24968.285525,-1614954.085014,5.98,23969.516236,0.9599984833560173,18425659.377071,4825886.58525,17414938.937802,2368999.337309,13599771.84512,0.0,-161152856.196156,44741288.416368,52770118.294244,8.154369914382173,7.351179320119196,0.6095181303789128,2.3271938235840666,-0.1005784566039824,8.154369914382173,0.7829055882160302,1791.9247347427954,2.960479041223134,9.271102340680107,0.0,0.0,0.0,0.0013550823345877478,6.820825344254355,0.20505174324402367,-19.795827881081003,0.9599984833560173,0.0,1.9790603740892676,0.0,-0.8729237406064365,-0.36967221597310224,2.7010548183524694,0.09202813750226062,1.6404131208575838,9.075797112207697,-0.7736691114039851,Biotechnology,Healthcare,APTO
2007Q2,2007,Q2,2007-05-31,2007-05-31,-2221100.422471,43031.620101,-1778638.911311,0.0,38027.065986,0.8837005415261207,14469348.293595,711165.030388,8419948.5741,2596601.215521,13758183.263207,0.0,-162870688.172043,0.0,9848278.634876,0.0,3.242680671860721,0.7713950038539598,15.694786028233734,-0.2996170573737447,0.0,-3.123185656723312,0.0,0.0,0.0,0.0,0.0,,0.0029739846762862412,3.1217256347981728,-0.15350383288887945,0.0,0.8837005415261207,1.0,0.0,0.0,0.0,0.4085948282670322,-0.26074465124405316,-0.22177561959697498,0.0,0.0,0.0,Biotechnology,Healthcare,APTO
2007Q1,2007,Q1,2007-02-28,2007-02-28,-1761736.938784,31995.38639,-1455781.964202,-3.01,26996.454355,0.8437608480776969,13650959.032851,1967705.583323,7749841.513948,1700745.866974,11683253.449528,0.0,-147379963.261993,54773408.429628,62804207.694868,3.3625301755732364,4.55673105808375,0.7312678588025295,5.073171345936749,-0.24364117091381834,3.3625301755732364,-0.8953254763900367,1711.9158294255562,-7.772642899148458,27.83618082595892,0.0,0.0,0.0,0.0023438196769181695,4.248677057305744,-0.1290559098847476,-37.78231671397216,0.8437608480776969,0.35683760683760685,0.3631529878483183,0.0,-0.9549672961223553,0.5874132100477175,0.3549257914429946,0.4038440715224939,0.7651850914143152,25.02371183632452,-0.9414217703717164,Biotechnology,Healthcare,APTO
