Quarters,Year,Quarter,FillingDate,Date,NetIncome,Revenue,OperatingIncome,EPSDiluted,GrossProfit,GrossProfitRatio,TotalAssets,CommonStockEquity,CurrentAssets,CurrentLiability,TotalLiability,Inventory,RetainedEarnings,MarketCap,EnterpriseValue,bookValuePerShare,currentRatio,debtToAssets,debtToEquity,roic,shareholdersEquityPerShare,roe,priceToSalesRatio,peRatio,pbRatio,payoutRatio,inventoryTurnover,dividendYield,assetTurnover,quickRatio,returnOnAssets,priceToFreeCashFlowsRatio,grossProfitMargin,epsdilutedGrowth,fiveYNetIncomeGrowthPerShare,fiveYRevenueGrowthPerShare,fiveYShareholdersEquityGrowthPerShare,grossProfitGrowth,netIncomeGrowth,operatingIncomeGrowth,threeYNetIncomeGrowthPerShare,threeYRevenueGrowthPerShare,threeYShareholdersEquityGrowthPerShare,Industry,Sector,Symbol
2023Q1,2023,Q1,2023-05-22,2023-03-31,1410000.0,22650000.0,1853000.0,0.75,5087000.0,0.2245916115,239340000.0,139015000.0,41424000.0,44242000.0,100325000.0,16139000.0,178976000.0,159330000.0,149767000.0,73.94414893617021,0.9363048686768229,0.01738113144480655,0.029924828255943604,0.01008324632113063,73.94414893617021,0.0101427903463655,7.034437086092716,28.25,1.1461353091393016,0.0,1.0882334717144804,0.0,0.0946352469290549,0.5706568419149225,0.005891200802206066,326.49590163934425,0.2245916114790287,1.0578257517347724,-0.5110173463177116,-0.0932900020852813,0.6637713084382385,0.09728213977566869,-0.8946581994770265,1.4844444444444445,9.802238235294118,-0.07930130040845065,0.486687594191308,Oil & Gas E&P,Energy,PNRG
2022Q4,2022,Q4,2023-04-17,2022-12-31,13385000.0,23525000.0,-3825000.0,-12.97,4636000.0,0.1970669501,247137000.0,140353000.0,72165000.0,40957000.0,106784000.0,33049000.0,177566000.0,169736682.92000002,154193682.92000002,71.83164475852595,1.7619698708401494,0.060290446189765194,0.10616089431647346,-0.026430150674938546,71.83164475852595,0.095366682578926,7.215161866950054,3.1702779775868515,1.2093555743019389,0.0,0.5715452812490545,0.0,0.09519011722243129,0.9541226164025686,0.05416024310402732,-7.638570852796905,0.19706695005313496,-3.657786885245902,-0.31259235827151716,-0.14358760709899887,0.614662082322624,-0.7708920187793428,0.017561198114641935,-1.209290873276428,8.708760045932696,0.16108768821042507,0.43153435083452135,Oil & Gas E&P,Energy,PNRG
2022Q3,2022,Q3,2022-11-21,2022-09-30,13154000.0,39651000.0,18276000.0,4.88,20235000.0,0.5103276084,212899000.0,129378000.0,42133000.0,22220000.0,83521000.0,783000.0,164181000.0,154579861.79999998,133281861.79999998,66.78984105547958,1.8961746174617462,0.012968590740210147,0.021340567948182843,0.09989909291080777,66.78984105547958,0.10167107236160708,3.8985110539456755,2.9378869887486694,1.1947924824931595,0.0,24.796934865900383,0.0,0.1862432421007144,1.8452745274527453,0.061785165735865365,10.807513234985667,0.510327608383143,0.21393034825870658,6.544976255324907,0.9570400360838545,0.4764697784553585,0.27072343632253204,0.19766912501138123,0.2735001045223329,4.430010435208797,0.4589647394170717,0.2972968355659157,Oil & Gas E&P,Energy,PNRG
2022Q2,2022,Q2,2022-08-19,2022-06-30,10983000.0,35698000.0,14351000.0,4.02,15924000.0,0.4460754104,202972000.0,118029000.0,29240000.0,25215000.0,84943000.0,482000.0,151027000.0,154681553.60000002,143618103.60000002,59.822735062055905,1.1596272060281578,0.017490097156258006,0.030077353870658907,0.09128903208124664,59.822735062055905,0.093053402129985,4.3330593758754,3.5209312938177186,1.3105385422226743,0.0,41.024896265560166,0.0,0.17587647557298544,1.1389252429109658,0.054110911849910334,8.838945920000002,0.44607541038713655,-0.01228501228501246,34.204592608267795,0.9184260161381835,0.7800711918769542,1.177194421657096,-0.014270328486806677,21.353582554517136,0.9530415441458183,0.16253840352731608,0.18880303792932046,Oil & Gas E&P,Energy,PNRG
2022Q1,2022,Q1,2022-05-20,2022-03-31,11142000.0,26213000.0,642000.0,4.07,7314000.0,0.2790218594,205487000.0,109400000.0,24999000.0,30189000.0,96087000.0,204000.0,140044000.0,137631409.38263398,142555409.38263398,55.22803524497723,0.828083076617311,0.04379839113909882,0.08226691042047532,0.004229574102946407,55.22803524497723,0.10184643510054844,5.250502017420135,3.0881217326923798,1.2580567585249909,0.0,92.6421568627451,0.0,0.1275652474365775,0.820000662492961,0.05422240823020434,18.17876230123286,0.27902185938274904,0.13687150837988832,-0.42407358816214724,0.47551317741108323,0.5577160714659788,-0.3795385137427893,0.5598488030239395,-0.945927735197507,4.771600988040733,0.10392408539864631,0.14263585249683328,Oil & Gas E&P,Energy,PNRG
2021Q4,2021,Q4,2022-04-21,2021-12-31,7143000.0,31943000.0,11873000.0,3.58,11788000.0,0.3690323389,210914000.0,99091000.0,25328000.0,21720000.0,111823000.0,0.0,128902000.0,139791807.7,165444807.7,49.69017293851047,1.1661141804788213,0.17068568231601505,0.36330241898860643,0.055268108544706734,49.69017293851047,0.072085254967656,4.3762892558620035,4.8926154171916565,1.4107417192277805,0.0,0.0,0.0,0.15145035417279082,1.1305248618784531,0.03386688413286932,379.86904266304344,0.36903233885358294,7.172413793103449,4.812392922553454,1.8026963922459014,0.9377096491676783,6.906103286384977,7.141874462596733,14.615825688073395,-0.01582472475166624,-0.13777015845687135,-0.007706599519837308,Oil & Gas E&P,Energy,PNRG
2021Q3,2021,Q3,2021-11-19,2021-09-30,-1163000.0,19035000.0,-872000.0,-0.58,1491000.0,0.07832939322301025,202178000.0,92122000.0,19314000.0,26675000.0,109203000.0,0.0,121783000.0,116515374.9206,146420374.9206,46.195498192988886,0.7240487347703842,0.165839013146831,0.3639630055795575,-0.00597223095402502,46.195498192988886,-0.012624563079394715,6.121112420309955,-25.046297274419604,1.264794239384729,0.0,0.0,0.0,0.09414970966178318,0.673477038425492,-0.005752356834076902,-677.4149704686047,0.07832939322301025,0.5166666666666667,-1.271696826382311,0.32714432314182396,0.7334752636390361,3.424390243902439,0.5160216396171452,0.7075788061703555,-1.277227507755589,-0.32822895451495376,-0.00600874602122783,Oil & Gas E&P,Energy,PNRG
2021Q2,2021,Q2,2021-08-23,2021-06-30,-2403000.0,13663000.0,-2982000.0,-1.2,-615000.0,-0.045012076410744346,198505000.0,93266000.0,15673000.0,20666000.0,104376000.0,0.0,122946000.0,93726319.0,123683319.0,46.76916843389529,0.7583954321107133,0.17004105690032997,0.36191109300280916,-0.016337450163692865,46.76916843389529,-0.02576501619025154,6.859863792724878,-9.750969517270079,1.0049355499324513,0.0,0.0,0.0,0.06882950051635979,0.6793767540888416,-0.012105488526737361,25.869809274082254,-0.045012076410744346,-0.6438356164383562,-2.094861071177049,0.1182014457787167,0.9100935018905615,-1.4959677419354838,-0.6515463917525773,-1.139167862266858,-3.5139119071963734,-0.3579963392178556,0.03949285968737894,Oil & Gas E&P,Energy,PNRG
2021Q1,2021,Q1,2021-05-18,2021-03-31,-1455000.0,14972000.0,-1394000.0,-0.73,1240000.0,0.08282126636387924,199338000.0,95669000.0,12978000.0,15690000.0,102797000.0,0.0,125349000.0,104475980.83,138162980.82999998,47.97369567800975,0.827151051625239,0.18915109010825834,0.39411930719459803,-0.007943813443628957,47.97369567800975,-0.015208688289832652,6.978091158829815,-17.95119945532646,1.0920567877786953,0.0,0.0,0.0,0.07510860949743652,0.7262587635436584,-0.00729916022032929,25.65716621561886,0.08282126636387924,0.4004327800658979,0.09967735497449083,0.30920018071699584,1.058057287250096,-0.10339840925524223,0.3889122217555649,-14.666666666666666,-1.4756933984674732,-0.43497221145420906,0.07942629102026316,Oil & Gas E&P,Energy,PNRG
2020Q4,2020,Q4,2021-04-26,2020-12-31,-2381000.0,13243000.0,102000.0,-1.217544881923721,1383000.0,0.1044325303934154,200484000.0,97124000.0,8911000.0,14120000.0,102486000.0,0.0,126804000.0,86088621.09,123846621.09,48.70380111695201,0.6310906515580736,0.19330220865505476,0.3990156912812487,0.010231236844816674,48.70380111695201,-0.024515052922037806,6.500688748017821,-9.039124431961362,0.8863784552736708,0.0,0.0,0.0,0.06605514654536022,0.5819405099150141,-0.011876259452125856,77.62725075743914,0.1044325303934154,-1.5159088482727632,0.7315714707779576,-0.004513665212053532,1.0058109480746917,1.404741000877963,-1.3662513459467773,-0.9883892999430848,-1.1198112396983864,-0.5276304694109363,0.09478463416627508,Oil & Gas E&P,Energy,PNRG
2020Q3,2020,Q3,2020-11-25,2020-09-30,6501000.0,11792000.0,8785000.0,2.36,-3417000.0,-0.2897727272727273,208681000.0,99470000.0,10301000.0,53707000.0,106073000.0,0.0,129185000.0,137677980.08,175346980.08,49.88022627881076,0.1917999515891783,0.2000900896583781,0.41977480647431387,0.051942806837478456,49.88022627881076,0.06535638886096311,11.675541051560382,5.294492388863252,1.3841156135518247,0.0,0.0,0.0,0.0565073006167308,0.17452101215856405,0.0311528121870223,69.18491461306533,-0.2897727272727273,1.751592356687898,12.506391219103122,-0.3640987452336535,0.755789585064604,0.5606274913205607,2.0375039897861473,1.855820750121773,3.6620017682975035,-0.43464744857912657,0.10266240313408774,Oil & Gas E&P,Energy,PNRG
2020Q2,2020,Q2,2020-08-19,2020-06-30,-6266000.0,7278000.0,-10265000.0,-3.14,-7777000.0,-1.0685627919758176,218930000.0,92969000.0,15341000.0,68026000.0,123266000.0,0.0,122684000.0,141766042.93,192009042.93,46.62023481365997,0.2255167141975127,0.2500479605353309,0.5888306854973163,-0.04380694791476324,46.62023481365997,-0.06739881035614022,19.47870883896675,-5.656161942626876,1.5248743444589057,0.0,0.0,0.0,0.03324350248938017,0.1987034369211772,-0.02862102041748504,-46.63356675328948,-1.0685627919758176,-33.88888888888889,-2.7614149286283323,-0.5669624005996463,0.6247589976824066,-1.969458987783595,-35.858823529411765,-26.79145728643216,-20.871355348604386,-0.6130347369919442,0.38722070905400663,Oil & Gas E&P,Energy,PNRG
2020Q1,2020,Q1,2020-06-30,2020-03-31,-170000.0,26108000.0,398000.0,-0.09,8022000.0,0.30726214187222306,229474000.0,99235000.0,23293000.0,69921000.0,127024000.0,0.0,128950000.0,147642876.0,194927876.0,49.737516627622455,0.3331331073640251,0.23314188099741148,0.5391243009018996,0.002036733294726912,49.737516627622455,-0.0017131052552022976,5.6550818140033705,-217.12187647058823,1.487810510404595,0.0,0.0,0.0,0.1137732379267368,0.2279858697673088,-0.0007408246685899056,25.468841814731757,0.30726214187222306,0.8987221319796955,-16.195094994992147,0.3308584239785077,0.6873810612066154,16.39731285988484,0.904117315284828,1.5209424083769634,-1.0087242823971063,0.4590726639008742,0.40285506558374384,Oil & Gas E&P,Energy,PNRG
2019Q4,2019,Q4,2020-05-06,2019-12-31,-1773000.0,20689000.0,-764000.0,-0.8886442986927456,-521000.0,-0.025182464111363528,229365000.0,100114000.0,16399000.0,15592000.0,126002000.0,0.0,129120000.0,301790019.24,354275019.24,50.178079706331374,1.051757311441765,0.2332526758659778,0.5343907944942765,-0.005537613977613024,50.178079706331374,-0.017709810815670135,14.586979517618058,-42.553584213197965,3.0144637037776936,0.0,0.0,0.0,0.09020120768207879,0.9860826064648538,-0.007730037276829508,80.00795844114528,-0.025182464111363528,-1.9765321963656544,-1.201880130581649,-0.4551434705684903,0.6711235236886445,-1.0772080616478956,-1.705812101910828,-1.19061876247505,0.05417962284250636,0.8143571432271342,0.9567359796469603,Oil & Gas E&P,Energy,PNRG
2019Q3,2019,Q3,2019-11-07,2019-09-30,2512000.0,28182000.0,4008000.0,0.91,6748000.0,0.23944361649279683,243305000.0,103415000.0,24407000.0,20842000.0,136398000.0,0.0,130893000.0,230999120.0,288142120.0,51.48385413762615,1.1710488436810287,0.25276915805265,0.5946912923657109,0.019836810459322833,51.48385413762615,0.024290480104433593,8.196690085870413,22.98956210191083,2.233710003384422,0.0,0.0,0.0,0.11582992540227287,1.0581038288072162,0.010324489837857833,75.3421787345075,0.23944361649279683,-0.5603864734299516,-0.7270770398815825,-0.18845589672071436,1.0209430033897406,-0.33280601146925054,-0.565021645021645,-0.513710264498908,-0.41739299268704616,0.9506901950046096,0.9319195834091056,Oil & Gas E&P,Energy,PNRG
2019Q2,2019,Q2,2019-08-14,2019-06-30,5775000.0,31534000.0,8242000.0,2.07,10114000.0,0.3207331768884379,245025000.0,101958000.0,21374000.0,23980000.0,139499000.0,0.0,128381000.0,268055543.70000002,327234543.70000005,50.32182216345634,0.8913261050875729,0.25303540455055606,0.6080935287078993,0.04046819013222359,50.32182216345634,0.05664096981109869,8.500524630557495,11.60413609090909,2.6290780880362505,0.0,0.0,0.0,0.12869707172737477,0.8202251876563803,0.02356902356902357,34.42788899306448,0.3207331768884379,2.3892617449664426,1.0857043820390921,0.25541778655171843,1.360174367849708,1.9573099415204678,2.9009216589861753,3.954121863799283,1.5897389331158454,1.540105753478149,1.055186969029991,Oil & Gas E&P,Energy,PNRG
2019Q1,2019,Q1,2019-04-16,2019-03-31,-3038000.0,24419000.0,-2790000.0,-1.49,3420000.0,0.14005487530201893,258530000.0,98460000.0,31452000.0,30776000.0,156549000.0,0.0,122606000.0,305842709.624,371555709.624,48.33388968523573,1.021965167663114,0.28609445712296444,0.7512086126345724,-0.013050755335677955,48.33388968523573,-0.03085516961202519,12.524784373807282,-25.16809657867018,3.1062635549867963,0.0,0.0,0.0,0.09445325494139944,0.9786521965167663,-0.011751054036282056,-56.02540934676681,0.14005487530201893,-1.40939428108983,-2.263870854646768,-0.060849264800097724,1.4356597039740122,-0.699551963454274,-1.4097653088751012,-1.3069982394366197,-0.8402758360005496,1.0903263091629314,1.0735095031137791,Oil & Gas E&P,Energy,PNRG
2018Q4,2018,Q4,2019-04-16,2018-12-31,7414000.0,37844000.0,9088000.0,3.639523239146229,11383000.0,0.3007874431878237,255052000.0,102009000.0,23734000.0,30462000.0,149049000.0,0.0,125644000.0,142697454.0,202627454.0,50.07608930429831,0.779134659575865,0.2597313489014005,0.6494034840063132,0.049808613366442614,50.07608930429831,0.0726798615808409,3.7706757742310537,4.811756609117885,1.398871217245537,0.0,0.0,0.0,0.14837758574722018,0.698443962970258,0.029068582093063376,-33.678889308472975,0.3007874431878237,1.3633267786663825,4.135753463914765,0.43414010787332363,1.6241070117129761,0.37842092516347786,0.7031932000918907,0.39407884644884184,1.8182339141398693,1.7848485111119843,1.0623270845356447,Oil & Gas E&P,Energy,PNRG
2018Q3,2018,Q3,2018-11-19,2018-09-30,4353000.0,29402000.0,6519000.0,1.54,8258000.0,0.280865247262091,248203000.0,96167000.0,23324000.0,37550000.0,145061000.0,0.0,145435000.0,149398471.99230698,199254471.99230698,46.47475318125429,0.6211451398135819,0.23176593353021518,0.5981781692264498,0.03181386195518726,46.47475318125429,0.04526500774694022,5.081235017764335,8.580201699535206,1.5535315855990828,0.0,0.0,0.0,0.1184594867910541,0.5983488681757656,0.017538063601165176,19.69916561079997,0.280865247262091,6.703703703703703,1.2764447879429603,0.14474271759839888,1.4994012777035257,2.3005595523581137,8.773214285714285,55.19827586206897,8.425100973732318,0.5280367928213866,0.6359165483328649,Oil & Gas E&P,Energy,PNRG
2018Q2,2018,Q2,2018-08-20,2018-06-30,-560000.0,22387000.0,116000.0,-0.27,2502000.0,0.11176129003439496,242799000.0,94382000.0,19839000.0,31488000.0,141362000.0,0.0,141046000.0,148939327.0,204480327.0,44.99229407690287,0.6300495426829268,0.25116248419474546,0.646118963361658,0.0005649433788900307,44.99229407690287,-0.005933334746032083,6.652938178407111,-66.49077098214285,1.5780480070352398,0.0,0.0,0.0,0.09220383938978331,0.610645325203252,-0.0023064345405046974,154.34127150259067,0.11176129003439496,-1.236842105263158,-1.1065678315391327,-0.30359713805764943,1.5390535090906776,-0.7142204454597373,-1.1704199634814363,-0.9779089697200534,0.6804332801348811,0.2662577578746744,0.5680237330422375,Oil & Gas E&P,Energy,PNRG
2018Q1,2018,Q1,2018-04-17,2018-03-31,3286000.0,28467000.0,5251000.0,1.14,8755000.0,0.3075490919310078,245148000.0,95216000.0,22058000.0,30633000.0,142787000.0,0.0,141606000.0,113332752.684792,169718752.68479198,44.44369761706052,0.7200731237554272,0.2643423564540604,0.6805893967400437,0.024618597848323695,44.44369761706052,0.034511006553520414,3.9811976212734743,8.622394452586123,1.1902700458409512,0.0,0.0,0.0,0.1161216897547604,0.6866777658081155,0.01340414769853313,-9.199833808327949,0.3075490919310078,-0.8856050847775175,0.6975896572847998,0.23126023594582332,1.9324016692379138,0.679777436684574,-0.8460889929742389,2.2333743842364533,272.52881568831566,0.35139087813689157,0.5077844398723518,Oil & Gas E&P,Energy,PNRG
2017Q4,2017,Q4,2018-04-17,2017-12-31,21350000.0,30119000.0,1624000.0,9.965477904178313,5212000.0,0.1730469139081643,246765000.0,95309000.0,26631000.0,47170000.0,144326000.0,0.0,138320000.0,110333394.0,152732394.0,44.48710695875086,0.5645749417002331,0.2060138188154722,0.5333913901100631,0.23970549997947257,44.48710695875086,0.22400822587583544,3.663248912646502,1.2919601170960187,1.1576387749320631,0.0,0.0,0.0,0.12205539683504549,0.5384566461734153,0.08651956314712378,-177.9570870967742,0.1730469139081643,9.168424511621568,4.013088726785255,0.05148039420103129,1.9830711997269395,11.10077519379845,11.611332007952287,1.6059701492537313,1.2639339312293958,-0.2613065698161646,0.4815921887549004,Oil & Gas E&P,Energy,PNRG
2017Q3,2017,Q3,2017-11-17,2017-09-30,-2012000.0,17184000.0,-2680000.0,-1.22,-516000.0,-0.030027932960893854,233616000.0,74320000.0,25521000.0,35491000.0,150912000.0,0.0,116970000.0,77217851.0,121042851.0,45.236172138486474,0.7190837113634443,0.2300570166426957,0.7231566200215285,-0.012080571199323917,45.236172138486474,-0.027072120559741657,4.493590025605214,-9.594663394632207,1.038991536598493,0.0,0.0,0.0,0.07355660571193753,0.5703417767884816,-0.00861242380658859,-28.5568975591716,-0.030027932960893854,-11.166666666666666,-3.3802156838944617,-0.05506205414527247,2.4210022405359495,-1.158282208588957,-6.573407202216067,-4.540290620871863,-1.267264358441197,-0.3949974403509893,0.7756970047158049,Oil & Gas E&P,Energy,PNRG
2017Q2,2017,Q2,2017-08-18,2017-06-30,361000.0,21532000.0,757000.0,0.12,3260000.0,0.15140256362623072,230021000.0,76725000.0,23300000.0,38116000.0,140623000.0,0.0,118981000.0,107415667.55,144238667.55,33.60693400075602,0.6112918459439606,0.19365623138756896,0.5805799934832193,0.003636069332449311,33.60693400075602,0.004705115672857608,4.988652589169608,74.38758140581717,1.4000087005539263,0.0,0.0,0.0,0.09360884440985823,0.4558190786021618,0.0015694219223462205,-7.845713793733109,0.15140256362623072,-0.9836734693877551,-0.9438091350451995,-0.121742707585167,1.6135561390531636,0.3498964803312629,-0.9838094810961115,-0.9820959769163454,-0.8842915936492707,-0.2392349889647731,0.5762192385036888,Oil & Gas E&P,Energy,PNRG
2017Q1,2017,Q1,2017-04-18,2017-03-31,22297000.0,20475000.0,42281000.0,7.35,2415000.0,0.11794871794871795,227776000.0,80943000.0,24837000.0,47770000.0,133973000.0,0.0,118619000.0,114150550.0,132732550.0,35.45449408697549,0.5199288256227758,0.13430738971621242,0.377944973623414,0.2547684547602925,35.45449408697549,0.27546545099638015,5.575118437118437,1.2798868681885456,1.4102584534796092,0.0,0.0,0.0,0.08989094549030627,0.4306049822064057,0.09789003231244732,-50.9828271549799,0.11794871794871795,8.822904825174824,18.872862007840393,-0.11536855012404622,2.4196190452111948,1.3454935622317596,11.394871794871795,16.985255198487714,7.276780620166613,-0.2973623466880257,0.7866363153224445,Oil & Gas E&P,Energy,PNRG
2016Q4,2016,Q4,2017-04-18,2016-12-31,-2145000.0,13048000.0,-2645000.0,-0.9395486924942543,-6990000.0,-0.5357142857142857,214654000.0,58545000.0,18083000.0,27208000.0,148774000.0,0.0,96322000.0,123282594.0,185979594.0,25.64376606157395,0.6646206997941781,0.3226820837254372,1.1831070117004014,-0.014898756387293358,25.64376606157395,-0.03663848321803741,9.448390098099326,-14.368600699300698,2.1057749423520367,0.0,0.0,0.0,0.06078619545873825,0.5133784181123199,-0.009992825663626114,-39.80710171133355,-0.5357142857142857,-1.579968328700157,-7.969165039856799,-0.5396116504486334,1.5570077515346195,-29.647540983606557,-1.435621445978879,-1.3154442456768038,-2.3258028964051585,-0.5587968781123086,0.3437947584123229,Oil & Gas E&P,Energy,PNRG
2016Q3,2016,Q3,2016-11-14,2016-09-30,4924000.0,16499000.0,8385000.0,1.62,244000.0,0.01478877507727741,213927000.0,61132000.0,16920000.0,90775000.0,144732000.0,0.0,98467000.0,133761043.133964,199693043.133964,26.64906685545196,0.18639493252547507,0.33342682316865097,1.1668029837073872,0.04043486202915733,26.64906685545196,0.08054701302100373,8.107221233648342,6.791279606720349,2.1880691476471243,0.0,0.0,0.0,0.07712443964529957,0.1425612778848802,0.02301719745520668,234.25751862340456,0.01478877507727741,0.9518072289156628,0.37851238844704327,-0.32715991527044774,1.6310399833133151,1.0794788273615634,0.95009900990099,0.29238594327990136,1.322784272115866,-0.4205566050330078,0.433180537578181,Oil & Gas E&P,Energy,PNRG
2016Q2,2016,Q2,2016-08-15,2016-06-30,2525000.0,14057000.0,6488000.0,0.83,-3070000.0,-0.21839652842000426,233163000.0,56174000.0,29623000.0,25748000.0,167830000.0,0.0,93543000.0,139395288.2,216959288.2,24.485276970789318,1.1504971259903682,0.41226523933900316,1.7112009114536975,0.032934900582801956,24.485276970789318,0.0449496208210204,9.916432254392829,13.801513683168318,2.481491227258162,0.0,0.0,0.0,0.06028829617049017,0.99312567966444,0.010829333985237796,-252.07104556962022,-0.21839652842000426,2.0246913580246915,-0.053324287094915816,-0.42771602079794546,1.8223837931140352,0.16689280868385345,2.35752688172043,6.406666666666666,-0.5606403256337891,-0.6001675830111317,0.3817794733355219,Oil & Gas E&P,Energy,PNRG
2016Q1,2016,Q1,2016-04-08,2016-03-31,-1860000.0,13162000.0,-1200000.0,-0.81,-3685000.0,-0.2799726485336575,232759000.0,53501000.0,27220000.0,25318000.0,171584000.0,0.0,91018000.0,76635957.734823,165032957.734823,23.310184791848297,1.0751244174105379,0.4377317311038456,1.9043756191473056,-0.0043990745313140225,23.310184791848297,-0.034765705313919364,5.822516162803754,-10.300531953605242,1.4324210339026002,0.0,0.0,0.0,0.05654775969994716,0.9123548463543724,-0.007991098088580893,-11.338357410093653,-0.2799726485336575,0.8178966235674405,0.054420753591002034,-0.15089534570822413,2.1120720280936682,0.6852579432866416,0.8178078166323832,0.9183173371451909,-1.8969364457717925,-0.4686097218075293,0.538009401981462,Oil & Gas E&P,Energy,PNRG
2015Q4,2015,Q4,2016-04-08,2015-12-31,-10209000.0,15311000.0,-14691000.0,-4.448022962934885,-11708000.0,-0.764678988962184,226795000.0,55730000.0,24155000.0,22978000.0,163894000.0,0.0,92878000.0,121644381.0,207534381.0,24.281351721457646,1.0512229088693532,0.42170241848365264,1.7161313475686344,-0.06391287533953321,24.281351721457646,-0.18318679346850889,7.944901116844099,-2.9788515280634735,2.1827450385788625,0.0,0.0,0.0,0.06751030666460901,0.839629210549221,-0.04501421989020922,30.19220178704393,-0.764678988962184,-14.885796296196014,-0.6013735396356406,-0.32372052048933486,1.8213347133917166,-5.969439728353141,-14.586259541984733,-53.210332103321036,-3.237557896006332,-0.5010606546014047,0.6281796224214234,Oil & Gas E&P,Energy,PNRG
2015Q3,2015,Q3,2015-11-16,2015-09-30,-655000.0,21498000.0,-271000.0,-0.28,2356000.0,0.10959158991534096,241607000.0,65678000.0,27427000.0,24723000.0,167994000.0,0.0,103087000.0,166454856.0,255887856.0,28.408999975344667,1.1093718399870567,0.3927328264495648,1.4447303511069156,-0.0012328205155977736,28.408999975344667,-0.009972898078504218,7.742806586659224,-63.53238778625954,2.5344081123054902,0.0,0.0,0.0,0.08897921003944421,0.6913804958945112,-0.0027110141676358716,85.8457225373904,0.10959158991534096,0.6666666666666666,-2.019118947145555,0.10668807002028688,1.5259168382551118,4.2825112107623315,0.661148473874806,0.8608115048793015,-1.5506625177959477,-0.15989617158459213,1.1484411251577566,Oil & Gas E&P,Energy,PNRG
2015Q2,2015,Q2,2015-08-04,2015-06-30,-1933000.0,19502000.0,-1947000.0,-0.84,446000.0,0.02286944928725259,247849000.0,66396000.0,31106000.0,28118000.0,172971000.0,0.0,103742000.0,129581928.0,220655928.0,28.693630797035215,1.106266448538303,0.391879733224665,1.4628441472377853,-0.007614578156486183,28.693630797035215,-0.02911319959033677,6.644545585068198,-16.75917330574237,1.9516526296764867,0.0,0.0,0.0,0.07868500578981558,0.6543139625862436,-0.007799103486396959,33.22613538461538,0.02286944928725259,-199.48771266540643,-1.397209066817972,-0.24085935528138017,1.6672067614425004,-0.8765910348644161,-149.69230769230768,-3.645380434782609,-1.2968533559974644,-0.21518347455587897,1.231456607128436,Oil & Gas E&P,Energy,PNRG
2015Q1,2015,Q1,2015-05-14,2015-03-31,13000.0,22795000.0,736000.0,0.004232,3614000.0,0.15854354025005485,256629000.0,68336000.0,36554000.0,30595000.0,179892000.0,0.0,105675000.0,124031618.0,220191618.0,29.476161473601028,1.1947703873181892,0.3968296646131185,1.490254038866776,0.00464456518888433,29.476161473601028,0.0001902364785764458,5.441176486071507,2385.223423076923,1.8150260184968392,0.0,0.0,0.0,0.08882472362827272,0.5652230756659585,5.065678469697501e-05,-38.71149126092384,0.15854354025005485,-0.9990385841512984,-0.995062529062896,-0.07928497461703177,2.2612443573221026,-0.8065724684221794,-0.9987261146496815,-0.9555152614082805,-0.988589971944745,-0.03014359537777173,1.8430032849312403,Oil & Gas E&P,Energy,PNRG
2014Q4,2014,Q4,2015-03-18,2014-12-31,10205000.0,44122000.0,16545000.0,4.401841311140519,18684000.0,0.42346221839445175,264900000.0,69612000.0,43805000.0,38690000.0,186640000.0,0.0,105662000.0,168636633.51999998,260820633.51999998,30.026553390604,1.1322047040578962,0.3827595318988298,1.4565448485893238,0.06386345574410196,30.026553390604,0.14659828765155433,3.8220532505326137,4.131225710926016,2.422522460495317,0.0,0.0,0.0,0.166560966402416,0.5563194623933833,0.038523971309928275,-103.07862684596576,0.42346221839445175,0.26854216459380936,1.9723706620883499,1.7944520180438097,2.7987728691949623,-0.007595474584373506,-0.05500509306417261,-0.07739920816372052,43.021069811792,0.5330804451194046,1.9940270702551437,Oil & Gas E&P,Energy,PNRG
2014Q3,2014,Q3,2014-11-13,2014-09-30,10799000.0,40744000.0,17933000.0,3.47,18827000.0,0.46208030630276853,252121000.0,60039000.0,33430000.0,39444000.0,183197000.0,0.0,95457000.0,153496169.57999998,243565169.57999998,25.475163847407845,0.8475306764019876,0.393707783167606,1.6532920268492146,0.07526567010294108,25.475163847407845,0.1798664201602292,3.7673318667779303,3.553481099638855,2.556607697996302,0.0,0.0,0.0,0.16160494365800548,0.6545482202616367,0.04283260815243475,14.333380295078904,0.46208030630276853,2.3365384615384617,7.010099246646934,1.2529774247017824,1.0573408698052118,1.22831104272695,2.3402412619857715,1.8891574029321734,1.9427021340692499,0.6172904846260985,1.515141525500562,Oil & Gas E&P,Energy,PNRG
2014Q2,2014,Q2,2014-07-31,2014-06-30,3233000.0,29329000.0,6207000.0,1.04,8449000.0,0.2880766476865901,251223000.0,50441000.0,32632000.0,39823000.0,192152000.0,0.0,84658000.0,146677368.0,247577368.0,21.321230689113538,0.8194259598724355,0.44270230034670394,2.204892845106164,0.027724985736218056,21.321230689113538,0.06409468487936401,5.0011036175798695,11.342202907516238,2.9078996847802383,0.0,0.0,0.0,0.11674488402733826,0.6573085905130202,0.012869044633652174,28.941864246250987,0.2880766476865901,0.15555555555555556,2.0004239288040266,0.6545276182222358,0.6263944515216872,0.11185682326621924,0.1509433962264151,-0.018811255137527665,0.1754508317946009,0.15791081165681953,1.4576685825522748,Oil & Gas E&P,Energy,PNRG
2014Q1,2014,Q1,2014-05-07,2014-03-31,2809000.0,30385000.0,6326000.0,0.9,7599000.0,0.2500905051834787,245646000.0,47240000.0,33172000.0,33706000.0,189870000.0,0.0,81425000.0,124740086.39999999,231686086.39999998,19.844270366001606,0.984157123360826,0.4780537847145893,2.4858594411515664,0.0275946252595546,19.844270366001606,0.0594623200677392,4.105317966101695,11.10182328230687,2.6405606773920405,0.0,0.0,0.0,0.12369425921855028,0.8410965406752507,0.011435154653444387,38.19353533374158,0.2500905051834787,0.26999549496147013,2.0270890673360955,0.6695845089017985,0.33287911088508004,-0.05048106959890041,0.6650859513930053,0.643970893970894,2.376823139636705,0.8899051361770998,1.6493483117112995,Oil & Gas E&P,Energy,PNRG
2013Q4,2013,Q4,2014-03-26,2013-12-31,1687000.0,30837000.0,3848000.0,0.7086639311482792,8003000.0,0.2595258942179849,242922000.0,45428000.0,32675000.0,30478000.0,189784000.0,0.0,78616000.0,120217068.0,232584068.0,19.083097252047438,1.072084782466041,0.5017783486057253,2.6832129963898916,0.01570091659168741,19.083097252047438,0.03713568724134895,3.8984683334954764,17.8152145820984,2.646320947433301,0.0,0.0,0.0,0.1269419813767382,0.8930704114443205,0.006944615967265213,-18.549154142879186,0.2595258942179849,-0.0018817871150996804,1.260560434856185,0.13089328206630177,0.1788501246284122,0.006540057854357942,-0.24417562724014336,-0.20577915376676986,1.255132600998589,0.3132161155465133,1.2173314457058335,Oil & Gas E&P,Energy,PNRG
2013Q3,2013,Q3,2013-11-05,2013-09-30,2232000.0,29980000.0,4845000.0,0.71,7951000.0,0.2652101400933956,238497000.0,44911000.0,35473000.0,34000000.0,185949000.0,0.0,76929000.0,121465587.87,226792587.87,18.59435441433228,1.0433235294117646,0.48993907680180465,2.60179020729888,0.02039369600197567,18.59435441433228,0.04969829217786288,4.051553964976652,13.6050165625,2.704584352831155,0.0,0.0,0.0,0.12570388726063642,0.8601176470588235,0.009358608284380936,19.632388535639244,0.2652101400933956,-0.6302083333333334,0.7040304384650002,0.1194309928355008,0.45985225997741985,-0.46447093688960733,-0.6337381030521825,-0.5673334524022147,2.324069675169789,0.4772403118800627,0.6532716023938588,Oil & Gas E&P,Energy,PNRG
2013Q2,2013,Q2,2013-08-07,2013-06-30,6094000.0,37280000.0,11198000.0,1.92,14847000.0,0.3982564377682403,236748000.0,43108000.0,34110000.0,28279000.0,186201000.0,0.0,74697000.0,95678759.61,207649759.61,17.720104722415307,1.2061954100215708,0.5121479378917668,2.8127029785654636,0.044181557367540966,17.720104722415307,0.14136587176394172,2.566490332886266,3.925121414916311,2.219512842395843,0.0,0.0,0.0,0.157467011336949,0.9617737543760387,0.02574044976092723,44.03072232397607,0.3982564377682403,1.7428571428571429,0.9500819385064339,0.02974366855714986,1.3477073459032893,0.9615537059056679,1.6988485385296723,1.440714908456844,0.19111740147487485,0.38033282633538307,0.6471663507282175,Oil & Gas E&P,Energy,PNRG
2013Q1,2013,Q1,2013-05-08,2013-03-31,2258000.0,26970000.0,4588000.0,0.7,7569000.0,0.2806451612903226,231009000.0,37877000.0,28779000.0,31265000.0,186134000.0,0.0,68603000.0,74948908.7,188942908.7,15.156074313861224,0.9204861666400128,0.5281179521144198,3.220952028935766,0.019289124789916824,15.156074313861224,0.05961401378145048,2.77897325546904,8.298151981842338,1.9787445864244793,0.0,0.0,0.0,0.11674869810267133,0.6899728130497361,0.009774510949789835,-663.264678761062,0.2806451612903226,-0.647868156199678,0.06295800278443488,-0.166332018726403,0.1644249326758735,2.3872800586510263,-0.5454911433172303,-0.36374982665372346,-0.20443637711505,0.010546633718193053,0.6768690142881049,Oil & Gas E&P,Energy,PNRG
2012Q4,2012,Q4,2013-03-27,2012-12-31,4968000.0,33414000.0,7211000.0,1.987891786341647,-5456000.0,-0.16328485066139942,228086000.0,37270000.0,30452000.0,30395000.0,183884000.0,0.0,66345000.0,57479990.0,170877990.0,14.913189790046935,1.001875308438888,0.5348859640661856,3.2734102495304533,0.029241986955008653,14.913189790046935,0.13329755835792864,1.7202367271203687,2.892511574074074,1.5422589213844917,0.0,0.0,0.0,0.14649737379760266,0.7176838295772331,0.021781257946564016,-5.057187225057188,-0.16328485066139942,3.969729465854117,6.0294976743649915,0.02778556562992423,-0.08550754300261229,-1.3577939537018822,2.7019374068554396,1.4485568760611205,1.4391270642930531,0.9631781610739786,0.8867240615539068,Oil & Gas E&P,Energy,PNRG
2012Q3,2012,Q3,2012-11-09,2012-09-30,1342000.0,28871000.0,2945000.0,0.4,15249000.0,0.5281770634893146,221247000.0,34490000.0,37175000.0,37775000.0,178404000.0,0.0,61377000.0,71702689.31,173674689.31,13.223075858436028,0.9841164791528789,0.5088972957825417,3.2644824586836765,0.015160908824899198,13.223075858436028,0.03890982893592346,2.483554061515015,13.357430944485841,2.078941412293418,0.0,0.0,0.0,0.1304921648655123,0.7618266048974189,0.006065618968844775,-7.4737011997081515,0.5281770634893146,-0.8181818181818182,1.143781748577021,-0.1515493293680218,-0.2431874575491147,0.0899149453219927,-0.8192105617674794,-0.7579319414762453,1.6748486408991483,0.44248319665381247,0.06787828926419963,Oil & Gas E&P,Energy,PNRG
2012Q2,2012,Q2,2012-08-09,2012-06-30,7423000.0,28327000.0,12166000.0,2.2,13991000.0,0.49391040350195925,212299000.0,33919000.0,38458000.0,43266000.0,170175000.0,0.0,60035000.0,70957492.5,159990492.5,12.858699875844682,0.8888734803309758,0.4604355178309837,2.881865621038356,0.06141204806085072,12.858699875844682,0.2188448951914856,2.504942016450736,2.3897848747137274,2.091968881747693,0.0,0.0,0.0,0.13342973824652965,0.6646327370221421,0.03496483732848483,-4.665493622197383,0.49391040350195925,4.641025641025641,2.3106601011066394,-0.05082564595296326,-0.26115774884830684,0.043559334675915565,4.610733182161754,3.354330708661417,3.0600761097050833,0.43318675814694374,-0.019131754784934448,Oil & Gas E&P,Energy,PNRG
2012Q1,2012,Q1,2012-05-09,2012-03-31,1323000.0,27292000.0,2794000.0,0.39,13407000.0,0.49124285504909865,199421000.0,27911000.0,41431000.0,49644000.0,162566000.0,0.0,52612000.0,69320081.5,140965081.5,10.36796602727595,0.8345620820240109,0.4237266887639717,3.0274802049371217,0.020158456259285123,10.36796602727595,0.04740066640392677,2.5399414297229956,13.099032785336355,2.483611533087313,0.07785336356764928,0.0,0.0014858609189604024,0.13685619869522267,0.5468938844573362,0.006634206026446563,-6.650046191481197,0.49124285504909865,4.7230368085106385,-0.5134173578677788,0.1295763886746808,-0.36152742787873976,-0.2688553198451219,5.691489361702128,5.695798319327731,1.4277688278798757,0.32610358981164755,-0.3036153466343493,Oil & Gas E&P,Energy,PNRG
2011Q4,2011,Q4,2012-03-29,2011-12-31,-282000.0,33419000.0,-595000.0,-0.10475319478670837,18337000.0,0.5486998414075825,184812000.0,26998000.0,39503000.0,53468000.0,149059000.0,0.0,51289000.0,60813228.78,121952228.78,10.028818272523237,0.738815740255854,0.37768110295868235,2.5853766945699683,0.0011457890423283356,10.028818272523237,-0.010445218164308467,1.8197201825308957,-53.91243686170213,2.252508659159938,-3.1879432624113475,0.0,0.014782967752826493,0.18082700257559034,0.47069275080421935,-0.0015258749431855075,-21.450874349206348,0.5486998414075825,-1.085165199013584,-1.1401661657514186,0.8770065898703909,-0.4129204809635827,0.204005252790545,-1.0659957875029253,-1.0812175812175813,0.9614845108005245,0.08376688301448951,-0.38047406486013297,Oil & Gas E&P,Energy,PNRG
2011Q3,2011,Q3,2011-11-09,2011-09-30,4273000.0,29334000.0,7326000.0,1.23,15230000.0,0.5191927456194178,179655000.0,27795000.0,39086000.0,47454000.0,142582000.0,0.0,51571000.0,53621218.58,110073218.58,10.128719831118765,0.8236608083617819,0.3868525785533383,2.5004497211728727,0.053772077988220535,10.128719831118765,0.1537326857348444,1.8279545435331015,3.1372114778843905,1.9291677848533908,0.0,0.0,0.0,0.16327961927026802,0.5427150503645636,0.0237844758008405,98.02782190127971,0.5191927456194178,0.3369565217391304,-0.22915088223971983,0.40785189240551484,-0.37567891434631845,-0.0687863038826047,0.3340618170465189,0.14881605770738593,1.8712800369768015,-0.03595681999148931,-0.2047890339908949,Oil & Gas E&P,Energy,PNRG
2011Q2,2011,Q2,2011-08-15,2011-06-30,3203000.0,29497000.0,6377000.0,0.92,16355000.0,0.554463165745669,186880000.0,23901000.0,39688000.0,43840000.0,153449000.0,630000.0,47299000.0,64467818.99999999,121814819.0,8.675388878907164,0.9052919708029197,0.3844713184931507,3.0061503702773944,0.04664020670968753,8.675388878907164,0.13401112924145434,2.1855720581754072,5.031831017795816,2.6972854273879756,0.0,20.86031746031746,0.0,0.1578392551369863,0.6274406934306569,0.01713934075342466,13.347374534161489,0.554463165745669,2.0697674418604652,-0.2778889928816728,0.6569062877059435,-0.38194765445131457,1.3498563218390804,2.3446683459277917,4.370507399577167,-0.09495157231785918,-0.28055840309864244,0.14938791382051866,Oil & Gas E&P,Energy,PNRG
2011Q1,2011,Q1,2011-04-08,2011-03-31,-2382000.0,18771000.0,-1892000.0,-0.86,6960000.0,0.37078472111235417,196996000.0,20818000.0,48350000.0,43674000.0,166971000.0,994000.0,44096000.0,72707743.68,135607743.68,7.4902459137898525,1.1070659889178915,0.42894271964912994,4.0589874147372464,-0.011348278810803107,7.4902459137898525,-0.11442021327697185,3.8734081125139848,-7.630955465994963,3.492542207704871,-0.08144416456759027,11.882293762575452,0.002668216481229692,0.09528619870454222,0.8983834775839172,-0.01209161607342281,-63.004977192374355,0.37078472111235417,0.690383512953368,-1.714196279127335,-0.01092703919438508,-0.4154719931209925,-0.4850547499260136,0.6914507772020725,0.8146006859382655,-2.008276965302357,-0.47827036602615997,-0.4245324407050577,Oil & Gas E&P,Energy,PNRG
2010Q4,2010,Q4,2011-04-08,2010-12-31,-7720000.0,27416000.0,-10205000.0,-2.7776298613919526,13516000.0,0.4929967901955063,208160000.0,23920000.0,57753000.0,47656000.0,175073000.0,700000.0,46478000.0,53768710.5384,94076710.5384,8.606335010945013,1.2118725868725868,0.3511721752498078,3.0560200668896322,-0.06909665298626337,8.606335010945013,-0.32274247491638797,1.9612164625911876,-1.7412147195077718,2.24785579173913,0.0,19.857142857142858,0.0,0.131706379707917,0.9585361759274803,-0.037086856264411994,2.8468634795573675,0.4929967901955063,-13.62559027905433,-2.348739269153995,0.42377192816151754,-0.2820112602858184,0.05676309616888194,-10.674185463659148,-4.531141868512111,-10.822135583564297,-0.24172968001843345,-0.4722505003487269,Oil & Gas E&P,Energy,PNRG
2010Q3,2010,Q3,2010-11-15,2010-09-30,798000.0,24119000.0,2890000.0,0.22,12790000.0,0.5302873253451635,206507000.0,32284000.0,38468000.0,36687000.0,164191000.0,1165000.0,54198000.0,52529289.9,129359289.9,11.24700526362912,1.0485458064164417,0.43255192317935953,2.766850452236402,0.02110124272089876,11.24700526362912,0.024718126626192542,2.1779215514739416,16.45654445488722,1.627099798661876,0.007518796992481203,9.724463519313305,0.00011422198951141733,0.11679507232200362,0.7821844250006814,0.0038642757872614487,3.983112670609645,0.5302873253451635,-0.8690476190476191,-0.935647023023037,0.46726194796514575,0.1252954098380404,-0.3904008388542014,-0.8720128307939053,-0.7386271140454012,0.1583537511326609,-0.3559281283239287,-0.35628633310038393,Oil & Gas E&P,Energy,PNRG
2010Q2,2010,Q2,2010-08-16,2010-06-30,6235000.0,32914000.0,11057000.0,1.68,20981000.0,0.6374491098013003,212207000.0,31894000.0,36547000.0,34095000.0,170588000.0,977000.0,53400000.0,58523099.03999999,150069099.04,10.757932685172443,1.0719167033289339,0.48537512900139956,3.2294475449927886,0.05653779369711301,10.757932685172443,0.19549131498087416,1.778060978307103,2.346555695268645,1.8349250341757068,0.12173215717722534,12.213920163766632,0.01296923800089996,0.15510327180535985,0.8106467223933128,0.029381688634210937,7.569926146682188,0.6374491098013003,0.846153846153846,2.092768459490463,1.1136181006447592,0.7902255904092915,0.03814943097476497,0.8125,0.46005546018750826,1.4742148245845224,-0.018722388576657766,-0.38186478574070776,Oil & Gas E&P,Energy,PNRG
2010Q1,2010,Q1,2010-04-15,2010-03-31,3440000.0,32347000.0,7573000.0,0.91,20210000.0,0.6247874609701054,211383000.0,27377000.0,36151000.0,35786000.0,173790000.0,1626000.0,47165000.0,87840797.0,183724797.0,9.03831735497573,1.0101995193651148,0.5053859581896368,3.9021806625999926,0.03917949439197174,9.03831735497573,0.12565292033458741,2.7155778588431696,6.383778851744186,3.208561821967345,0.017151162790697675,7.464329643296433,0.0006716696798641297,0.15302555077749866,0.7878779410942827,0.016273777929161758,12.196722715912246,0.6247874609701054,1.201019809655776,0.7472170711517376,1.3065115109600434,0.5538774454970232,1.1858100800346096,1.250875145857643,1.4052766777266403,0.12444643596934613,0.189865338203323,-0.44340888906290504,Oil & Gas E&P,Energy,PNRG
2009Q4,2009,Q4,2010-04-15,2009-12-31,-13712000.0,20629000.0,-18686000.0,-4.526917031501888,9246000.0,0.4482039846817587,217518000.0,23942000.0,35648000.0,40388000.0,183732000.0,1871000.0,43725000.0,110225055.27,212401055.26999998,7.90427709803225,0.8826384074477568,0.5238876782611094,4.7596274329629935,-0.08634445834983161,7.90427709803225,-0.572717400384262,5.343208845314848,-2.0096458443334306,4.60383657463871,-0.05382147024504084,6.083912346338856,0.006695392424093089,0.09483812833880415,0.6359562246211746,-0.06303846118482148,-112.1312871515768,0.4482039846817587,-4.956469778291958,-6.021634071984102,0.36665852985803316,0.5063007107717723,-0.19326411307913793,-4.923110151187905,-18.047910295616717,-7.0572911811652395,0.02975541526919905,-0.5372895319324783,Oil & Gas E&P,Energy,PNRG
2009Q3,2009,Q3,2009-11-13,2009-09-30,-2315000.0,23300000.0,-981000.0,-0.76,11461000.0,0.4918884120171674,232785000.0,37599000.0,36714000.0,37827000.0,185067000.0,4610000.0,57437000.0,87085271.28,186864271.28,12.3825683051831,0.9705765722896343,0.49015185686362955,3.0346551769993884,-0.004064403902814528,12.3825683051831,-0.06157078645708663,3.7375652909871246,-9.404456941684666,2.3161592404053297,-0.13995680345572353,2.568112798264642,0.003720491367113762,0.10009235990291471,0.6537129563539271,-0.00994479884872307,11.283398714692925,0.4918884120171674,0.44525547445255476,-2.5248089378174354,0.6939554496168013,1.7095065350656102,0.12406826206355434,0.4427058257101589,0.7786552346570397,-1.3774279343463613,0.010620632229224325,-0.23675463273043382,Oil & Gas E&P,Energy,PNRG
2009Q2,2009,Q2,2009-08-14,2009-06-30,-4154000.0,22786000.0,-4432000.0,-1.37,10196000.0,0.44746774335118056,239823000.0,39866000.0,35360000.0,41260000.0,189855000.0,4515000.0,65774000.0,108898174.19000001,215569174.19,13.109507763731589,0.8570043625787688,0.48731773015932583,2.931570762052877,-0.018870168241091993,13.109507763731589,-0.104199066874028,4.779170288334943,-6.553814046100145,2.731605232278132,0.0,2.788482834994463,0.0,0.09501173782331136,0.5459040232670868,-0.017321107650225376,15.653036393560445,0.44746774335118056,-0.19130434782608713,-5.017642120386934,0.7596149010585705,2.166001170195052,-0.07182521620391442,-0.18753573470554602,-0.24845070422535212,-1.848446303138704,0.1595755086266427,-0.06605200810506344,Oil & Gas E&P,Energy,PNRG
2009Q1,2009,Q1,2009-04-03,2009-03-31,-3498000.0,23277000.0,-3550000.0,-1.15,10985000.0,0.4719250762555312,251957000.0,45331000.0,38259000.0,46326000.0,196597000.0,4506000.0,69928000.0,151932775.5,262929775.5,14.888274715945013,0.8258645253205543,0.4865512766067226,2.7043303699455117,-0.014421020863491353,14.888274715945013,-0.07716573647173017,6.527163100915066,-10.858545990566038,3.351630793496724,-0.18038879359634077,2.7279183311140702,0.004153152589514828,0.0923848116940589,0.5328325346457713,-0.01388332136039086,64.70731494889267,0.4719250762555312,0.577169816447289,-4.5902021351541755,1.0020108777031431,2.7551294372902992,-0.4469895287958115,0.5775872479169183,0.6736832429451236,-1.9573872360411135,0.11959236487523525,0.16185952313749652,Oil & Gas E&P,Energy,PNRG
2008Q4,2008,Q4,2009-04-03,2008-12-31,-8281000.0,34876000.0,-10879000.0,-2.719767993707191,19864000.0,0.5695607294414498,267830000.0,49288000.0,46389000.0,56243000.0,207897000.0,4532000.0,73426000.0,158174502.75,270506502.75,16.187890939963772,0.8247959746101737,0.4635029683007878,2.51866580100633,-0.040387227463790545,16.187890939963772,-0.1680124979711086,4.535339567324234,-4.77522348599203,3.2091889050073044,0.0,3.3124448367166814,0.0,0.13021692864876974,0.5466102448304678,-0.030918866445133107,-24.622431934931505,0.5695607294414498,-6.036607395754057,-10.385802227087614,2.137933241753136,3.3448631811732925,-0.2315370033657008,-4.996621621621622,-2.6057564575645755,-2.320643166711489,0.6533127135640902,0.35048466040819165,Oil & Gas E&P,Energy,PNRG
2008Q3,2008,Q3,2008-11-19,2008-09-30,2072000.0,42365000.0,6775000.0,0.54,25849000.0,0.6101498878791455,298431000.0,48665000.0,66951000.0,78533000.0,236567000.0,6015000.0,81707000.0,282732836.0,389244836.0,12.737148082792903,0.8525205964371665,0.43695192523564913,2.6795438199938353,0.02404017057050571,12.737148082792903,0.04257680057536217,6.673736244541485,34.11351785714286,5.8097777869105105,0.0,2.7458021612635077,0.0,0.14195911282675058,0.6179058484968103,0.006942978443928412,18.64131575130217,0.6101498878791455,-0.4757281553398058,0.12980617637282124,2.2712118715991254,2.6951124799779387,-0.1475447679978894,-0.4725050916496945,-0.129960190060357,-0.8744659869639905,0.9362502123793636,0.2743885092989937,Oil & Gas E&P,Energy,PNRG
2008Q2,2008,Q2,2008-08-14,2008-06-30,3928000.0,45506000.0,7787000.0,1.03,30323000.0,0.6663516898870478,306189000.0,23080000.0,75018000.0,101705000.0,281796000.0,5360000.0,83047000.0,169648463.88,290094463.88,7.547833742283338,0.7376038542844501,0.4612216637436355,6.118760831889081,0.03134643252611453,7.547833742283338,0.17019064124783362,3.728046057223223,10.797381866089612,7.350453374350086,0.0,2.8326492537313435,0.0,0.1486206232098475,0.49295511528440095,0.01282867771213205,15.959403939793038,0.6663516898870478,0.5147058823529411,3.4295536008288248,4.007748327401707,1.5375383923903974,0.1440914578931482,0.49866463181991605,0.24075844486934353,0.8890746373730274,1.833225914119506,0.25603361844922773,Oil & Gas E&P,Energy,PNRG
2008Q1,2008,Q1,2008-05-15,2008-03-31,2621000.0,39916000.0,6276000.0,0.68,26504000.0,0.663994388215252,284979000.0,40135000.0,52112000.0,76472000.0,243531000.0,3690000.0,77119000.0,175761153.0,304802153.0,13.015930772825552,0.6814520347316665,0.5129395499317494,3.6421328017939456,0.022363098876140824,13.015930772825552,0.06530459698517503,4.4032757039783545,16.764703643647465,4.379248860097172,0.0,3.6346883468834688,0.0,0.14006646103747997,0.5065906475572759,0.009197168914200695,19.8555301626751,0.663994388215252,1.4045868348623856,0.7346942896959389,3.081875266237822,3.767472923018319,-0.035060254123129575,2.0057339449541285,0.64379256155055,0.3076926270376843,1.7958821681889565,1.2377131124865857,Oil & Gas E&P,Energy,PNRG
2007Q4,2007,Q4,2008-03-27,2007-12-31,872000.0,40113000.0,3818000.0,0.28279286492846345,27467000.0,0.6847406077830129,296082000.0,50285000.0,53522000.0,78597000.0,244484000.0,3711000.0,74498000.0,173448506.25,308200506.25,16.30761377629333,0.6809674669516648,0.5271006005093184,3.1036094262702596,0.021802998054997084,16.30761377629333,0.017341155414139404,4.323997363697554,49.72720936066514,3.4493090633389683,0.0,3.4077068175693883,0.0,0.1354793604474436,0.5327557031438859,0.0029451300653197425,17.643017622825756,0.6847406077830129,0.4139643246423172,0.8488357504118104,3.927094410382537,6.256218301299601,-0.07527859138807527,0.1309987029831388,-0.1316806913804867,-0.6863025595661002,1.6104610428327701,2.107706108675944,Oil & Gas E&P,Energy,PNRG
2007Q3,2007,Q3,2007-11-14,2007-09-30,771000.0,41910000.0,4397000.0,0.2,29703000.0,0.7087329992841804,293722000.0,56129000.0,47390000.0,45359000.0,236280000.0,3633000.0,73626000.0,180799500.0,323597500.0,17.472062256809338,1.044776119402985,0.5275736921306542,2.7607831958524116,0.013327791630397033,17.472062256809338,0.01373621479092804,4.313994273443092,58.625,3.2211423684726257,0.0,3.3600330305532617,0.0,0.1426859411280054,0.7551753786459137,0.002624931057258224,35.87291666666667,0.7087329992841804,-0.7101449275362318,0.41176485981308414,4.223997178276624,7.268513336219928,0.2742599742599743,-0.7158127534095098,-0.3456845238095238,-0.52,1.8799579710772332,2.823170258312423,Oil & Gas E&P,Energy,PNRG
2007Q2,2007,Q2,2007-08-09,2007-06-30,2713000.0,36111000.0,6720000.0,0.69,23310000.0,0.6455096784913185,313710000.0,55549000.0,52922000.0,59968000.0,256848000.0,4046000.0,72855000.0,181930605.0,330294605.0,17.403850220802596,0.8825040021344717,0.5151732491791782,2.909413310770671,0.01980467946428452,17.403850220802596,0.04883976309204486,5.038093794134751,16.764707427202357,3.275137356208033,0.0,3.1638655462184873,0.0,0.11510949603136655,0.6617862860192102,0.00864811450065347,-45.33531148766509,0.6455096784913185,-0.15853658536585366,5.538460660645854,3.921882764788476,7.31798410907504,0.34950500781566607,-0.16110080395794682,0.038158504557392246,1.499999485536857,1.656895189890704,3.2031029050076385,Oil & Gas E&P,Energy,PNRG
2007Q1,2007,Q1,2007-04-02,2007-03-31,3234000.0,28738000.0,6473000.0,0.82,17273000.0,0.6010508734080312,303053000.0,51996000.0,53267000.0,59258000.0,249744000.0,3557000.0,70142000.0,186227156.79999998,328288156.79999995,16.23870230295005,0.8988997266191907,0.5160813455072215,3.0079236864374184,0.019879568138035483,16.23870230295005,0.062197092084006464,6.480171090542139,14.396038713667284,3.581566982075544,0.0,3.2232218161371944,0.0,0.0948282973605277,0.7607074150325694,0.010671400712086665,-6.357177469789034,0.6010508734080312,0.09721002925198491,49.5000031230676,3.0711185666673306,6.838292381785295,0.6044027493962475,0.35144170497283744,0.6687290538798659,2.156250195191725,1.3503269352850396,3.0957350804317816,Oil & Gas E&P,Energy,PNRG
