Quarters,Year,Quarter,FillingDate,Date,NetIncome,Revenue,OperatingIncome,EPSDiluted,GrossProfit,GrossProfitRatio,TotalAssets,CommonStockEquity,CurrentAssets,CurrentLiability,TotalLiability,Inventory,RetainedEarnings,MarketCap,EnterpriseValue,bookValuePerShare,currentRatio,debtToAssets,debtToEquity,roic,shareholdersEquityPerShare,roe,priceToSalesRatio,peRatio,pbRatio,payoutRatio,inventoryTurnover,dividendYield,assetTurnover,quickRatio,returnOnAssets,priceToFreeCashFlowsRatio,grossProfitMargin,epsdilutedGrowth,fiveYNetIncomeGrowthPerShare,fiveYRevenueGrowthPerShare,fiveYShareholdersEquityGrowthPerShare,grossProfitGrowth,netIncomeGrowth,operatingIncomeGrowth,threeYNetIncomeGrowthPerShare,threeYRevenueGrowthPerShare,threeYShareholdersEquityGrowthPerShare,Industry,Sector,Symbol
2023Q1,2023,Q1,2023-05-15,2023-03-31,-1000000.0,9944000.0,-78000.0,-0.14,5089000.0,0.511765889,65102000.0,25082000.0,13037000.0,16859000.0,40020000.0,1479000.0,-51409000.0,69834.5,15036834.5,3.4120527819344306,0.7732961622872057,0.2898835673251206,0.7524120883502113,-0.0017929671827699714,3.4120527819344306,-0.03986922892911251,0.007022777554304103,-0.017458625,0.0027842476676501076,0.0,3.2826233941852605,0.0,0.1527449233510491,0.6378788777507562,-0.015360511197812662,0.02464167254763585,0.5117658889782783,-1.2838499184339318,0.11145085644880122,3.863347207479794,10.413589832109269,0.08948833226289873,0.25037481259370314,0.9433139534883721,0.8491562631216276,4.3386527390963385,8.279513965826514,,Industrials,CREXW
2022Q4,2022,Q4,2023-03-30,2022-12-31,-1334000.0,10490000.0,-1376000.0,-0.0613,4671000.0,0.4452812202,66015000.0,25579000.0,13982000.0,16496000.0,40436000.0,2267000.0,-50409000.0,865650.0,18388650.0,1.1760459770114942,0.8475994180407371,0.2901764750435507,0.7488955784041597,-0.03046055361260984,1.1760459770114942,-0.0521521560655225,0.08252144899904672,-0.16222826086956524,0.03384221431643145,0.0,2.5668284075871197,0.0,0.15890327955767627,0.5999030067895247,-0.02020752859198667,-1.0007514450867052,0.44528122020972355,-1.403921568627451,0.37651553082985634,0.70460459325463,2.950238991717376,0.03478068232166593,-1.407942238267148,-6.204188481675392,-2.5924878626406156,0.16015214706288464,-0.07113463950972443,,Industrials,CREXW
2022Q3,2022,Q3,2022-11-14,2022-09-30,-554000.0,11180000.0,-191000.0,-0.0255,4514000.0,0.4037567084,64713000.0,26402000.0,12950000.0,13437000.0,38311000.0,3108000.0,-49075000.0,1392000.0,17825000.0,1.2138850574712643,0.9637567909503609,0.26659249300758736,0.6534353458071358,-0.004134549996194217,1.2138850574712643,-0.020983258844026968,0.12450805008944543,-0.628158844765343,0.052723278539504585,0.0,2.1447876447876446,0.0,0.17276281427224824,0.6120413782838431,-0.008560876485404788,-0.34481050284865,0.4037567084078712,-1.4396551724137931,0.9127194227546329,1.1018148380355277,2.692170572225331,-0.031746031746031744,-1.438985736925515,-4.82,-2.5385906716063458,0.1176540303401772,-0.008239896595409099,,Industrials,CREXW
2022Q2,2022,Q2,2022-08-15,2022-06-30,1262000.0,10923000.0,50000.0,0.058,4662000.0,0.4268058226,68517000.0,26437000.0,17193000.0,16544000.0,42080000.0,2638000.0,-48521000.0,2168029.8000000003,16671029.8,1.2181826559764077,1.0392287234042554,0.25311966373308814,0.6560124068540303,0.0010512606172532525,1.2181826559764077,0.04773612739720846,0.19848299917605056,0.42948292393026943,0.08200740628664371,0.0,2.3733889310083396,0.0,0.15942028985507245,0.6917311411992263,0.01841878657851336,-0.7636596688974993,0.4268058225762153,-0.6588235294117648,1.4888188796447082,1.0620789377763946,3.6543110468016535,0.19784172661870503,-0.495603517186251,1.0550660792951543,1.0385036731466362,-0.21006037685353487,0.012531646390124971,,Industrials,CREXW
2022Q1,2022,Q1,2022-05-16,2022-03-31,2502000.0,10757000.0,-908000.0,0.17,3892000.0,0.3618109138,62879000.0,19060000.0,19143000.0,16855000.0,43819000.0,2024000.0,-49783000.0,1255671.582,11765671.582,1.3038719387057054,1.1357460694156036,0.2623769461982538,0.865582371458552,-0.02475806215637846,1.3038719387057054,0.13126967471143758,0.11673064813609742,0.12546678477218226,0.06587993609653725,0.0,3.391798418972332,0.0,0.17107460360374688,0.8777217442895283,0.0397907091397764,3.0184413028846153,0.36181091382355673,6.501618122977347,5.16256157635468,0.6758062003427326,6.387596899224808,1.999229781771502,6.535398230088496,0.2647773279352227,14.597826086956522,0.13422606495149725,0.13122440500919938,,Industrials,CREXW
2021Q4,2021,Q4,2022-03-22,2021-12-31,-452000.0,2377000.0,-1235000.0,-0.0309,-3895000.0,-1.6386201094,22881000.0,8729000.0,9772000.0,6859000.0,14152000.0,1880000.0,-52254000.0,1898878.1999999997,-984121.8000000003,0.5971405116979067,1.4246974777664383,0.0,0.0,-0.1466744301658187,0.5971405116979067,-0.051781418260969186,0.7988549432057214,-1.0502644911504424,0.21753673960362008,0.0,3.3361702127659574,0.0,0.10388531969756566,0.8585799679253535,-0.019754381364450853,17.10701081081081,-1.6386201093815733,-0.03000000000000005,0.7770103601381352,-0.5678967460461735,3.4175101214574903,-2.6595654026416704,-0.3177842565597668,-2.0569306930693068,0.934416715031921,-0.545419774335437,-0.4810653349979192,,Industrials,CREXW
2021Q3,2021,Q3,2021-11-15,2021-09-30,-343000.0,4753000.0,-404000.0,-0.03,2347000.0,0.49379339364611824,21781000.0,9765000.0,9012000.0,5878000.0,12016000.0,1952000.0,-50532000.0,2923600.0,434600.0,0.6680120399507457,1.533174549166383,0.012992975529130894,0.0289810547875064,-0.040089442023317316,0.6680120399507457,-0.03512544802867384,0.615106248685041,-2.1309037900874634,0.29939580133128524,0.0,1.2325819672131149,0.0,0.218217712685368,0.9123851650221164,-0.015747669987603876,-7.944565217391304,0.49379339364611824,-1.4285714285714286,0.8703703703703703,0.7551698670605612,1.486631016042781,0.2517333333333333,-1.3346341463414635,0.0170316301703163,0.6093394077448747,-0.20796533911014836,1.106341673856773,,Industrials,CREXW
2021Q2,2021,Q2,2021-08-16,2021-06-30,1025000.0,3277000.0,-411000.0,0.07,1875000.0,0.5721696673787,21575000.0,9706000.0,8637000.0,4623000.0,11869000.0,2068000.0,-50189000.0,6447020.394,10858020.394000001,0.6639759200985087,1.8682673588578844,0.3436848203939745,0.7639604368431898,-0.022835769148709193,0.6639759200985087,0.10560478054811456,1.9673544076899605,1.5724439985365852,0.6642304135586236,0.0,0.6779497098646035,0.0,0.15188876013904984,1.0672723339822625,0.047508690614136734,-14.958283976798144,0.5721696673787,-0.19540229885057459,0.9376181474480151,0.0818752063387256,0.4834173926333487,-0.16069829901521934,-0.19418238993710693,-0.9295774647887324,2.67483660130719,-0.5435297395180387,1.19841449603624,,Industrials,CREXW
2021Q1,2021,Q1,2021-03-31,2021-03-31,1272000.0,5004000.0,-213000.0,0.087,2234000.0,0.44644284572342124,23433000.0,8285000.0,10152000.0,8029000.0,15148000.0,2126000.0,-51214000.0,4812245.6,10243245.6,0.5667669995895471,1.2644164902229418,0.3826227969103401,1.0821967410983706,-0.011758711531033405,0.5667669995895471,0.15353047676523837,0.9616797761790566,0.9458029874213836,0.5808383343391672,0.0,1.3029162746942615,0.0,0.2135450006401229,0.9170506912442397,0.05428242222506721,-35.38415882352941,0.44644284572342124,1.0527272727272727,1.7202718006795017,1.0550308008213551,0.40233581584292477,-0.7249107252801379,1.0741258741258741,0.7901477832512315,1.5683646112600538,0.2306935563207082,0.8958810068649884,,Industrials,CREXW
2020Q4,2020,Q4,2021-03-10,2020-12-31,-17160000.0,17457000.0,-1015000.0,-1.65,8121000.0,0.46520020622100017,20618000.0,4335000.0,7027000.0,7333000.0,16283000.0,2351000.0,0.0,2192700.0,721700.0,0.2965521959228349,0.9582708304922951,0.09680861383257348,0.46043829296424454,-0.14083481161882425,0.2965521959228349,-3.958477508650519,0.1256057741880048,-0.031944930069930065,0.5058131487889272,0.0,3.9710761378136965,0.0,0.8466873605587351,0.5629346788490386,-0.832282471626734,-0.5236923811798424,0.46520020622100017,-40.22938530734633,-7.362573099415206,4.332009773976787,-0.4297553275453828,2.322831423895254,-28.333333333333332,-1.40521327014218,-10.933240611961056,3.220744680851064,-0.003906250000000007,,Industrials,CREXW
2020Q3,2020,Q3,2020-11-12,2020-09-30,-585000.0,5107000.0,-422000.0,-0.04002,2444000.0,0.47855884080673583,21101000.0,4179000.0,7461000.0,14984000.0,16922000.0,2662000.0,-51869000.0,2324262.0,12465262.0,0.2858804213982761,0.4979311265349706,0.5211127434718734,2.6312514955731037,-0.02647394353555135,0.2858804213982761,-0.1399856424982053,0.45511298218131974,-0.9932743589743589,0.5561765972720747,0.0,1.0003756574004508,0.0,0.2420264442443486,0.29231179925253603,-0.02772380455902564,-1.7267919762258543,0.47855884080673583,0.7620972535964808,0.6546635182998819,0.5158800831107154,-0.29456448345712366,0.345074298293891,0.7620984139894266,0.7433090024330901,0.8628691983122363,0.42853146853146856,-0.13046192259675418,,Industrials,CREXW
2020Q2,2020,Q2,2020-08-13,2020-06-30,-2459000.0,3656000.0,-1644000.0,-0.16822,1817000.0,0.49699124726477023,21786000.0,3156000.0,7031000.0,16242000.0,18630000.0,2631000.0,-51284000.0,6139560.0,16784560.0,0.21589820768915036,0.4328900381726388,0.5285504452400624,3.6486058301647657,-0.1018354121874634,0.21589820768915036,-0.7791508238276299,1.6793107221006565,-0.6241927612850753,1.945361216730038,0.0,0.6989737742303307,0.0,0.16781419260075278,0.1997290974017978,-0.11287065087670982,-2.089707283866576,0.49699124726477023,0.8134681702759944,-0.07473776223776213,0.3530717986676535,-0.5990344301867615,0.13067828251400124,0.813471895623151,0.8735481886008769,-0.4140310523289247,0.024663677130044765,-0.17511761630946163,,Industrials,CREXW
2020Q1,2020,Q1,2020-03-31,2020-03-31,-13183000.0,3704000.0,-13001000.0,-0.90183,1607000.0,0.43385529157667385,21792000.0,5375000.0,6680000.0,11576000.0,16417000.0,714000.0,-48825000.0,1169440.0,8340440.0,0.3676973594198933,0.5770559778852798,0.42731277533039647,1.7324651162790698,-0.7872758396220434,0.3676973594198933,-2.4526511627906977,0.3157235421166307,-0.022177046195858304,0.21757023255813954,0.0,2.936974789915966,0.0,0.1699706314243759,0.47563925362819626,-0.6049467694566814,-3.0375064935064935,0.43385529157667385,-24.123846153846156,-5.8199689601655455,0.7422389463781751,-0.46136887463673715,-0.3633122028526149,-24.41563055062167,-16.907713498622588,-33.470443349753694,-0.4229630783611154,1.0833333333333335,,Industrials,CREXW
2019Q4,2019,Q4,2020-03-13,2019-12-31,563000.0,6077000.0,-726000.0,0.039,2524000.0,0.4153365147276617,33976000.0,18508000.0,7982000.0,10431000.0,15468000.0,379000.0,-35642000.0,1315620.0,7947620.0,1.2661102750034205,0.7652190585754003,0.26977866729456085,0.49524529933001943,-0.020088183201352756,1.2661102750034205,0.030419278149989192,0.21649168997860788,0.5842007104795737,0.07108385562999783,0.0,9.37467018469657,0.0,0.17886154932893808,0.698207266800882,0.016570520367318108,-0.7873249551166965,0.4153365147276617,1.2941176470588234,1.4053275737940965,0.6331631281913462,0.6445708192642617,-0.2365396249243799,1.3264462809917354,-9.44186046511628,1.2777503700049333,0.10470823486638786,8.366396761133604,,Industrials,CREXW
2019Q3,2019,Q3,2019-11-07,2019-09-30,242000.0,6723000.0,86000.0,0.017,3306000.0,0.4917447568049978,34927000.0,17892000.0,8567000.0,12053000.0,17035000.0,591000.0,-36205000.0,3508320.0,8456320.0,1.2239704473936244,0.7107773998174728,0.20580066996879204,0.4017437961099933,0.002632815031081563,1.2239704473936244,0.013525598032640286,0.5218384649709951,3.6242975206611567,0.19608316566063044,0.0,5.781725888324873,0.0,0.19248718756263064,0.6380154318426947,0.006928737080195837,3.805119305856833,0.4917447568049978,-0.41379310344827586,1.2800925925925926,0.5210407239819006,0.4512125882066672,-0.21807000946073793,-0.4196642685851319,-0.8262626262626263,1.09145880574452,1.4826440177252584,3.5561497326203217,,Industrials,CREXW
2019Q2,2019,Q2,2019-08-08,2019-06-30,417000.0,9314000.0,495000.0,0.029,4228000.0,0.45394030491732873,35877000.0,17587000.0,9410000.0,13340000.0,18290000.0,768000.0,-36447000.0,5847200.0,11233200.0,1.2031057600218908,0.7053973013493253,0.20096440616550992,0.4099619036788537,0.02482402560152397,1.2031057600218908,0.02371069540001137,0.6277861284088468,3.505515587529976,0.33247284926366066,0.0,6.622395833333333,0.0,0.25960922039189455,0.6107196401799101,0.011623045405134208,-8.913414634146342,0.45394030491732873,3.3034154090548054,1.4216380182002022,6.987993138936535,23.98954248366013,0.14860092366204836,3.266304347826087,13.142857142857142,-0.21172022684310024,2.0749422251568177,1.687910744306893,,Industrials,CREXW
2019Q1,2019,Q1,2019-03-31,2019-03-31,-184000.0,9484000.0,35000.0,-0.01259,3681000.0,0.3881273724167018,39465000.0,16849000.0,12040000.0,17595000.0,22616000.0,665000.0,-36864000.0,5408660.0,11027660.0,1.1526200574634013,0.684285308326229,0.19934118839478018,0.4669119829069974,0.0014692351513141096,1.1526200574634013,-0.010920529408273488,0.5702931252636019,-7.348722826086957,0.32100777494213306,0.0,8.726315789473684,0.0,0.24031420245787408,0.5920431940892299,-0.004662359052324845,-11.707056277056276,0.3881273724167018,0.9732962860839502,0.8301015697137581,6.50910530482977,582.0000000000001,0.9548592671269251,0.9733023795705166,1.016294227188082,0.8958097395243488,2.8948665297741276,1.8518957345971565,,Industrials,CREXW
2018Q4,2018,Q4,2019-03-28,2018-12-31,-6892000.0,5229000.0,-2148000.0,-0.47147,1883000.0,0.36010709504685406,37728000.0,16821000.0,12359000.0,15004000.0,20907000.0,379000.0,-36851000.0,5847200.0,8665200.0,1.150704610753865,0.8237136763529725,0.14673452078032231,0.32911241900005944,-0.09318388561049624,1.150704610753865,-0.40972593781582545,1.1182252820807037,-0.21210098665118982,0.34761310266928247,0.0,8.82849604221636,0.0,0.13859732824427481,0.6930818448413756,-0.1826759966072943,-21.736802973977696,0.36010709504685406,-6.84998334998335,-6.2167539267015695,3.234008097165992,22.758474576271183,-0.49665864742047583,-6.849658314350798,-3.2283464566929134,-2.3586744639376223,0.597128894318876,1.2127071823204416,,Industrials,CREXW
2018Q3,2018,Q3,2018-11-14,2018-09-30,-878000.0,6001000.0,-508000.0,-0.06006,3741000.0,0.6233961006498917,25281000.0,4636000.0,8403000.0,12919000.0,20645000.0,391000.0,-29959000.0,4677760.0,11552760.0,0.3171432480503489,0.6504373403514204,0.3312764526719671,1.806514236410699,-0.034076075405227536,0.3171432480503489,-0.1893874029335634,0.7794967505415764,-1.3319362186788155,1.0090077653149268,0.0,5.780051150895141,0.0,0.23737193940113127,0.5234925303816085,-0.03472963885922234,-1.1809543044685686,0.6233961006498917,-0.4344399331263436,0.23916811091854429,2.9119947848761405,2.4088235294117646,0.21067961165048543,-0.434640522875817,-71.57142857142857,0.48170011806375446,0.7812407242505195,-0.21742066171505744,,Industrials,CREXW
2018Q2,2018,Q2,2018-08-14,2018-06-30,-612000.0,7179000.0,-7000.0,-0.04187,3090000.0,0.4304220643543669,29891000.0,4415000.0,12315000.0,17824000.0,25476000.0,462000.0,-29081000.0,4677760.0,7128760.0,0.302024900807224,0.6909223518850988,0.2646950587133251,1.7920724801812005,-0.0004867364322219518,0.302024900807224,-0.13861834654586636,0.6515893578492826,-1.9108496732026146,1.059515288788222,0.0,8.85064935064935,0.0,0.24017262721220434,0.5909447935368043,-0.02047439028470108,1.2925559546836143,0.4304220643543669,0.7265186152841281,-7.052631578947367,1.733815689261234,0.8289146644573322,1.047713717693837,0.7265415549597856,0.9961517317207257,0.7325174825174826,1.6569207994078459,-0.4390801677042307,,Industrials,CREXW
2018Q1,2018,Q1,2018-03-31,2018-03-31,-2238000.0,4066000.0,-1819000.0,-0.1531,1509000.0,0.37112641416625675,25171000.0,4370000.0,8201000.0,13589000.0,20801000.0,770000.0,-28469000.0,4677760.0,10501760.0,0.2989465043097551,0.6035028331738906,0.26085574669262246,1.5025171624713958,-0.16982191342862787,0.2989465043097551,-0.5121281464530892,1.1504574520413182,-0.522537980339589,1.0704256292906178,0.0,3.3207792207792206,0.0,0.16153509991657067,0.4500699094856134,-0.08891184299392157,-3.709563838223632,0.37112641416625675,-0.556368811629562,-0.584985835694051,1.8898365316275767,0.8185601331668747,0.006,-0.5563282336578581,-0.12701363073110286,-0.15778582514226583,0.9125117591721544,-0.5620803687744262,,Industrials,CREXW
2017Q4,2017,Q4,2018-03-26,2017-12-31,-1438000.0,4136000.0,-1614000.0,-0.09837,1500000.0,0.36266924564796904,26045000.0,4352000.0,8873000.0,12674000.0,21693000.0,851000.0,-26231000.0,4677760.0,9139760.0,0.29771514571076757,0.7000946820261954,0.20982914186984067,1.2557444852941178,-0.13858128965221825,0.29771514571076757,-0.3304227941176471,1.1309864603481625,-0.813240611961057,1.0748529411764705,0.0,3.0975323149236194,0.0,0.15880207333461316,0.5516806059649676,-0.05521213284699558,-1.3625866588989222,0.36266924564796904,0.6629201932632011,-0.20738874895046194,1.5769470404984423,0.9282233052724856,0.05782792665726375,0.6629160806375997,0.5500418176749373,-0.03527717782577406,0.11152915882827188,-0.6132930513595166,,Industrials,CREXW
2017Q3,2017,Q3,2017-11-14,2017-09-30,-4266000.0,3575000.0,-3587000.0,-0.29183,1418000.0,0.39664335664335665,28235000.0,4806000.0,10873000.0,19303000.0,23429000.0,1227000.0,-24793000.0,4677760.0,6412760.0,0.32877274592967576,0.5632803191213801,0.22383566495484328,1.315022888056596,-0.32832413732464094,0.32877274592967576,-0.8876404494382022,1.3084643356643357,-0.27413033286451005,0.9733166874739908,0.0,1.7579462102689487,0.0,0.12661590224898175,0.4912707869243123,-0.15108907384451922,-3.1289364548494984,0.39664335664335665,-1.4531775386684598,-2.6152542372881356,1.0209157716223856,0.4206325746378955,-0.1268472906403941,-1.4531339850488787,-2.5097847358121332,-3.9375000000000004,-0.19117647058823525,-0.6101873631275854,,Industrials,CREXW
2017Q2,2017,Q2,2017-08-14,2017-06-30,-1739000.0,3568000.0,-1022000.0,-0.11896,1624000.0,0.4551569506726457,28160000.0,3826000.0,10571000.0,18620000.0,24334000.0,619000.0,-20603000.0,4677760.0,5918760.0,0.26173211109590916,0.5677228786251343,0.25997869318181815,1.9134866701515945,-0.09570122119001004,0.26173211109590916,-0.45452169367485623,1.3110313901345292,-0.6724784358826913,1.2226241505488762,0.0,3.1405492730210014,0.0,0.12670454545454546,0.5238453276047261,-0.06175426136363636,2.1497058823529414,0.4551569506726457,-5.248571428571429,-0.44076222038111,1.291586384071933,0.18305504019789742,-0.42957499121882686,-5.283251231527093,-9.308943089430894,-0.7583417593528814,2.0600343053173242,6.001307189542483,,Industrials,CREXW
2017Q1,2017,Q1,2017-03-31,2017-03-31,406000.0,6419000.0,123000.0,0.028,2847000.0,0.4435270291322636,24198000.0,2580000.0,6376000.0,13706000.0,21618000.0,738000.0,-20118000.0,4677760.0,8416760.0,0.17649473252154876,0.4651977236246899,0.29518968509794197,2.7686046511627906,0.010589833225713077,0.17649473252154876,0.1573643410852713,0.7287365633276212,2.880394088669951,1.8130852713178296,0.0,4.840108401084011,0.0,0.2652698570129763,0.39916824748285423,0.0167782461360443,1.6482593375616632,0.4435270291322636,1.2019327852300592,1.2221006564551422,2.620417371686407,-0.40153096729297144,0.06469708302169035,1.2002960039467192,-0.3089887640449438,1.3748845798707294,4.082343626286619,89.9655172413793,,Industrials,CREXW
2016Q4,2016,Q4,2017-03-28,2016-12-31,-2027000.0,5501000.0,178000.0,-0.13866,2674000.0,0.48609343755680784,24419000.0,1976000.0,6345000.0,14374000.0,22443000.0,585000.0,-20524000.0,4677760.0,10960760.0,0.135175810644411,0.4414220119660498,0.3126663663540685,3.8638663967611335,0.019360981263464392,0.135175810644411,-1.0258097165991902,0.8503472095982548,-0.5769314257523434,2.3672874493927125,0.0,4.832478632478632,0.0,0.22527540030304272,0.3890357590093224,-0.08300913223309718,-13.519537572254336,0.48609343755680784,0.23396497431081154,-0.22551390568319238,2.6143232588699084,-0.6570635196112461,1.024224072672218,0.23393801965230537,1.075938566552901,-1.1225130890052357,3.4542510121457495,1.7909604519774012,,Industrials,CREXW
2016Q3,2016,Q3,2016-11-21,2016-09-30,-2646000.0,2708000.0,-2344000.0,-0.18101,1321000.0,0.4878138847858198,22255000.0,3927000.0,3844000.0,12264000.0,18328000.0,588000.0,-18497000.0,4677760.0,10333760.0,0.2686414010124504,0.31343770384866276,0.2980004493372276,1.68882098293863,-0.22731712151416908,0.2686414010124504,-0.6737967914438503,1.7273855243722305,-0.44196523053665915,1.19117901706137,0.0,2.358843537414966,0.0,0.121680521231184,0.2491846053489889,-0.1188946304201303,-2.199228960977903,0.4878138847858198,-6.028055555555556,-0.917391304347826,0.1768796175575837,-0.1015785861358958,-0.23063482818870124,-6.001890359168242,-1.9484276729559749,-1.2928942807625647,0.7653194263363754,1.8874999999999997,,Industrials,CREXW
2016Q2,2016,Q2,2016-08-22,2016-06-30,529000.0,3029000.0,-795000.0,0.036,1717000.0,0.5668537471112578,23056000.0,6543000.0,3122000.0,11234000.0,16513000.0,273000.0,-15851000.0,4677760.0,8240760.0,0.44759885073197425,0.27790635570589284,0.1707147814018043,0.6015589179275561,0.8190433344823758,0.44759885073197425,0.08084976310560905,1.5443248596896666,2.2106616257088847,0.7149258749808957,0.0,4.805860805860806,0.0,0.13137578070784178,0.21203489407156845,0.0229441360166551,-5.180243632336656,0.5668537471112578,1.2979885771045443,1.3678720445062587,-0.008185985592665394,0.1870464441219157,0.4995633187772926,1.2995469988674972,0.5021916092673764,7.960526315789474,0.15346534653465355,1.7104391052195522,,Industrials,CREXW
2016Q1,2016,Q1,2016-03-31,2016-03-31,-1766000.0,2435000.0,-1597000.0,-0.12081,1145000.0,0.4702258726899384,21735000.0,5908000.0,1956000.0,7347000.0,15827000.0,136000.0,-16380000.0,4677760.0,7265760.0,0.40415925571213573,0.2662311147407105,0.13466758684149988,0.49542992552471227,-0.18744523878597677,0.40415925571213573,-0.2989167230873392,1.9210513347022586,-0.6621970554926387,0.7917670954637779,0.0,9.485294117647058,0.0,0.11203128594432943,0.19831223628691982,-0.08125143777317691,-4.57706457925636,0.4702258726899384,0.13934601410557806,0.22065313327449254,0.015853149770546474,-0.11144533012483078,0.20020964360587,0.13937621832358674,-0.35799319727891155,-0.25070821529745047,0.7306325515280739,1.4585934248855597,,Industrials,CREXW
2015Q4,2015,Q4,2016-04-04,2015-12-31,-2052000.0,3274000.0,-1176000.0,-0.14037,954000.0,0.29138668295662795,23036000.0,7602000.0,2756000.0,7282000.0,15434000.0,82000.0,-14614000.0,4677760.0,5746760.0,0.5200437816390752,0.3784674539961549,0.10548706372634138,0.3196527229676401,-0.11722488038277512,0.5200437816390752,-0.26992896606156275,1.428759926695174,-0.5699025341130605,0.6153328071560116,0.0,28.29268292682927,0.0,0.14212536898767147,0.31941774237846743,-0.08907796492446605,-56.35855421686747,0.29138668295662795,-0.21133931653434587,-0.23317307692307687,0.12741046831955924,-0.11014865972140933,-0.3686300463269358,-0.21133412042502953,0.1070615034168565,-0.7229219143576826,1.0398753894080996,2.3681878599911386,,Industrials,CREXW
2015Q3,2015,Q3,2015-11-18,2015-09-30,-1694000.0,3369000.0,-1317000.0,-0.11588,1511000.0,0.4485010388839418,18032000.0,5924000.0,2861000.0,8465000.0,12108000.0,248000.0,-12562000.0,4677760.0,7199760.0,0.40525379668901357,0.3379799173065564,0.1545031055900621,0.47029034436191763,-0.150634793549125,0.40525379668901357,-0.2859554355165429,1.388471356485604,-0.6903423848878395,0.7896286293045239,0.0,7.491935483870968,0.0,0.18683451641526175,0.2830478440637921,-0.09394409937888198,-7.96892674616695,0.4485010388839418,0.25964732941477126,-0.20827389443651917,0.26085329341317365,-0.2849728424864212,1.265367316341829,0.25961538461538464,0.39917883211678834,-0.43559322033898296,0.9044657998869418,0.7511084835944429,,Industrials,CREXW
2015Q2,2015,Q2,2015-08-14,2015-06-30,-2288000.0,2702000.0,-2192000.0,-0.15652,667000.0,0.24685418208734272,19608000.0,7871000.0,3803000.0,7251000.0,11737000.0,596000.0,-10868000.0,4677760.0,5191760.0,0.5384457518128335,0.5244793821541857,0.051407588739290085,0.12806504891373396,-0.24626446466689136,0.5384457518128335,-0.2906873332486342,1.731221317542561,-0.511118881118881,0.5943031381018931,0.0,3.414429530201342,0.0,0.13780089759281924,0.40532340366845954,-0.11668706650346797,-7.630929853181077,0.24685418208734272,-0.18369507676019065,-0.10852713178294571,0.4102296450939457,-0.17338794370930477,0.41914893617021276,-0.18365235385411277,0.1585412667946257,-0.8956089478044739,0.7353885677585099,1.4338280766852196,,Industrials,CREXW
2015Q1,2015,Q1,2015-03-31,2015-03-31,-1933000.0,2126000.0,-2605000.0,-0.13223,470000.0,0.22107243650047037,20483000.0,9979000.0,4492000.0,6728000.0,10504000.0,574000.0,-8580000.0,4677760.0,4585760.0,0.6826515255164866,0.6676575505350772,0.018600790899770542,0.038180178374586635,-0.2514478764478765,0.6826515255164866,-0.19370678424691853,2.2002634054562558,-0.6049870667356441,0.46876039683335,0.0,2.8850174216027873,0.0,0.10379338964018943,0.5219976218787158,-0.09437094175657863,-3.496083707025411,0.22107243650047037,-0.3916017680488318,0.2978568833999274,0.9776744186046509,-0.125492945403558,-0.6710986703988804,-0.39164866810655147,-0.3596033402922756,-0.057439824945295495,0.1990975747320925,1.3147761540245886,,Industrials,CREXW
2014Q4,2014,Q4,2015-05-07,2014-12-31,-1389000.0,3721000.0,-1916000.0,-0.09502,1429000.0,0.3840365493147003,21876000.0,11254000.0,5489000.0,6633000.0,10622000.0,739000.0,-6647000.0,4677760.0,4104760.0,0.769872759611438,0.8275290215588723,0.0,0.0,-0.17025057757241868,0.769872759611438,-0.12342278301048516,1.2571244289169579,-0.8419294456443486,0.4156531011196019,0.0,3.10148849797023,0.0,0.1700950813677089,0.6625961103573044,-0.06349424026330225,-6.730589928057554,0.3840365493147003,-0.6075114193875822,0.35515320334261846,1.420949902407287,-0.1820031981392644,0.08257575757575758,-0.6076388888888888,-0.3389238294898672,0.160217654171705,1.4448094612352171,0.9531412703922251,,Industrials,CREXW
2014Q3,2014,Q3,2014-11-26,2014-09-30,-864000.0,4420000.0,-1431000.0,-0.05911,1320000.0,0.2986425339366516,24512000.0,12329000.0,6981000.0,6257000.0,12183000.0,836000.0,0.0,4677760.0,2485760.0,0.8434122314954167,1.1157104043471313,0.0013054830287206266,0.002595506529321113,-0.11576733274006958,0.8434122314954167,-0.07007867629167004,1.0583167420814479,-1.3535185185185186,0.37941114445616025,0.0,3.708133971291866,0.0,0.18031984334203655,0.9550902988652709,-0.03524804177545692,-2.7339333722969026,0.2986425339366516,0.12636712976647937,0.650343990287333,3.107806691449814,0.40245705835513607,1.146341463414634,0.1263902932254803,-0.5063157894736842,0.3739130434782608,0.9209039548022598,1.8206360100663466,,Industrials,CREXW
2014Q2,2014,Q2,2014-08-19,2014-06-30,-989000.0,1166000.0,-950000.0,-0.06766,615000.0,0.5274442538593482,1678000.0,-765000.0,1333000.0,1447000.0,2443000.0,97000.0,-100091000.0,4677760.0,5486760.0,-0.05233274045697086,0.9212163096060816,0.5935637663885578,-1.3019607843137255,-4.112554112554113,-0.05233274045697086,1.29281045751634,4.011801029159519,-1.1824469160768452,-6.1147189542483655,0.0,5.680412371134021,0.0,0.6948748510131109,0.7816171389080857,-0.5893921334922527,-6.075012987012987,0.5274442538593482,0.08678634093669868,0.6274952919020715,0.21079958463136045,-1.0694318388092214,-0.13623595505617977,0.08679593721144968,0.053784860557768925,0.31223922114047287,-0.6182056319580878,-1.138788098693759,,Industrials,CREXW
2014Q1,2014,Q1,2014-03-31,2014-03-31,-1083000.0,1263000.0,-1004000.0,-0.07409,712000.0,0.5637371338083927,2128000.0,-29000.0,1846000.0,1456000.0,2157000.0,52000.0,-99102000.0,4677760.0,4703760.0,-0.001983855520591052,1.2678571428571428,0.3294172932330827,-24.17241379310345,-0.7312454479242535,-0.001983855520591052,37.3448275862069,3.7036896278701503,-1.0798153277931672,-161.30206896551724,0.0,10.596153846153847,0.0,0.5935150375939849,1.1394230769230769,-0.5089285714285714,-5.782150803461063,0.5637371338083927,-0.13408847390172973,0.626937650706166,-0.11863224005582686,-1.0021630491534275,0.08042488619119878,-0.13403141361256546,-0.05795574288724974,0.5220653133274492,-0.47309136420525655,-1.004361558129042,,Industrials,CREXW
2013Q4,2013,Q4,2014-03-11,2013-12-31,-955000.0,1235000.0,-949000.0,-0.06533,659000.0,0.5336032388663967,3056000.0,708000.0,2758000.0,1473000.0,2348000.0,69000.0,-98019000.0,4677760.0,4068760.0,0.048433438226843616,1.8723693143245077,0.2863219895287958,1.2358757062146892,-0.5994946304485155,0.048433438226843616,-1.3488700564971752,3.78765991902834,-1.224544502617801,6.6070056497175145,0.0,8.347826086956522,0.0,0.4041230366492147,1.73387644263408,-0.3125,-6.569887640449438,0.5336032388663967,0.1724094248796554,0.861602085562373,-0.35072889224885956,-0.9562227045007202,-0.13743455497382198,0.17244367417677642,0.17334494773519163,0.4260817307692307,-0.574724517906336,-0.917125131686761,,Industrials,CREXW
2013Q3,2013,Q3,2013-11-08,2013-09-30,-1154000.0,1534000.0,-1148000.0,-0.07894,764000.0,0.4980443285528031,3123000.0,1360000.0,2784000.0,1763000.0,1763000.0,126000.0,-97064000.0,4677760.0,3574760.0,0.09303598303461486,1.579126488939308,0.0,0.0,-0.8441176470588235,0.09303598303461486,-0.8485294117647059,3.049387222946545,-1.0133795493934141,3.439529411764706,0.0,6.111111111111111,0.0,0.4911943643932117,1.4032898468519568,-0.3695164905539545,-6.59768688293371,0.4980443285528031,-14.180769230769231,0.7510396360432475,-0.21314448801045574,-0.941119433859893,-0.5799890049477735,-14.18421052631579,-15.4,0.1768901569186876,-0.4258982035928143,-0.835847917923959,,Industrials,CREXW
2013Q2,2013,Q2,2013-08-09,2013-06-30,-76000.0,2626000.0,-70000.0,-0.0052,1819000.0,0.6926884996191927,4271000.0,2414000.0,3885000.0,1857000.0,1857000.0,85000.0,-95910000.0,4677760.0,2873760.0,0.1651388698864414,2.0920840064620356,0.09365488176071178,0.16570008285004142,-0.024875621890547265,0.1651388698864414,-0.03148301574150787,1.7813252094440213,-15.387368421052631,1.9377630488815243,0.0,9.494117647058824,0.0,0.6148442987590729,1.9612277867528272,-0.017794427534535237,-5.496780258519389,0.6926884996191927,0.946164199192463,0.9846756768309946,0.6451335433708195,-0.9125757501790133,1.438337801608579,0.9461756373937678,0.9501779359430605,0.9631782945736435,0.370563674321503,-0.7464818315479941,,Industrials,CREXW
2013Q1,2013,Q1,2013-03-31,2013-03-31,-1412000.0,1407000.0,-1405000.0,-0.09659,746000.0,0.5302061122956645,4648000.0,2403000.0,4206000.0,2245000.0,2245000.0,107000.0,-95834000.0,4677760.0,2017760.0,0.16438637296483788,1.8734966592427618,0.08605851979345955,0.16645859342488556,-0.5012486621476989,0.16438637296483788,-0.587598834789846,3.324633972992182,-0.828215297450425,1.9466333749479816,0.0,6.177570093457944,0.0,0.30271084337349397,1.759910913140312,-0.3037865748709122,-8.023602058319039,0.5302061122956645,-0.18558978765189635,0.6635897357702271,-0.27230938074407524,-0.9242789269388068,-0.15706214689265538,-0.1855583543240974,-0.18067226890756302,0.48710497638939343,0.30883720930232544,-0.7894137236000351,,Industrials,CREXW
2012Q4,2012,Q4,2013-03-01,2012-12-31,-1191000.0,1605000.0,-1190000.0,-0.08147,885000.0,0.5514018691588785,4364000.0,2257000.0,3879000.0,2107000.0,2107000.0,158000.0,-94422000.0,4677760.0,2825760.0,0.15439868655082775,1.8410061699098244,0.09165902841429881,0.17722640673460346,-0.44787354158825743,0.15439868655082775,-0.5276916260522818,2.9144922118380063,-0.9818975650713687,2.0725564909171466,0.0,4.556962025316456,0.0,0.36778185151237397,1.7133364973896534,-0.2729147571035747,-2.909054726368159,0.5514018691588785,-0.009291377601585736,0.675793536831188,-0.0029080296033810035,-0.9367577706892806,-0.012276785714285714,-0.009322033898305085,-0.009329940627650551,0.44707520891364905,0.04424202992843195,-0.8359499927315016,,Industrials,CREXW
2012Q3,2012,Q3,2012-11-09,2012-09-30,-1180000.0,1769000.0,-1179000.0,-0.08072,896000.0,0.5065008479366874,5503000.0,3383000.0,4968000.0,2120000.0,2120000.0,194000.0,-93231000.0,4677760.0,1212760.0,0.23142700779860445,2.3433962264150945,0.0,0.0,,0.23142700779860445,-0.34880283771800175,2.644296212549463,-0.9910508474576271,1.3827253916642035,0.0,4.5,0.0,0.3214610212611303,2.1787735849056604,-0.21442849354897328,-5.997128205128205,0.5065008479366874,0.02240523192442781,0.5047269198547423,0.5739372364722807,-0.9127974048631415,-0.05185185185185185,0.02236951118475559,0.022388059701492536,0.5224605422905706,0.6440520446096655,-0.6151746103969968,,Industrials,CREXW
2012Q2,2012,Q2,2012-08-10,2012-06-30,-1207000.0,1557000.0,-1206000.0,-0.08257,945000.0,0.6069364161849711,4960000.0,3234000.0,4384000.0,1726000.0,1726000.0,122000.0,-92051000.0,4677760.0,1630760.0,0.22123409495142973,2.539976825028969,0.0,0.0,,0.22123409495142973,-0.37322201607915895,3.0043416827231857,-0.9688815244407621,1.446431663574521,0.0,5.016393442622951,0.0,0.31391129032258064,2.327346465816918,-0.2433467741935484,-4.046505190311419,0.6069364161849711,0.33970411835265885,-0.231995966157367,-0.49032084253860153,-0.919479864824769,-0.004214963119072708,0.3397155361050328,0.33881578947368424,0.5453860640301318,0.6168224299065422,-0.7064803049555273,,Industrials,CREXW
2012Q1,2012,Q1,2012-03-31,2012-03-31,-1828000.0,1773000.0,-1824000.0,-0.12505,949000.0,0.5352509870276367,6315000.0,4311000.0,5642000.0,2004000.0,2004000.0,123000.0,-90844000.0,4677760.0,475760.0,0.2949103844575181,2.815369261477046,0.004750593824228029,0.006958942240779402,,0.2949103844575181,-0.4240315472048249,2.6383305132543713,-0.6397374179431072,1.0850753885409419,0.0,6.699186991869919,0.0,0.2807600950118765,2.6731536926147705,-0.2894695170229612,-3.7036896278701503,0.5352509870276367,-0.10517012814847541,0.40076674320986444,8.025840477305586,-0.6769037198567134,1.1278026905829597,-0.10519951632406288,-0.10612492419648271,0.37030657940062006,0.23726448011165388,-0.6784515551577533,,Industrials,CREXW
2011Q4,2011,Q4,2012-03-21,2011-12-31,-1654000.0,1522000.0,-1649000.0,-0.11315,446000.0,0.29303547963206306,7929000.0,5762000.0,7188000.0,2167000.0,2167000.0,170000.0,-89016000.0,4677760.0,-759240.0,0.3941715692981256,3.317028149515459,0.005170891663513684,0.007115584866365845,,0.3941715692981256,-0.28705310656022215,3.0734296977660973,-0.707037484885127,0.8118292259632073,0.0,6.329411764705882,0.0,0.19195358809433724,3.149515459160129,-0.20860133686467397,-3.7154567116759334,0.29303547963206306,-0.19862288135593223,0.8047099151161138,0.23943891365866565,-0.6338747564460155,-0.6070484581497797,-0.19855072463768117,-0.20014556040756915,0.7603035073509582,-0.19984564696580104,-0.6437220668547318,,Industrials,CREXW
2011Q3,2011,Q3,2011-11-04,2011-09-30,-1380000.0,2301000.0,-1374000.0,-0.0944,1135000.0,0.4932637983485441,7258000.0,4371000.0,6420000.0,2887000.0,2887000.0,291000.0,-87362000.0,4677760.0,972760.0,0.29901491312080997,2.223761690335989,0.07591623036649214,0.12605811027224892,,0.29901491312080997,-0.3157172271791352,2.032924815297697,-0.8474202898550725,1.07018073667353,0.0,4.006872852233677,0.0,0.31702948470653075,2.0668514028403187,-0.1901350234224304,15.803243243243243,0.4932637983485441,0.040357832672562786,0.36110844906298223,1.340345895189933,1.485546844495375,-0.1846264367816092,0.04033379694019471,0.040502793296089384,0.7022831002943514,0.1802832679843163,-0.8107595922070532,,Industrials,CREXW
2011Q2,2011,Q2,2011-08-05,2011-06-30,-1438000.0,3054000.0,-1432000.0,-0.09837,1392000.0,0.45579567779960706,8676000.0,5512000.0,7722000.0,3143000.0,3164000.0,329000.0,-85982000.0,4677760.0,1371760.0,0.37706936653440964,2.456888323258034,0.06454587367450439,0.10159651669085631,,0.37706936653440964,-0.26088534107402034,1.531683038637852,-0.813240611961057,0.8486502177068215,0.0,5.051671732522796,0.0,0.35200553250345784,2.2745784282532613,-0.16574458275703088,-2.0552548330404217,0.45579567779960706,0.3653957809173602,0.3083702114376713,5.53803255315095,1.6206539025753535,0.2735590118938701,0.36540158870255957,0.36552946389011964,0.710047674775922,0.9132665047427584,-0.8003800890582938,,Industrials,CREXW
2011Q1,2011,Q1,2011-03-31,2011-03-31,-2266000.0,2397000.0,-2257000.0,-0.15501,1093000.0,0.45598664997914057,9264000.0,6649000.0,8218000.0,2584000.0,2615000.0,446000.0,-84544000.0,4677760.0,-796240.0,0.45485018470378985,3.180340557275542,0.007448186528497409,0.01037750037599639,,0.45485018470378985,-0.3408031282899684,1.951506049228202,-0.516081200353045,0.7035283501278388,0.0,2.9237668161434978,0.0,0.25874352331606215,2.8947368421052633,-0.2446027633851468,-3.0613612565445028,0.45598664997914057,-0.361767548098041,-0.08987002842992825,4.131520638475059,0.0,-0.17384731670445955,-0.36177884615384615,-0.3670502725620836,0.4601234711440046,0.23971173728248168,-0.7904829734565656,,Industrials,CREXW
2010Q4,2010,Q4,2011-03-22,2010-12-31,-1664000.0,2904000.0,-1651000.0,-0.11383,1323000.0,0.4555785123966942,11242000.0,8543000.0,10133000.0,2659000.0,2699000.0,272000.0,-82278000.0,4677760.0,-2309240.0,0.5844164728417021,3.8108311395261376,0.00684931506849315,0.009013227203558469,,0.5844164728417021,-0.19477935151586093,1.6107988980716252,-0.7027884615384615,0.5475547231651644,0.0,5.8125,0.0,0.2583170254403131,3.6051147047762315,-0.14801636719444938,-4.291522935779817,0.4555785123966942,-0.18684183088311965,-0.1291185004437761,16.310340305553733,2.1232707835993785,-0.0007552870090634441,-0.18687589158345222,-0.19033886085075702,0.5470364779908454,0.8040841632596769,-0.7606210168358548,,Industrials,CREXW
2010Q3,2010,Q3,2010-11-05,2010-09-30,-1402000.0,2672000.0,-1387000.0,-0.09591,1324000.0,0.49550898203592814,10272000.0,8285000.0,9254000.0,1938000.0,1987000.0,323000.0,-80614000.0,4677760.0,-1859240.0,0.5667669995895471,4.775025799793601,0.0047702492211838,0.0059143029571514785,,0.5667669995895471,-0.1692214846107423,1.7506586826347306,-0.8341226818830242,0.5646059143029571,0.0,4.173374613003096,0.0,0.2601246105919003,4.5242518059855525,-0.13648753894080998,-3.0774736842105264,0.49550898203592814,0.32075070821529744,-0.10443182811826726,15.873906700936526,0.0,0.4485776805251641,0.32073643410852715,0.32538910505836577,0.4115484251155497,1.3773659106014324,-0.786439993878548,,Industrials,CREXW
2010Q2,2010,Q2,2010-08-13,2010-06-30,-2064000.0,1916000.0,-2056000.0,-0.1412,914000.0,0.477035490605428,11276000.0,9522000.0,10092000.0,1754000.0,1754000.0,252000.0,-79212000.0,4677760.0,-3271240.0,0.6513886988644138,5.753705815279361,0.0,0.0,,0.6513886988644138,-0.21676118462507876,2.441419624217119,-0.5665891472868216,0.4912581390464188,0.0,3.9761904761904763,0.0,0.16991841078396594,5.503420752565565,-0.18304363249379213,-1.9046254071661237,0.477035490605428,0.25025221685339566,-1.0168284005397754,8.976464707475058,0.0,1.1556603773584906,0.2502724300762804,0.2553422672944585,-1.106743723404147,-0.37280329756195285,-0.762921234651036,,Industrials,CREXW
2010Q1,2010,Q1,2010-03-31,2010-03-31,-2753000.0,1075000.0,-2761000.0,-0.18833,424000.0,0.3944186046511628,13035000.0,11411000.0,11678000.0,1624000.0,1624000.0,299000.0,-77148000.0,4677760.0,-5720240.0,0.7806129429470516,7.190886699507389,0.0,0.0,,0.7806129429470516,-0.24125843484357198,4.351404651162791,-0.42478750454050124,0.40993427394619225,0.0,2.177257525083612,0.0,0.08247027234369006,6.892857142857143,-0.2112006137322593,-2.1052025202520253,0.3944186046511628,-0.27811333559552076,-1.6900816795959308,4.597442359361007,0.0,-0.2535211267605634,-0.27808727948003714,-0.2764678687008784,0.09754422541398068,4.472520311959112,-0.1447804099477979,,Industrials,CREXW
2009Q4,2009,Q4,2010-03-26,2009-12-31,-2154000.0,1537000.0,-2163000.0,-0.14735,568000.0,0.36955107351984384,15347000.0,13758000.0,13705000.0,1589000.0,1589000.0,185000.0,-74395000.0,4677760.0,-7595240.0,0.9411684224928171,8.624921334172436,0.0,0.0,,0.9411684224928171,-0.15656345399040558,3.0434352635003252,-0.5429155060352832,0.3400029073993313,0.0,5.237837837837838,0.0,0.10014986642340523,8.413467589679044,-0.14035316348472013,-2.512223415682062,0.36955107351984384,0.12831282536677702,-0.46161132809849387,8.161843336651547,2.8089616575863574,0.569060773480663,0.1282881424524484,0.1271186440677966,0.7456742183555677,0.25165414605346204,-0.1257981428643321,,Industrials,CREXW
2009Q3,2009,Q3,2009-11-09,2009-09-30,-2471000.0,1076000.0,-2478000.0,-0.16904,362000.0,0.33643122676579923,10477000.0,8791000.0,8651000.0,1686000.0,1686000.0,207000.0,-72241000.0,4677760.0,-2432240.0,0.6013818579833082,5.131079478054567,0.0014317075498711464,0.0017062905243999545,,0.6013818579833082,-0.28108292571948584,4.347360594795539,-0.4732658842573857,0.5321078375611421,0.0,3.449275362318841,0.0,0.10270115491075689,4.909845788849347,-0.2358499570487735,-2.0084843280377846,0.33643122676579923,0.06931674282882792,-0.9465414031956049,5.7950312912453965,0.0,0.6454545454545455,0.06930320150659133,0.07156238291494942,-0.1439862480908484,0.09439903660337587,1.9765367901987745,,Industrials,CREXW
2009Q2,2009,Q2,2009-08-07,2009-06-30,-2655000.0,963000.0,-2669000.0,-0.18163,220000.0,0.2284527518172378,12590000.0,11018000.0,10604000.0,1572000.0,1572000.0,275000.0,-69770000.0,4677760.0,-4759240.0,0.75372828020249,6.745547073791348,0.0025416997617156473,0.0029043383554184063,,0.75372828020249,-0.2409693229261209,4.85748701973001,-0.44046704331450093,0.42455618079506263,0.0,2.7018181818181817,0.0,0.07648927720413026,6.494910941475827,-0.2108816521048451,-2.509527896995708,0.2284527518172378,0.08540208469711454,-1.5943214163920076,4.014266969362464,0.0,-0.19413919413919414,0.08542886668963141,0.09310227658851512,-0.2769659865319769,1.0615996557578142,2.240632202208861,,Industrials,CREXW
2009Q1,2009,Q1,2009-03-31,2009-03-31,-2903000.0,1433000.0,-2943000.0,-0.19859,273000.0,0.19050942079553385,15454000.0,13407000.0,13248000.0,2047000.0,2047000.0,341000.0,-67115000.0,4677760.0,-3604240.0,0.9171569298125598,6.47191011235955,0.003364824640869678,0.003878570895800701,,0.9171569298125598,-0.21652867904825837,3.2643126308443824,-0.40283844299001037,0.3489043037219363,0.0,3.401759530791789,0.0,0.09272680212242786,6.233512457254519,-0.1878478063931668,-2.0119397849462364,0.19050942079553385,0.5793030399322107,-1.8366535110305078,6.461520838106347,0.0,0.19090203194932778,0.5792993239660408,0.5784017342973985,-0.3962456719029487,2.067780173105865,0.0,,Industrials,CREXW
2008Q4,2008,Q4,2009-03-13,2008-12-31,-6900393.0,1902133.0,-6980579.0,-0.47205,229238.0,0.12051628356166472,18559699.0,16172767.0,16156966.0,2386932.0,2386932.0,461568.0,-64212459.0,4677760.0,-544961.0,1.1063597619373375,6.768925968565505,0.0038233378677100314,0.0043876227240521055,,1.1063597619373375,-0.42666743421209247,2.4592181514121254,-0.1694744052983649,0.2892368386930944,0.0,3.6243738734054354,0.0,0.10248727632921202,6.4641740946118285,-0.3717944455887997,-1.223020529392694,0.12051628356166472,-0.48869406162288326,-3.682308531630246,10.338350391330524,3.1264657217675493,1.241388413590809,-0.4886692831235939,-0.46903487153219203,-3.682308531630246,10.338350391330524,3.1264657217675493,,Industrials,CREXW
2008Q3,2008,Q3,2008-11-10,2008-09-30,-4635276.0,1949532.0,-4751813.0,-0.31709,102275.0,0.05246130866279702,27944359.0,23097604.0,22694536.0,4831342.0,4846755.0,925209.0,-57312066.0,4677760.0,-5810167.0,1.5800796278560678,4.697356552278849,0.0031869043766579153,0.003855638013362771,,1.5800796278560678,-0.20068211404091957,2.399427144565978,-0.2522913414433143,0.2025214390202551,0.0,1.9965834746527542,0.0,0.06976477792888361,4.037468057529357,-0.16587519506172962,-1.0751493978118967,0.05246130866279702,0.06537565950422976,-2.6514595909505916,11.31145998446489,0.0,0.6527423160208138,0.06536227103243192,0.07153669264525346,-2.6514595909505916,11.31145998446489,0.0,,Industrials,CREXW
2008Q2,2008,Q2,2008-08-08,2008-06-30,-4959436.0,1596223.0,-5117933.0,-0.33927,61882.0,0.038767766157986695,32552929.0,27612476.0,27100266.0,4908149.0,4940453.0,676528.0,-52676790.0,4677760.0,-3791048.0,1.8889366534409633,5.521483964728862,0.003267816545786095,0.0038524976898123876,,1.8889366534409633,-0.1796085218869905,2.9305178537084102,-0.23580100640476054,0.16940748087929527,0.0,2.2679637797696475,0.0,0.04903469669349876,5.191878037932426,-0.15234991603981318,-1.0977328002868614,0.038767766157986695,-0.1815902204576325,-3.8460907826838087,7.311410451336097,0.0,-0.8447975762318229,-0.18159006741547334,-0.14696749969689452,-3.8460907826838087,7.311410451336097,0.0,,Industrials,CREXW
2008Q1,2008,Q1,2008-03-31,2008-03-31,-4197256.0,1933514.0,-4462143.0,-0.28713,398718.0,0.20621417791647745,36186374.0,31734891.0,30734554.0,4399428.0,4451483.0,621703.0,-47717354.0,4677760.0,-6626637.0,2.1709461622657,6.986034093523067,0.0036601346131005003,0.004173545136802266,,2.1709461622657,-0.1322599784571499,2.419304954605966,-0.27862012705443745,0.14740116800779307,0.0,2.468696467605915,0.0,0.05343210126552055,6.654671243625308,-0.11598995798805374,-1.3271065634999735,0.20621417791647745,-0.14253312641757201,-3.101329992798438,9.067658759086079,0.0,-0.011523033671653039,-0.1425503969555625,-0.10357765838812091,-3.101329992798438,9.067658759086079,0.0,,Industrials,CREXW
2007Q4,2007,Q4,2008-03-13,2007-12-31,-3673585.0,1609681.0,-4043343.0,-0.25131,403366.0,0.2505875387732103,40368707.0,35688179.0,34923296.0,4609568.0,4680528.0,539140.0,-43520098.0,4677760.0,-9693537.0,2.4413858941031603,7.576262244097495,0.004235533231222888,0.004791026182647201,,2.4413858941031603,-0.1029356247064329,2.906016782207158,-0.3183375367658568,0.1310730928580021,0.0,2.23748006083763,0.0,0.03987447504820999,7.281950282542746,-0.09100080911682408,-1.073926087687189,0.2505875387732103,-0.5418737345849438,-1.492736049550931,8.595084674030316,5.692436941421619,-0.026081203762724305,-0.5418879306147598,-0.4280240514935059,-1.492736049550931,8.595084674030316,5.692436941421619,,Industrials,CREXW
2007Q3,2007,Q3,2007-11-14,2007-09-30,-2382524.0,1123933.0,-2831425.0,-0.16299,414168.0,0.36849883400522987,42346909.0,38794717.0,37953849.0,3463136.0,3552192.0,660470.0,-39846513.0,4677760.0,-23166279.0,2.653900465179915,10.95938738761631,0.004851522929335881,0.005295746840993839,,2.653900465179915,-0.06141361979776783,4.161956273194221,-0.49084080580090694,0.12057724251474757,0.0,1.074636243886929,0.0,0.026541087095636663,10.697860840579175,-0.056262052089799515,-1.8742234575227008,0.36849883400522987,-1.4319606087735006,-0.8768440348471087,6.097732253032819,0.0,-0.649556327046239,-1.4318640905328204,-1.2673838030114601,-0.8768440348471087,6.097732253032819,0.0,,Industrials,CREXW
2007Q2,2007,Q2,2007-08-13,2007-06-30,-979711.0,3054863.0,-1248763.0,-0.06702,1181839.0,0.3868713588792689,42485191.0,40163867.0,41073618.0,2214947.0,2321324.0,252107.0,-37463989.0,4677760.0,-26973139.0,2.747562388835682,18.54383784352402,0.0050167833775303025,0.005306735031265789,,2.747562388835682,-0.024392845439907468,1.5312503375765132,-1.1936581297954194,0.11646687307275468,0.0,7.429480339697033,0.0,0.07190418421327092,18.393713258150196,-0.023060058739055686,-2.3919428604154565,0.3868713588792689,0.6788538022904786,0.042679763022663,14.906436798367109,0.0,11.684350616594937,0.67884277174884,0.6087211275231545,0.042679763022663,14.906436798367109,0.0,,Industrials,CREXW
2007Q1,2007,Q1,2007-03-31,2007-03-31,-3050565.0,196436.0,-3191491.0,-0.20869,93173.0,0.47431733490806166,15403373.0,13342772.0,14774399.0,1928154.0,2060601.0,324423.0,-36484278.0,4677760.0,449453.0,0.9127631686961281,7.662457977941596,0.015441552963756704,0.017826280775838782,,0.9127631686961281,-0.22863052744961843,23.813150339041723,-0.3833519364445603,0.35058382171260966,0.0,0.31829740801361184,0.0,0.012752791223065234,7.4251807687560225,-0.19804525930781525,-2.0198672208128676,0.47431733490806166,0.6398108355339236,-1.9808459930681295,0.022827150979942902,0.0,-0.792011554293572,0.6398155394233299,-1.4436638752491335,-1.9808459930681295,0.022827150979942902,0.0,,Industrials,CREXW
