Quarters,Year,Quarter,FillingDate,Date,NetIncome,Revenue,OperatingIncome,EPSDiluted,GrossProfit,GrossProfitRatio,TotalAssets,CommonStockEquity,CurrentAssets,CurrentLiability,TotalLiability,Inventory,RetainedEarnings,MarketCap,EnterpriseValue,bookValuePerShare,currentRatio,debtToAssets,debtToEquity,roic,shareholdersEquityPerShare,roe,priceToSalesRatio,peRatio,pbRatio,payoutRatio,inventoryTurnover,dividendYield,assetTurnover,quickRatio,returnOnAssets,priceToFreeCashFlowsRatio,grossProfitMargin,epsdilutedGrowth,fiveYNetIncomeGrowthPerShare,fiveYRevenueGrowthPerShare,fiveYShareholdersEquityGrowthPerShare,grossProfitGrowth,netIncomeGrowth,operatingIncomeGrowth,threeYNetIncomeGrowthPerShare,threeYRevenueGrowthPerShare,threeYShareholdersEquityGrowthPerShare,Industry,Sector,Symbol
2023Q1,2023,Q1,2023-04-26,2023-04-01,74540000.0,1062481000.0,118466000.0,3.47,308585000.0,0.2904381349,3604492000.0,1598400000.0,1815499000.0,781349000.0,2006092000.0,725360000.0,2635628000.0,6790766319.999999,7767274319.999999,75.15162913159998,2.323544280468779,0.31889542271143895,0.7191291291291291,0.028471940271220575,75.15162913159998,0.046634134134134135,6.391423771342733,22.77557794472766,4.248477427427427,0.1575261604507647,1.0393404654240652,0.0017291126577891139,0.29476580888513554,1.2577913326823225,0.02067975182078362,-5844.032977624784,0.29043813489370635,0.8655913978494624,1.0171636604325534,0.6164960849044188,0.4334117202227381,0.032198395097655534,0.8481602697609838,0.07975135805169711,0.7513767414151553,0.5895470440452432,0.4522874796287051,Conglomerates,Industrials,VMI
2022Q4,2022,Q4,2023-03-01,2022-12-31,40332000.0,1131516000.0,109716000.0,1.86,298959000.0,0.2642110231,3556996000.0,1641712000.0,1780585000.0,803993000.0,1915284000.0,728762000.0,2593039000.0,7049553730.0,7897591730.0,77.00698907078193,2.2146772422147953,0.29053842062234536,0.6294916526162933,0.023031185168013123,77.00698907078193,0.024567037336633953,6.2301847521378395,43.697025500843004,4.294025827916225,0.29091044332044036,1.1424264711936132,0.0016643606743600209,0.3181100006859721,1.1991721320956774,0.011338781376194968,60.5772277933885,0.2642110230876099,-0.44311377245508976,27.189708365215854,0.675083763190748,0.5086562351652805,0.04722255305137349,-0.44070335034390945,-0.002327865274797221,0.13583048091651778,0.6662704352663433,0.42859093850425134,Conglomerates,Industrials,VMI
2022Q3,2022,Q3,2022-11-02,2022-09-24,72112000.0,1097382000.0,109972000.0,3.34,285478000.0,0.2601445987,3621729000.0,1572751000.0,1850074000.0,868191000.0,2048978000.0,746282000.0,2569641000.0,5475071120.000001,6407880120.000001,73.72731108194262,2.130952751180328,0.30345451026291587,0.6987946598031093,0.028143759605147745,73.72731108194262,0.04585086895509842,4.989211705677696,18.98113739738185,3.481206573704293,0.1628439094741513,1.087931907777489,0.0021448123216342803,0.30299947897813445,1.1475769732697068,0.019910932043783507,55.71967637211102,0.26014459869033757,-0.05382436260623228,1.1629076127073894,0.7022504817900471,0.4409702772811971,-0.024343730882669574,-0.05250433594365901,-0.07367818125152671,0.8151958780006453,0.6063175119534577,0.40497406464836433,Conglomerates,Industrials,VMI
2022Q2,2022,Q2,2022-07-27,2022-06-25,76108000.0,1135532000.0,118719000.0,3.53,292601000.0,0.2576774587,3674752000.0,1553150000.0,1856647000.0,830759000.0,2121602000.0,786600000.0,2509262000.0,4824410680.0,5827723680.0,72.8733636747525,2.234880392508537,0.315093916541851,0.7455120239513248,0.030008034947423635,72.8733636747525,0.04900235006277565,4.24859068700838,15.847252194250276,3.1062103982229665,0.15400483523414096,1.0716132723112128,0.00242951953667427,0.3090091521822425,1.183227626784663,0.020711057508098506,112.89132280332281,0.25767745867135405,0.20068027210884348,0.7608497537832601,0.6832011359776478,0.4884080761002372,0.1742272840368239,0.2030222559433485,0.2517555513380148,0.874806790792443,0.6521762111445557,0.40533275195079266,Conglomerates,Industrials,VMI
2022Q1,2022,Q1,2022-04-27,2022-03-26,63264000.0,980820000.0,94842000.0,2.94,249186000.0,0.2540588487,3581483000.0,1504491000.0,1840575000.0,818687000.0,2076992000.0,807471000.0,2444897000.0,5172499320.0,6144963320.0,70.70308755110672,2.248203525889626,0.31332383819775217,0.7458761800502628,0.02504643769104029,70.70308755110672,0.04205010199462808,5.2736478864623475,20.440137044764796,3.4380393900661423,0.16780475467880626,0.9060808375780678,0.0020523927299423983,0.27385862225229046,1.1333647657773973,0.017664191062752497,-212.0572040013119,0.2540588487184193,1.2790697674418603,0.7140222926994273,0.6248677895755272,0.5258525885914165,0.12102535495132354,1.2856317063477727,0.8686605981794538,0.7836313349419015,0.4575087550221882,0.368127038846091,Conglomerates,Industrials,VMI
2021Q4,2021,Q4,2022-02-23,2021-12-25,27679000.0,963278000.0,50754000.0,1.29,222284000.0,0.2307578913,3447249000.0,1413597000.0,1712763000.0,765856000.0,2033652000.0,728834000.0,2394307000.0,5196157330.0,6132079330.0,66.59429029066754,2.2364034492123848,0.3229108196129725,0.7874620560173797,0.012280810800520896,66.59429029066754,0.01958054523318881,5.394244787070814,46.93230725459735,3.6758406603862346,0.3836121247154883,1.0166841832296518,0.0020434331229150834,0.27943383260101023,1.1755251639994986,0.008029301045558357,-224.2429367339893,0.2307578912837208,-0.46249999999999997,-0.5823905222920484,0.5095109867153034,0.5207923579536945,-0.022514995338692372,-0.4641045498547919,-0.33389330008530743,0.6213396639547307,0.42907898364805014,0.28793270508245977,Conglomerates,Industrials,VMI
2021Q3,2021,Q3,2021-10-28,2021-09-25,51650000.0,868782000.0,76195000.0,2.4,227404000.0,0.2617503585,3411264000.0,1344732000.0,1614773000.0,750979000.0,2066532000.0,655903000.0,2378075000.0,5073106500.0,5967398500.0,63.50564344746163,2.150223907725782,0.31193334787339827,0.7913004226864535,0.022824528004707176,63.50564344746163,0.038409140259917963,5.839331961297541,24.5552105517909,3.772578104782217,0.20547918683446273,0.9778549572116608,0.0020920120640085123,0.25468037654077785,1.149040119630509,0.015141015177951633,-126.69779725781075,0.26175035854794415,-0.1695501730103807,0.9484659862778178,0.513076058743156,0.42591347887024356,-0.009767164387081043,-0.16841088391563355,-0.077821482602118,6.750931920058461,0.34295352312206134,0.24434871698592645,Conglomerates,Industrials,VMI
2021Q2,2021,Q2,2021-07-29,2021-06-26,62110000.0,894629000.0,82625000.0,2.89,229647000.0,0.2566952334,3404136000.0,1321484000.0,1595274000.0,747222000.0,2082652000.0,593498000.0,2337015000.0,5000064490.0,5696734490.0,62.35473977256641,2.1349398170824734,0.26319600627001977,0.6779915610026304,0.02827297490800903,62.35473977256641,0.04700019069470383,5.588981007769701,20.12584322170343,3.7836738772470953,0.17106746095636774,1.1204452247522316,0.0021249725921035066,0.2628064801171281,1.2027938149572683,0.01824545200309271,317.0014892537881,0.25669523344313677,0.12451361867704291,0.5761513036211209,0.49021350773084965,0.41760504816530153,0.12267176393519559,0.1289853491838441,0.07011954255222702,0.9951062621886051,0.38800962377036663,0.21680852984182372,Conglomerates,Industrials,VMI
2021Q1,2021,Q1,2021-04-29,2021-03-27,55014000.0,774886000.0,77211000.0,2.57,204554000.0,0.2639794757,3008076000.0,1250102000.0,1607636000.0,679309000.0,1757974000.0,512924000.0,2282355000.0,5142472990.0,5523932990.0,59.0255441711129,2.3665754465199194,0.256947630312532,0.6182839480298408,0.02870995791263555,59.0255441711129,0.044007608979107306,6.6364252160963035,23.368928772676046,4.113642718754149,0.17370123968444395,1.1119230139357879,0.0018582499156694647,0.2576018691017115,1.4797242492002902,0.018288766640204568,920.2707569792412,0.2639794756906177,0.5297619047619048,0.7884955150569606,0.3921028820100745,0.36701370776978526,-0.00013197706531887124,0.5360603099260086,0.4261622859676019,0.49508743379129233,0.18394879554732924,0.12582931048958423,Conglomerates,Industrials,VMI
2020Q4,2020,Q4,2021-02-24,2020-12-26,35815000.0,798377000.0,54139000.0,1.68,204581000.0,0.2562461093,2959053000.0,1207836000.0,1560518000.0,679196000.0,1751217000.0,448941000.0,2245035000.0,3644919040.0,4010519040.0,57.01642749244713,2.297595981130631,0.25897677398816443,0.6344619633791343,0.020514860758952983,57.01642749244713,0.029652204438350902,4.565410877317357,25.442684908557865,3.0177267774764123,0.26843501326259944,1.3226593249447032,0.0026376443192548935,0.26980827987873146,1.548555939669845,0.012103534475387904,485.4713692061801,0.2562461092942307,-0.0869565217391305,2.3384973889507377,0.36116999112447085,0.3522639693881438,0.0725253870309887,-0.08964973819327944,-0.11939036093625466,24.404788513845386,0.18944046313809637,0.11701794708873495,Conglomerates,Industrials,VMI
2020Q3,2020,Q3,2020-10-28,2020-09-26,39342000.0,733970000.0,61479000.0,1.84,190747000.0,0.259883919,2923910000.0,1189664000.0,1558146000.0,661068000.0,1734246000.0,448088000.0,2219182000.0,2529804480.0,2882686480.0,55.82918015861842,2.3570131968269528,0.27221665509540305,0.6690435282567179,0.02294956266081606,55.82918015861842,0.03306984156871184,3.446740983963922,16.07572365411011,2.126486537375259,0.24431904834527984,1.21231320633447,0.003799503114169519,0.2510234583143804,1.60091397556681,0.013455270511062241,25.42338207362296,0.25988391896126545,0.7358490566037735,2.5280346614900138,0.2554690621904296,0.20780745589111496,0.03702354610546002,0.7402574423851019,0.027355369138731996,0.1812868464518722,0.13975747235694286,0.09115859554587448,Conglomerates,Industrials,VMI
2020Q2,2020,Q2,2020-07-29,2020-06-27,22607000.0,688808000.0,59842000.0,1.06,183937000.0,0.2670366779,2831842000.0,1152702000.0,1479819000.0,604825000.0,1679140000.0,449516000.0,2194916000.0,2275908480.0,2718007480.0,54.08699324324324,2.4466895382962015,0.2808938493037394,0.6900716750730024,0.01906760958972082,54.08699324324324,0.019612180771786638,3.304126084482178,25.16818330605565,1.9744118427833042,0.4257530853275534,1.123143558849963,0.004229080424182962,0.24323673425282907,1.618964163187699,0.007983143127335494,35.66863322206027,0.2670366778550772,-0.4673366834170854,-0.11190090370210919,0.10570098805505042,0.10659461729497234,-0.01241348946839983,-0.4733862889887955,-0.10543388893041333,-0.4769354308402437,0.02106925164571257,0.10470429105653078,Conglomerates,Industrials,VMI
2020Q1,2020,Q1,2020-04-29,2020-03-28,42929000.0,674200000.0,66895000.0,1.99,186249000.0,0.276251854,2757579000.0,1110130000.0,1414426000.0,561211000.0,1647449000.0,416613000.0,2171329000.0,2090380320.0,2592350320.0,51.747075001165335,2.5203105427370454,0.28888202296289606,0.7175871294352913,0.025193620496237183,51.747075001165335,0.0386702458270653,3.1005344408187483,12.173474341354328,1.883004981398575,0.1881944606210254,1.1712332548432238,0.00386484694804245,0.24448982241306597,1.6651615880658077,0.01556764103585065,53.91468895078923,0.2762518540492436,0.19879518072289162,0.5537782344373876,0.11888134923822273,0.07975957488673416,0.0900232344455044,0.2009119646403894,0.2153667266219727,0.153649208066858,0.10784919522912935,0.11676040010966059,Conglomerates,Industrials,VMI
2019Q4,2019,Q4,2020-02-26,2019-12-28,35747000.0,683626000.0,55041000.0,1.66,170867000.0,0.2499422199,2763411000.0,1156891000.0,1388419000.0,513779000.0,1606520000.0,374565000.0,2140948000.0,3227240940.0,3661176940.0,53.90415618302115,2.702366192467968,0.28496593521557234,0.680684697175447,0.02136662269178404,53.90415618302115,0.03089919447899586,4.720769748371185,22.570012448597083,2.789580816170236,0.22625674881808264,1.368945309892809,0.0025061655297419472,0.24738484431016594,1.910959770640684,0.012935824602275955,75.15698509548207,0.24994221986875864,-0.051428571428571476,-0.0016145013888727645,0.012306222855216278,0.04553124780116198,-0.029638926433674453,-0.10953068951773615,-0.13813945477036782,-0.466569332039172,0.05955044363951386,0.23099185271397263,Conglomerates,Industrials,VMI
2019Q3,2019,Q3,2019-10-31,2019-09-28,40144000.0,690340000.0,63863000.0,1.75,176086000.0,0.2550714141,2726517000.0,1131171000.0,1388404000.0,530947000.0,1595346000.0,377300000.0,2119843000.0,2983997080.0,3441390080.0,52.47592317684172,2.614957801814494,0.28776383935988664,0.6936113107567291,0.024153174665241372,52.47592317684172,0.03548888717974559,4.322503520004635,18.583082652451175,2.637971694818909,0.20249601434834597,1.3629843625761993,0.0027241983762262933,0.2531948269532154,1.809378337197498,0.014723546561418836,28.93657105176393,0.2550714140858128,-0.03846153846153849,0.9989085491555884,0.05767362625177907,-0.02335148123054442,-0.023989269125455896,-0.0302678938087301,0.0023700401808136617,0.48764186275138816,0.1810498464167391,0.1782594760404538,Conglomerates,Industrials,VMI
2019Q2,2019,Q2,2019-07-31,2019-06-29,41397000.0,700871000.0,63712000.0,1.82,180414000.0,0.2574139892,2711739000.0,1127014000.0,1347998000.0,497301000.0,1584725000.0,406546000.0,2085594000.0,2756088540.0,3285851540.0,51.8548817520935,2.710627969780877,0.29011162209932445,0.6980454546261182,0.023970706053918635,51.8548817520935,0.03673157565034685,3.932376343150166,16.644252844409017,2.4454785299916417,0.1979370485783994,1.2801921553772513,0.002973053978882696,0.25845813332330286,1.8027512512542705,0.015265849700137071,35.643838702585256,0.25741398916491054,0.10975609756097571,-0.2073725368613027,0.018906846758755508,-0.14522873840715678,0.09256399542176116,0.13475507798580083,0.1562137049941928,0.024372759537995385,0.13840393840525456,0.1788958211020209,Conglomerates,Industrials,VMI
2019Q1,2019,Q1,2019-05-02,2019-03-30,36481000.0,692139000.0,55104000.0,1.64,165129000.0,0.2385778001,2646692000.0,1131041000.0,1298900000.0,440839000.0,1515651000.0,395799000.0,2049438000.0,2847368600.0,3486832600.0,51.67874440281459,2.9464271536774196,0.3214204750685006,0.7521398428527348,0.01998617252309339,51.67874440281459,0.032254356827029255,4.113868168099183,19.51268194402566,2.5174760242997376,0.22562429757956196,1.3315091751116097,0.002890739189861123,0.26151097294282827,1.9252425488670466,0.013783621214708776,-215.77512882691724,0.23857780012396354,1.0499999999999998,-0.2045321640863565,0.1238657731407556,-0.14767557738737877,0.10305876380251301,1.065507870003397,0.5184348305318269,0.14767896615444062,0.20327777363888305,0.1968640525224084,Conglomerates,Industrials,VMI
2018Q4,2018,Q4,2019-02-27,2018-12-29,17662000.0,697363000.0,36290000.0,0.8,149701000.0,0.2146672536,2530274000.0,1135523000.0,1340640000.0,409035000.0,1394751000.0,383566000.0,2027596000.0,2388917580.0,2828986580.0,51.70634306270206,3.277567934284352,0.29770649344695477,0.6633762592215217,0.013807945261557514,51.70634306270206,0.015554066276068384,3.4256442914235485,33.81436955044729,2.1038037802845033,0.4705582606726305,1.4278168555085695,0.0034789814724374038,0.2756077009841622,2.235197476988522,0.006980271701799884,38.60003522435328,0.214667253639783,1.5806451612903227,-0.6091205851916197,0.022841436371847636,-0.10744951247368617,-0.08907752221005233,1.5263910742383064,-0.05396246089676746,1.636719732273732,0.14688297507372775,0.22632419791255548,Conglomerates,Industrials,VMI
2018Q3,2018,Q3,2018-11-01,2018-09-29,6991000.0,678692000.0,38360000.0,0.31,164340000.0,0.2421422383,2563078000.0,1133748000.0,1362390000.0,400707000.0,1429330000.0,399905000.0,2022538000.0,3076777500.0,3521497500.0,51.035246455097905,3.39996556087116,0.28884879820278586,0.6530040185296909,0.00889789752017599,51.035246455097905,0.006166273281187707,4.533392908712641,110.02637319410671,2.71381074101123,1.203261336003433,1.2861854690488992,0.0027340293537638,0.26479568706063566,2.019455612205427,0.002727579886370996,-1136.1807607090104,0.24214223830544637,-0.7876712328767123,-0.8514506739199436,0.047057521392027776,-0.13639560807776083,-0.060908919479539886,-0.7878944174757282,-0.3975184545311764,-0.39864287196173165,0.11356914228361617,0.10409558239218178,Conglomerates,Industrials,VMI
2018Q2,2018,Q2,2018-08-01,2018-06-30,32960000.0,682405000.0,63670000.0,1.46,174999000.0,0.2564444868,2779361000.0,1149824000.0,1715092000.0,354334000.0,1629537000.0,381971000.0,2023919000.0,3382528500.0,3649594500.0,51.24449594438007,4.840325794307066,0.3560724929219342,0.8607004202382278,0.021026031866980013,51.24449594438007,0.02866525659579205,4.956775668408056,25.656314472087377,2.941779350578871,0.2576759708737864,1.3283888043856733,0.0025108435893444804,0.24552586008078836,3.401530759114282,0.011858840935020676,670.8703887346292,0.2564444867783794,-0.15116279069767444,-0.5629420274801209,-0.07763606287271836,-0.08862618993615004,0.03402859844008509,-0.16091749191721189,-0.004534083802376485,0.22983191940516554,0.04045135290773525,0.048438450313173405,Conglomerates,Industrials,VMI
2018Q1,2018,Q1,2018-04-27,2018-03-31,39281000.0,698684000.0,63960000.0,1.72,169240000.0,0.242226815,2618064000.0,1185356000.0,1523343000.0,374262000.0,1432708000.0,370005000.0,1996474000.0,3307696700.0000005,3583008700.0000005,52.42850192401256,4.070258268271959,0.2883714836612092,0.6369183603913086,0.025170911767069357,52.42850192401256,0.03313856765393688,4.7341812607702485,21.051505180621678,2.790466914580936,0.21664417911967618,1.430910393102796,0.002572787281252238,0.266870481393885,2.5474720917432174,0.015003834894792487,196.88670833333336,0.24222681498359774,24.822714681440445,-0.40458882684957,0.0022719803933974234,-0.04796566310020943,-0.006160116038029468,25.09877300613497,0.0038137388765949434,0.3490482277115828,0.1002281774311452,0.09397829632197129,Conglomerates,Industrials,VMI
2017Q4,2017,Q4,2018-02-28,2017-12-30,-1630000.0,714978000.0,63717000.0,-0.0722,170289000.0,0.238173762,2602250000.0,1151795000.0,1472565000.0,402998000.0,1450455000.0,420948000.0,1954344000.0,3742405250.0,4004615250.0,51.04343009084866,3.654025578290711,0.29013930252665965,0.6555116144800073,-0.001005450358710982,51.04343009084866,-0.0014151823892272497,5.234294271991586,-573.9885352760735,3.2491938669641733,-5.200613496932515,1.2939579235440006,0.002265120806999723,0.2747537707752906,2.5011885915066574,-0.0006263810164280911,-922.683740138067,0.2381737619898794,-1.0465806451612905,-1.0294525453096819,0.030871195359806546,-0.03801775700312446,0.040924483783023824,-1.0462962962962963,0.06331458705338518,-1.0432993244985378,0.006980049383780989,-0.009955726349980595,Conglomerates,Industrials,VMI
2017Q3,2017,Q3,2017-11-02,2017-09-30,35208000.0,680779000.0,59923000.0,1.55,163594000.0,0.2403041222,2610171000.0,1152595000.0,1448123000.0,413460000.0,1457576000.0,403234000.0,1974601000.0,3561518700.0,3823376700.0,51.16504638877791,3.502450055628114,0.2893864041857794,0.6553455463540966,0.022775925371970887,51.16504638877791,0.030546722829788434,5.231534315835241,25.289129601226993,3.0900001301411164,0.24062713019768234,1.2825927377155697,0.0023787604989972395,0.26081777783907645,2.4060973250133024,0.01348877142532041,67.98348285866993,0.24030412218943298,-0.22885572139303473,-0.26987670144753695,0.09737326246098811,-0.022997390726242645,-0.10740942819729375,-0.2289768745620182,-0.2346021203218802,0.6775615091509443,-0.001933213734231065,-0.04774868657436155,Conglomerates,Industrials,VMI
2017Q2,2017,Q2,2017-07-27,2017-07-01,45664000.0,712737000.0,78290000.0,2.01,183280000.0,0.2571495517,2523162000.0,1102446000.0,1376207000.0,374047000.0,1420716000.0,382648000.0,1945874000.0,3368543200.0,3676054200.0,48.96060754096904,3.679235497143407,0.29951822356233965,0.6855056846321724,0.02914615645547174,48.96060754096904,0.04142062286951016,4.726207843847029,18.442006832515766,3.055517639866261,0.18544148563419763,1.3836659279546737,0.002513846341647036,0.2824777005994859,2.5398252091314726,0.01809792633211819,165.91356942323796,0.25714955165790465,0.16860465116279058,-0.5551442406623337,0.09181688424162808,-0.009174371014453857,0.11345341879043772,0.17150260396623823,0.2137608136181824,-0.15607600974005165,0.00012625800026917094,-0.19293769724088514,Conglomerates,Industrials,VMI
2017Q1,2017,Q1,2017-04-28,2017-04-01,38979000.0,637473000.0,64502000.0,1.72,164605000.0,0.2582148577,2466888000.0,1041280000.0,1331273000.0,382704000.0,1425608000.0,389156000.0,1906161000.0,3494396000.0,3825520000.0,46.33677465290139,3.478597035829257,0.3065968134751152,0.7263560233558697,0.025917795845151213,46.33677465290139,0.037433735402581436,5.481637653673175,22.412042381795327,3.355865857406269,0.2166551219887632,1.2151116775791713,0.0024167266674984746,0.25841181277788045,2.319246728542163,0.01580087948865129,160.18317671327068,0.2582148577273077,-0.44516129032258067,-0.5698153957797579,0.043823538103770564,-0.04519700286573489,-0.003203459009047198,-0.44366579127654715,0.14991175369475693,-0.17222701004694377,0.008109222381930901,-0.23577932942940552,Conglomerates,Industrials,VMI
2016Q4,2016,Q4,2017-03-01,2016-12-31,70064000.0,674575000.0,56093000.0,3.1,165134000.0,0.2447970945,2391731000.0,982586000.0,1253216000.0,349848000.0,1409145000.0,350028000.0,1874722000.0,3161655100.0,3518099100.0,43.78920629261554,3.582172829343029,0.3162529565406812,0.7697972492992979,0.03615224339377642,43.78920629261554,0.07130571776923343,4.686884482822518,11.28131101564284,3.2176879173934902,0.12058974651746975,1.4554292799433188,0.002672334499737179,0.28204467810134165,2.41788147995701,0.02929426427972042,41.47684022721608,0.24479709446688655,1.5,-0.2816290362047344,0.05420637464089324,0.007757789098400632,0.06522257987524432,1.486920100805736,0.05358752817430503,0.5175620594881288,-0.031659117961043926,-0.2441144526993768,Conglomerates,Industrials,VMI
2016Q3,2016,Q3,2016-10-27,2016-09-24,28173000.0,610247000.0,53240000.0,1.24,155023000.0,0.2540332029,2384043000.0,1002301000.0,1274265000.0,359925000.0,1381742000.0,379625000.0,1811947000.0,2939828150.0,3347785150.0,44.53681404132415,3.54036257553657,0.3176670890583769,0.7555933796334634,0.020397736914990975,44.53681404132415,0.028108322749353737,4.817439741612822,26.08728348063749,2.933079134910571,0.3019202782806233,1.1991412578202174,0.0028933664030667914,0.25597147366888934,2.293280544557894,0.011817320409069803,168.3171962670331,0.25403320294896986,-0.32972972972972975,-0.21720806622677377,0.06299298217087736,0.10377680750504609,-0.11474614115134453,-0.3296292771141674,-0.2585577806868507,-0.40907579535601274,-0.07066827266244513,-0.2463602925450436,Conglomerates,Industrials,VMI
2016Q2,2016,Q2,2016-07-28,2016-06-25,42026000.0,640249000.0,71806000.0,1.85,175117000.0,0.2735138985,2395873000.0,994171000.0,1267292000.0,358039000.0,1401702000.0,372106000.0,1790120000.0,2987080320.0,3403901320.0,43.98597469250509,3.539536195777555,0.317699226962364,0.7656298564331488,0.028368556856515858,43.98597469250509,0.04227240585372134,4.6654978297506124,17.76923999428925,3.004594099003089,0.20289820587255508,1.2499986562968617,0.0028546269555952213,0.2672299408190668,2.3306427512086674,0.017540996538631223,3020.3036602628918,0.27351389849886526,0.27586206896551735,0.06843989757712053,0.11565562421170228,0.07945242023296359,0.0878926998366145,0.27471260881434073,0.15138298725246532,-0.44676815232741507,-0.1408949021668506,-0.21771763764852065,Conglomerates,Industrials,VMI
2016Q1,2016,Q1,2016-04-28,2016-03-26,32969000.0,596605000.0,62365000.0,1.45,160969000.0,0.2698083321,2399862000.0,980151000.0,1252838000.0,364577000.0,1419711000.0,350768000.0,1756082000.0,2763498000.0,3136174000.0,43.178458149779736,3.4364153525866965,0.3168473853913267,0.7757886284868352,0.024271959576793355,43.178458149779736,0.03363665394413718,4.632039624206971,20.955276168521944,2.8194614911375897,0.2599714883678607,1.2419490945582266,0.0031015039634550126,0.2485997111500578,2.3478990720753092,0.013737873261045844,41.5151578884115,0.2698083321460598,2.1507936507936507,0.48992326486265936,0.21570526284224667,0.07678087556847497,0.2451191212871287,2.1402040463427285,3.6025830258302585,-0.5022678248719075,-0.1475926676595935,-0.21593459159752393,Conglomerates,Industrials,VMI
2015Q4,2015,Q4,2016-02-24,2015-12-26,-28915000.0,633828000.0,13550000.0,-1.26,129280000.0,0.2039670068,2399428000.0,965211000.0,1226852000.0,366554000.0,1434217000.0,340672000.0,1729679000.0,2482408480.0,2899351480.0,42.16368163550585,3.3469884382655763,0.3192498378780276,0.7936264713104182,0.00928994435228957,42.16368163550585,-0.029957180347095092,3.9165333181872684,-21.46298184333391,2.5718816714687254,-0.2991181047899014,1.4810374788653016,0.0034841163610591598,0.2641579576465724,2.2917305499326157,-0.012050788771323833,31.65368356625523,0.20396700682204005,-3.423076923076923,-1.9517303919344373,0.21491417630044127,0.20940250624131912,-0.17525247047865725,-3.3964031161942647,-0.5293341206710896,-1.5150033162992766,-0.09918678780777916,-0.20536858591715149,Conglomerates,Industrials,VMI
2015Q3,2015,Q3,2015-10-30,2015-09-26,12066000.0,632575000.0,28789000.0,0.52,156751000.0,0.2477982848,2489701000.0,1065777000.0,1279488000.0,372853000.0,1423924000.0,368290000.0,1767621000.0,2246674080.0,2701241080.0,46.22357635425251,3.43161514055137,0.30823701319957697,0.7200549458282549,0.008322338707581154,46.22357635425251,0.011321317686532923,3.551632739200885,46.54968672302337,2.108015166399725,0.725343941654235,1.2919818621195254,0.0038955361073111238,0.25407669435004443,2.3038301958144363,0.004846365085606665,41.00668175512886,0.24779828478836502,-0.5630252100840336,-0.47269299889054595,0.35832470582402404,0.28975160889539103,-0.07547715101328237,-0.5671079539339146,-0.06310205675605311,-0.7555338505365421,-0.0037672663375310743,-0.11735534519177979,Conglomerates,Industrials,VMI
2015Q2,2015,Q2,2015-07-29,2015-06-27,27873000.0,682123000.0,30728000.0,1.19,169548000.0,0.2485592774,2567392000.0,1140593000.0,1289851000.0,369302000.0,1426799000.0,379897000.0,1762534000.0,2799386560.0,3256145560.0,48.87697120329105,3.4926726635653207,0.30158308509179743,0.6788416201046298,0.01089601546388316,48.87697120329105,0.024437288322828564,4.10393222336734,25.10840741936641,2.45432556573642,0.3182291106088329,1.3492472959775939,0.003168551327187911,0.26568712530069427,2.310577792700825,0.010856542358938565,51.20142224823499,0.24855927743236925,-0.07031250000000006,0.8205580586708457,0.5834739079325678,0.45580980475870364,0.02474403761770643,-0.0932366049643775,-0.13859609777977125,-0.7379928804497474,0.008247854501553823,-0.010866936344990318,Conglomerates,Industrials,VMI
2015Q1,2015,Q1,2015-04-30,2015-03-28,30739000.0,670398000.0,35672000.0,1.28,165454000.0,0.2467996623,2584130000.0,1143865000.0,1302905000.0,383591000.0,1440265000.0,379514000.0,1741252000.0,2879674200.0,3342599200.0,47.92462711580359,3.396599503116601,0.30234198743871243,0.6830272803171703,0.012050903946582842,47.92462711580359,0.02687292643799749,4.295469556890086,23.42036338202284,2.5174948092650795,0.29558541266794625,1.3305016415731699,0.003155218045152469,0.25942889870091673,2.2811979426003215,0.011895299385092855,74.00288335517693,0.24679966229016195,-0.22891566265060237,1.0363647925462118,0.9900592959756075,0.5344420877959145,-0.08668675962419545,-0.24028076419267938,-0.20451352496487746,-0.6805965504073769,0.033531453032804075,-0.012478146148954037,Conglomerates,Industrials,VMI
2014Q4,2014,Q4,2015-02-25,2014-12-27,40461000.0,763136000.0,44843000.0,1.66,181158000.0,0.2373862588,2729668000.0,1250405000.0,1392941000.0,397214000.0,1479263000.0,359522000.0,1718662000.0,3133245070.0,3543453070.0,51.55671463324125,3.5067772032204303,0.2864036945152304,0.6252270264434323,0.015772230702663866,51.55671463324125,0.03235831590564657,4.1057492635650785,19.359661587701737,2.505784181925056,0.22456192382788365,1.618754902342555,0.002899868920882081,0.2795709954470654,2.4583901876570313,0.01482268173272354,38.30934941556219,0.23738625880576988,0.8043478260869563,0.4478634687066058,1.054757694995593,0.7069050081562013,-0.09193984962406015,0.7174328282185152,0.6523453332842035,-0.6161792177530117,0.10340607092970248,0.18651798355920773,Conglomerates,Industrials,VMI
2014Q3,2014,Q3,2014-10-30,2014-09-27,23559000.0,765668000.0,27139000.0,0.92,199500000.0,0.2605567949,2862721000.0,1358686000.0,1536784000.0,425288000.0,1504035000.0,384645000.0,1687536000.0,3408687600.0000005,3743131600.0000005,53.730612567722545,3.6135136660333704,0.2747952035842822,0.5789873451260997,0.008095911674242107,53.730612567722545,0.017339547180143168,4.451913361927102,36.17181968674392,2.508811896199711,0.42149497007513054,1.4719234618934343,0.0029131446366630954,0.2674616213036478,2.557010778578281,0.008229582973681333,-133.28201759530793,0.26055679485103206,-0.6134453781512605,-0.4023618817921148,0.8113331081030282,0.8436000270866004,-0.09514371113540188,-0.6317525321995748,-0.7409807589524319,-0.4174250487862005,0.1869896981208521,0.33163104011577427,Conglomerates,Industrials,VMI
2014Q2,2014,Q2,2014-07-30,2014-06-28,63976000.0,842599000.0,104776000.0,2.38,220477000.0,0.2616630212,2858604000.0,1615090000.0,1519728000.0,423433000.0,1243514000.0,381943000.0,1672287000.0,4043767469.9999995,4084011469.9999995,60.66521428839725,3.589063677134281,0.17357108574674912,0.3072095053526429,0.03271110200182889,60.66521428839725,0.039611414843754834,4.7991600630905085,15.8018923893335,2.503741259001046,0.10505502063273728,1.6288346690474758,0.0016620639168453473,0.294758910293276,2.5290163969270227,0.02238015478884099,87.02075512707395,0.2616630211998827,0.14423076923076913,0.3789413010520054,0.6460726208728349,1.1510976025005193,0.0651989061850789,0.1428367274026438,0.33370672097759674,0.38082614744078236,0.2464993836745565,0.4887748389197344,Conglomerates,Industrials,VMI
2014Q1,2014,Q1,2014-04-30,2014-03-29,55980000.0,751740000.0,78560000.0,2.08,206982000.0,0.2753372177,2885866000.0,1619803000.0,1558561000.0,443391000.0,1266063000.0,424825000.0,1615696000.0,3907068750.0,3913062750.0,60.632715702788694,3.5150939013196028,0.171244610803135,0.30509203897017106,0.024278565438802004,60.632715702788694,0.03455975819281727,5.197367108308724,17.448502813504824,2.4120641522456743,0.11979278313683459,1.2823115400459013,0.001716376247538516,0.2604902653137741,2.4263528127544314,0.019397990066066823,-2428.259011808577,0.2753372176550403,0.01960784313725492,0.512720109517219,0.601354248650043,1.3314943782175823,-0.07109647075718953,0.020266822191441276,-0.21996167326958785,1.1496200287005185,0.3016066126703578,0.5120537300352,Conglomerates,Industrials,VMI
2013Q4,2013,Q4,2014-02-25,2013-12-28,54868000.0,827890000.0,100713000.0,2.04,222824000.0,0.2691468673,2776494000.0,1544846000.0,1597840000.0,436580000.0,1231648000.0,380000000.0,1562670000.0,3971516310.0,3847943310.0,57.93100086248922,3.6599019652755507,0.17652946485747853,0.31726981200715154,0.033059722667890125,57.93100086248922,0.035516808795180876,4.797154585754146,18.095776727783043,2.570816968163817,0.1220565721367646,1.5922789473684211,0.0016862577104712934,0.2981782060397033,2.7368248660039396,0.019761613027076595,34.33904259182403,0.2691468673374482,-0.028571428571428595,-0.36281690668249716,0.6309109249901002,1.4041888391062063,-0.012147328474401944,-0.028695852289826337,-0.08360251499076442,0.5503132101401133,0.362248668686266,0.6616646107384433,Conglomerates,Industrials,VMI
2013Q3,2013,Q3,2013-10-24,2013-09-28,56489000.0,778032000.0,109901000.0,2.1,225564000.0,0.289916096,2748520000.0,1575785000.0,1601253000.0,434667000.0,1172735000.0,427215000.0,1514099000.0,3772297550.0,3717616550.0,59.09563097693606,3.6838614387565656,0.1778004162240042,0.3101235257347925,0.03047888597342507,59.09563097693606,0.035848164565597467,4.848512079194686,16.694832400998425,2.3939163972242405,0.11853635221016481,1.2931849303044134,0.0017750455554599608,0.2830730720533232,2.620320843312237,0.020552515535633722,71.58331530608372,0.28991609599605156,-0.36936936936936937,0.48150837136600716,0.5251796238794834,1.487321967250355,-0.1373268928485377,-0.3692819579513862,-0.23820053373999237,1.1346433009784338,0.4446087695317523,0.6489136311535005,Conglomerates,Industrials,VMI
2013Q2,2013,Q2,2013-07-25,2013-06-29,89563000.0,878659000.0,144265000.0,3.33,261471000.0,0.2975796071,2651623000.0,1498357000.0,1519406000.0,416775000.0,1153266000.0,413408000.0,1458326000.0,3813062320.0,3810708320.0,56.227746922845995,3.645626537100354,0.18408461534690262,0.3257721624419281,0.04783956758190742,56.227746922845995,0.05977413927388466,4.339638380759771,10.643519980349028,2.544828982679028,0.06721525630003461,1.4929270841396394,0.0015787835327065937,0.33136648761909215,2.5731173894787354,0.033776671872283504,48.532001832807246,0.2975796071058283,0.15224913494809686,1.329063002632865,0.7127474868681561,1.4581814298195468,0.11089820664573499,0.15462362541737035,0.2206193417378797,4.122845371690069,0.7862011983402037,0.6747540458124486,Conglomerates,Industrials,VMI
2013Q1,2013,Q1,2013-05-02,2013-03-30,77569000.0,819630000.0,118190000.0,2.89,235369000.0,0.2871649403,2617244000.0,1463925000.0,1470486000.0,410782000.0,1153319000.0,451257000.0,1372737000.0,4180708410.0000005,4246474410.0000005,55.069969529398485,3.5797235516648733,0.1856005783182615,0.3318216438683676,0.041843247952642625,55.069969529398485,0.052987004115648,5.10072643753889,13.474159812553985,2.855821445770788,0.07736337970065361,1.2947411342095525,0.0014354026666021417,0.31316529907031976,2.3995063074818272,0.029637664657937893,97.75547524960835,0.28716494027793027,0.18930041152263372,1.5242960538208816,0.8758801356681747,1.5854804856976672,0.04913860349016024,0.19270865366873732,0.05768542382588775,3.6138776667945836,1.1845560436916054,0.7632203755150845,Conglomerates,Industrials,VMI
2012Q4,2012,Q4,2013-02-26,2012-12-29,65036000.0,815037000.0,111744000.0,2.43,224345000.0,0.2752574423,2568551000.0,1407010000.0,1425940000.0,412433000.0,1161541000.0,412384000.0,1300529000.0,3553278000.0,3625341000.0,53.06067805558698,3.457385805694501,0.18928648876350906,0.34554978287290067,0.036907031661174663,53.06067805558698,0.0462228413444112,4.359652383879505,13.658888923057999,2.5254106225257815,0.09210283535272772,1.4323834096376193,0.001685767339341307,0.317313925244233,2.396539559152638,0.025320112390215338,86.57873833483589,0.2752574423001655,0.14622641509433965,1.7241620498336874,1.0518509847584834,1.6698006917257118,0.16602218272159333,0.14639262484355997,0.23635237104733242,1.1285600107538951,1.007137278150628,0.7566972169101416,Conglomerates,Industrials,VMI
2012Q3,2012,Q3,2012-10-29,2012-09-29,56731000.0,729839000.0,90382000.0,2.12,192402000.0,0.263622525,2494460000.0,1387894000.0,1409807000.0,413333000.0,1106566000.0,432689000.0,1238840000.0,3485013000.0,3547116000.0,52.369406082559806,3.4108261377630145,0.19610777482902111,0.35246423718237846,0.03210252021985501,52.369406082559806,0.04087560000979902,4.775043536999256,15.357621935097212,2.5110080452829973,0.08119017820944457,1.242086117280541,0.001321659345316646,0.2925839660688085,2.1709372346268023,0.022742798040457653,34.25410851189306,0.2636225249678354,-0.5299334811529933,1.1139277799069898,0.8927692897120945,1.773019796170318,-0.035071090047393366,-0.5298120275825488,-0.07159585832853974,0.37315807548484947,0.6474170420435634,0.7968944305376412,Conglomerates,Industrials,VMI
2012Q2,2012,Q2,2012-07-27,2012-06-30,120656000.0,767315000.0,97352000.0,4.51,199395000.0,0.259860683,2396749000.0,1307839000.0,1332819000.0,401774000.0,1088910000.0,441296000.0,1186603000.0,3201712990.0,3364545990.0,49.41394944648052,3.317335118748351,0.20495012201945217,0.3755921026976562,0.07265476423758602,49.41394944648052,0.09225600398825849,4.1726187941067225,6.633969694834903,2.448094138498699,0.0474572337886222,1.2869366592944418,0.0017884176432691426,0.32014825081808734,2.035353208520213,0.05034152512424121,-328.3134731337162,0.25986068303108895,0.13032581453634073,3.311191294399547,0.8376146495052778,1.7916427787237132,0.070209431390019,0.1336440168370415,0.1754932502596054,1.61595274578593,0.5078356769081698,0.7521446092499142,Conglomerates,Industrials,VMI
2012Q1,2012,Q1,2012-04-30,2012-03-31,106432000.0,717350000.0,82818000.0,3.99,186314000.0,0.2597253781,2382969000.0,1281003000.0,1300592000.0,404464000.0,1101966000.0,440600000.0,1130655000.0,3099154360.0,3246158360.0,48.53019396878315,3.2155939712805095,0.2041872974428119,0.37983673730662615,0.06339164815480218,48.53019396878315,0.08308489519540548,4.320282093817523,7.2796582794648215,2.4193185808308018,0.048838695129284425,1.2052564684521108,0.0016772317207200999,0.3010320318896301,1.952826456742751,0.044663610814911985,-93.89669635823789,0.2597253781278316,-0.07209302325581386,4.47484697142895,1.0284909600480758,1.9232037294237718,-0.044274026007335404,-0.072334417027656,0.07059477487493052,1.9108174391478188,0.5465640766227944,0.8661191916037286,Conglomerates,Industrials,VMI
2011Q4,2011,Q4,2012-02-28,2011-12-31,114731000.0,752730000.0,77357000.0,4.3,194945000.0,0.258983965,2306076000.0,1146962000.0,1252943000.0,408070000.0,1108165000.0,393782000.0,1079698000.0,2396492840.0,2519651840.0,43.4521139566601,3.070411939128091,0.21077059038817456,0.4237742837164614,0.07925454660956173,43.4521139566601,0.10003034102263196,3.1837349912983406,5.221981940364854,2.089426537234887,0.08470247797020858,1.4164817081532421,0.004055092440835333,0.3264116186977359,1.9349057759698092,0.049751612696199085,49.05518269092993,0.2589839650339431,1.7044025157232703,5.8599742865820446,1.2110989854089051,1.7535412985013237,0.16461556843300076,1.7225504852756224,0.07391056876709286,0.34605229902013324,0.49807263702977633,0.8033019601740818,Conglomerates,Industrials,VMI
2011Q3,2011,Q3,2011-10-27,2011-09-24,42141000.0,672192000.0,72033000.0,1.59,167390000.0,0.249021113,2209177000.0,1063249000.0,1227912000.0,396163000.0,1145928000.0,377525000.0,966872000.0,2181862800.0,2350987800.0,40.34947440324845,3.0995120695269374,0.2290595094915437,0.4759308496880787,0.02932622290140211,40.34947440324845,0.03963417788307348,3.2458922450728362,12.943824304121875,2.052071339827265,0.11288294060416222,1.3371352890537052,0.002180247080613868,0.30427258657862183,1.9848875336666978,0.0190754294472557,84.7489920372888,0.24902111301532895,-0.4280575539568345,1.6814670563270742,1.0721314471592873,1.6557191005030873,-0.0035241871152861615,-0.08043293255067974,0.38778537713129757,0.11838040001634206,0.33340279581649596,0.6983004054796417,Conglomerates,Industrials,VMI
2011Q2,2011,Q2,2011-07-29,2011-06-25,45827000.0,668609000.0,51905000.0,2.78,167982000.0,0.2512410093,2223280000.0,1073028000.0,1211753000.0,398199000.0,1150252000.0,366185000.0,927712000.0,2366546710.0,2540573710.0,40.748414536892874,3.043083985645368,0.22526042603720628,0.46673246178105326,0.04038612220067448,40.748414536892874,0.04270811199707743,3.5395077092889866,12.910220557749799,2.205484581949399,0.09496584982652148,1.367142291464697,0.0018389664491346546,0.3007309020906049,1.9584579569511726,0.020612338526861215,-2203.4885567970205,0.25124100931934806,1.8659793814432988,1.5262113096981635,0.8804335226035348,1.7645783151767283,0.23070047548225917,0.7894880706001797,0.7346188550613241,0.2059750213506352,0.3188927347621522,0.7814513543753592,Conglomerates,Industrials,VMI
2011Q1,2011,Q1,2011-04-29,2011-03-26,25609000.0,567949000.0,29923000.0,0.97,136493000.0,0.240326156,2179542000.0,1053456000.0,1168384000.0,358898000.0,1126086000.0,323964000.0,868396000.0,2607396750.0,2743856750.0,40.09957748087245,3.255476486355455,0.22698851410066886,0.469626638416792,0.012777219193295284,40.09957748087245,0.024309510791148372,4.590899446957385,25.45391024639775,2.475088423246913,0.17017454801046508,1.3318022990208789,0.0016713988770600409,0.26058181030693606,2.1848101689059285,0.01174971622478484,-376.6825700664548,0.2403261560457013,-0.2651515151515152,0.8341309411484225,0.753005406688392,1.859485300948805,-0.1343506028146147,-0.2655022084552286,-0.5198414608706815,-0.1567194128944991,0.31529740892695396,0.8826354172244585,Conglomerates,Industrials,VMI
2010Q4,2010,Q4,2011-02-23,2010-12-25,34866000.0,598713000.0,62319000.0,1.32,157677000.0,0.263359907,2090743000.0,915892000.0,1094226000.0,346914000.0,1080616000.0,280223000.0,850269000.0,2278483830.0,2409237830.0,34.86323322294545,3.154170774312942,0.22846327836563365,0.5215221882055963,0.028826537729175258,34.86323322294545,0.03806780712136366,3.805636139519269,16.337433531233867,2.48772107410044,0.499598462685711,1.5738750923371743,0.007644996102517875,0.2863637472420092,2.1834518064995936,0.016676368161940517,44.61317023026316,0.2633599070005161,0.3469387755102042,1.8119490146756458,0.802497740612025,1.6114940349856757,0.1898265180612884,0.3443609022556391,0.9704366522275271,0.47410705982543766,0.521370408359593,0.7541781896738129,Conglomerates,Industrials,VMI
2010Q3,2010,Q3,2010-10-29,2010-09-25,25935000.0,527831000.0,31627000.0,0.98,132521000.0,0.2510671029,2059370000.0,936584000.0,1085475000.0,362900000.0,1122786000.0,296335000.0,817117000.0,1856749650.0,2031223650.0,35.839130601155624,2.9911132543400387,0.24163894783356074,0.5313180665055136,0.014538972122108517,35.839130601155624,0.02769105600779001,3.517697236426053,17.898107287449392,1.982469965320783,0.16764989396568344,1.3339969966423135,0.0023417265757933498,0.25630702593511606,1.994579774042436,0.01259365728353817,84.01962305986696,0.2510671029174111,0.5076923076923077,1.3708864074387443,0.8517741665075637,1.7315628344937228,0.030121418466178506,0.5153374233128835,0.2639677084165934,-0.019956527202588385,0.3882091046399188,0.8977228513506977,Conglomerates,Industrials,VMI
2010Q2,2010,Q2,2010-08-03,2010-06-26,17115000.0,481559000.0,25022000.0,0.65,128646000.0,0.2671448358,2023925000.0,875838000.0,1046580000.0,360589000.0,1148087000.0,296634000.0,795797000.0,2017046839.9999998,2230608840.0,33.5737340437766,2.9024179883468437,0.26084711637041885,0.6027769975726105,0.010886378731940078,33.5737340437766,0.019541285032163482,4.188576768371061,29.46314402570844,2.302990781400213,0.23067484662576687,1.1897253854918857,0.0019573169654305105,0.23793322381017082,1.9145841941933892,0.008456341020541769,71.41505594108483,0.26714483583527665,0.04838709677419359,0.5261272946236174,0.6913099905470249,1.642140046428235,0.27713690062543433,0.039603960396039604,0.20321215618388153,-0.37955133729686064,0.17006729222545633,0.8967492630722111,Conglomerates,Industrials,VMI
2010Q1,2010,Q1,2010-04-29,2010-03-27,16463000.0,367402000.0,20796000.0,0.62,100730000.0,0.2741683497,1477779000.0,813016000.0,900775000.0,234998000.0,664763000.0,211679000.0,780414000.0,2134542000.0,2122405000.0,31.232607275940225,3.8331177286615206,0.24486069973927088,0.44507119171086423,0.011262187448088193,31.232607275940225,0.020249293986834206,5.809826838177256,32.41423191398895,2.6254612455351434,0.23956751503371196,1.2597943111976153,0.0018477031606780284,0.24861768911318946,2.683678158963055,0.011140366726012482,145.0786379392374,0.27416834965514614,-0.45614035087719296,1.2391657219272783,0.28058179064831373,1.507832362670033,-0.17878019550134927,-0.4511235580449423,-0.5624289862391112,-0.1412712422317878,0.053490824942782435,0.8812880518751766,Conglomerates,Industrials,VMI
2009Q4,2009,Q4,2010-02-23,2009-12-26,29994000.0,398627000.0,47526000.0,1.14,122659000.0,0.3077036929,1302169000.0,786261000.0,715422000.0,256817000.0,493862000.0,210611000.0,767398000.0,2128815180.0,2120411180.0,30.204794283738618,2.785726801574662,0.13238066641119547,0.21924271965670433,0.034835044376147505,30.204794283738618,0.03814763799806934,5.340368765788569,17.74367523504701,2.7075171984875253,0.1314262852570514,1.3103209234085589,0.0018517342590539025,0.306125395397986,1.714477624144819,0.02303387655519368,27.403874464168478,0.3077036929259684,-0.2549019607843138,1.4233859218742975,0.28795669478975194,1.471594899035217,-0.10046348582408073,-0.25893165983100264,-0.24240830185070059,0.818542116558986,0.18736143432811142,0.914064493063936,Conglomerates,Industrials,VMI
2009Q3,2009,Q3,2009-11-03,2009-09-26,40474000.0,434010000.0,62733000.0,1.53,136358000.0,0.3141817009,1288712000.0,756676000.0,701085000.0,269197000.0,510790000.0,216483000.0,740784000.0,2148178620.0,2215971620.0,29.14439779686477,2.6043566607354465,0.15336009907566625,0.2611910513879124,0.04404039408431593,29.14439779686477,0.05348920806263183,4.949606276353079,13.268880145278448,2.8389675633956934,0.09734644463112122,1.3749439909831256,0.0018341119138407587,0.3367781164449466,1.582896540451788,0.03140655165777924,18.414011829247386,0.31418170088246816,-0.09467455621301771,4.241793534232534,0.5189112752116554,1.5162639477993876,-0.0575265584285428,-0.10475558504755585,-0.09627463409012331,1.61388203317006,0.3578941774581782,0.9182240920482128,Conglomerates,Industrials,VMI
2009Q2,2009,Q2,2009-07-31,2009-06-27,45210000.0,498810000.0,69416000.0,1.69,144681000.0,0.2900523245,1319441000.0,731644000.0,737319000.0,259638000.0,587797000.0,251621000.0,701714000.0,1841953000.0,2022786000.0,28.20198126662298,2.8397961777551823,0.2100093903403032,0.37872927270639817,0.046278073038471625,28.20198126662298,0.06179234709776886,3.6926946131793668,10.185539703605397,2.517553618973162,0.0754479097544791,1.4073904801268575,0.0018518387819884655,0.37804646058444447,1.6655112117640716,0.03426451050103794,21.02398073323289,0.2900523245323871,0.23357664233576628,13.790356130896221,0.7250104530347794,1.497925355293631,0.12753670625642943,0.2600334448160535,0.19028104048423328,1.529664335770223,0.42397072719877327,0.9133648938448067,Conglomerates,Industrials,VMI
2009Q1,2009,Q1,2009-05-01,2009-03-28,35880000.0,455154000.0,58319000.0,1.37,128316000.0,0.2819177685,1330694000.0,673606000.0,757660000.0,258410000.0,657088000.0,317161000.0,659319000.0,1384202880.0,1654002880.0,26.005945486834992,2.9320072752602453,0.25973063679553676,0.5130922230502697,0.038437569599251535,26.005945486834992,0.05326555879846676,3.0411748111628154,9.64466889632107,2.054914712754934,0.09481605351170569,1.0305113175957952,0.002457732207579282,0.3420425732737955,1.5326457954413528,0.026963373998830684,59.06310291858679,0.28191776849154354,-0.5705329153605015,5.004723718394833,0.9408590487616689,1.3076181966586684,0.0476999199830168,-0.5710186513629842,0.1032936680603114,1.6063543292290068,0.42487112474707933,0.8544738755003621,Conglomerates,Industrials,VMI
2008Q4,2008,Q4,2009-02-24,2008-12-27,83640000.0,493062000.0,52859000.0,3.19,122474000.0,0.2483947252,1326288000.0,624131000.0,755799000.0,280584000.0,685312000.0,313411000.0,624254000.0,1515526020.0,1804543020.0,24.095861323449927,2.693663929518433,0.2696126331535835,0.5729310032669424,0.045645001260915787,24.095861323449927,0.13401032795999557,3.073702739209268,4.529907998565279,2.428217826065361,0.04063845050215208,1.1824345667510074,0.002242785643495583,0.37176088451377076,1.4120085250762695,0.06306322608664182,-57.462880867521044,0.24839472520697195,1.2785714285714287,8.956165265521012,0.9981980502203381,1.1642293577971141,-0.09277846502566686,1.2615184944841011,-0.14600297272844773,5.84167823881648,0.5055697462285613,0.8049444155574266,Conglomerates,Industrials,VMI
2008Q3,2008,Q3,2008-11-03,2008-09-27,36984000.0,494801000.0,61896000.0,1.4,134999000.0,0.2728349377,1302893000.0,614496000.0,752253000.0,341575000.0,668687000.0,313600000.0,597674000.0,2265686400.0,2493252400.0,23.75873801422827,2.2023069604040106,0.22692653963142023,0.48114389678696035,0.0448943852147245,23.75873801422827,0.0601859084518044,4.5789850869339395,15.315314730694354,3.6870645211685673,0.0918775686783474,1.147327806122449,0.0014997662518519775,0.379771017266959,1.2267906023567299,0.028386060866088005,568.2684725357411,0.2728349376820176,-0.0070921985815602905,7.3057470870011185,1.246034367205811,1.2022607338926823,-0.01606378869266707,-0.007513954486904251,-0.02326021776866025,2.416110826531144,0.7539502614942868,0.8108275693508732,Conglomerates,Industrials,VMI
2008Q2,2008,Q2,2008-08-01,2008-06-28,37264000.0,497129000.0,63370000.0,1.41,137203000.0,0.2759907388,1206092000.0,590668000.0,675973000.0,354857000.0,600462000.0,250247000.0,563190000.0,2652538560.0,2851520560.0,22.873717228827015,1.9049166283883368,0.21873704493521223,0.4466417683030061,0.04834377299731693,22.873717228827015,0.06308789370678622,5.335714794349153,17.79558394160584,4.490743632632883,0.07326105624731645,1.4382829764192977,0.001029202757376692,0.4121816577839833,1.047526186604745,0.030896482192071584,139.26280044101432,0.2759907388223177,0.24778761061946908,4.391000109290487,1.281970490692127,1.1381859260731892,0.1847454407294833,0.25472238122495705,0.25569690484682756,2.3567637024136228,0.763844323253943,0.8000846799512306,Conglomerates,Industrials,VMI
2008Q1,2008,Q1,2008-05-05,2008-03-29,29699000.0,422286000.0,50466000.0,1.13,115808000.0,0.2742406805,1155202000.0,547232000.0,631731000.0,286182000.0,594046000.0,239358000.0,526221000.0,2260896000.0,2480908000.0,21.29970418807411,2.2074449126779463,0.24847602410660646,0.524530729197123,0.04037547946946834,21.29970418807411,0.05427131454300918,5.353944956735482,19.03175191083875,4.131512777030583,0.09172025994141217,1.2804167815573326,0.001204832066578914,0.36555165243827487,1.3058578107637797,0.025708923634134982,448.94678316123907,0.2742406804866844,0.28409090909090895,2.7847364893137896,0.8933024033399176,1.0508580416339044,0.10723573504665748,0.2839479486403528,0.26335552996545336,3.092719909384021,0.4913014094078789,0.7102666775853619,Conglomerates,Industrials,VMI
2007Q4,2007,Q4,2008-02-26,2007-12-29,23131000.0,384862000.0,39946000.0,0.88,104592000.0,0.2717649443,1052613000.0,510613000.0,621597000.0,271036000.0,531627000.0,219993000.0,496388000.0,2356727160.0,2488448160.0,19.874396699361668,2.293411207367287,0.22634434497768885,0.466601907902854,0.03475762302187395,19.874396699361668,0.04530045259325556,6.123564186643524,25.47152263196576,4.615486013869604,0.11746141541654058,1.2739950816616892,0.0011528699826245479,0.3656253532874855,1.4163063209315367,0.021974837855888156,57.05532271340725,0.2717649443177035,-0.1111111111111111,0.7890996199887516,0.6586071044600929,0.9608331724128499,0.07194687000368959,-0.1066697563047928,0.05918226653232221,0.8935446091544051,0.2598896869016373,0.6262801541406362,Conglomerates,Industrials,VMI
2007Q3,2007,Q3,2007-11-05,2007-09-29,25893000.0,372033000.0,37714000.0,0.99,97572000.0,0.262267057,1002690000.0,482898000.0,576233000.0,251932000.0,510425000.0,212982000.0,473882000.0,2169614500.0,2338304500.0,18.885334376222136,2.287256084975311,0.23738842513638314,0.49291361736847117,0.04073280349432162,18.885334376222136,0.0536200191344756,5.831779707714101,20.947886494419336,4.492904298630352,0.10454563009307535,1.2886581964673072,0.0012476870891119137,0.3710349160757562,1.407840210850547,0.025823534691679383,66.01194206955304,0.262267056954625,-0.03883495145631071,2.026574620394144,0.7034370136959539,0.9577630641810342,-0.10413720917421085,-0.03961277400689885,-0.15348356976117794,2.404946559656058,0.3220207733381068,0.6305187145824729,Conglomerates,Industrials,VMI
2007Q2,2007,Q2,2007-08-07,2007-06-30,26961000.0,402257000.0,44552000.0,1.03,108914000.0,0.2707572522,957066000.0,451314000.0,543828000.0,229884000.0,496032000.0,218197000.0,448560000.0,1855161720.0000002,2053538720.0000002,17.70067066713731,2.3656626820483373,0.2573500678114153,0.5457419889478279,0.04252973907288788,17.70067066713731,0.05973889575772079,4.611881757185084,17.202271058195173,4.1105787101663145,0.09064945662252884,1.3443952025004926,0.0013174053634526265,0.42030225710661545,1.3680725931339284,0.02817047100199986,-533.245679793044,0.27075725220443647,0.43055555555555564,1.4702511433463468,0.6874956417750147,0.8120722810369881,0.22696497572296012,0.4396091413925673,0.3333333333333333,7.97452005482362,0.41543946921930264,0.5677960228089673,Conglomerates,Industrials,VMI
2007Q1,2007,Q1,2007-05-07,2007-03-31,18728000.0,340682000.0,33414000.0,0.72,88767000.0,0.2605567655,912459000.0,422165000.0,512589000.0,222955000.0,482507000.0,210556000.0,423519000.0,1470559070.0,1660004070.0,16.601714577844195,2.2990693189208584,0.25398839838283144,0.5489654518967703,0.03322761316192791,16.601714577844195,0.04436180166522568,4.3165153134007666,19.630487371849636,3.4833751495268435,0.1301260145237078,1.1964275537149263,0.0016571928661117978,0.37336691292430674,1.2930053149738736,0.02052475782473514,-86.22451304602755,0.2605567655467562,0.16129032258064513,1.6148428380426363,0.5431696263733521,0.7843953078919383,0.040632583439818994,0.16236345580933464,0.21153009427121103,2.192537546342823,0.47975166846784717,0.47314077371117524,Conglomerates,Industrials,VMI
