Quarters,Year,Quarter,FillingDate,Date,NetIncome,Revenue,OperatingIncome,EPSDiluted,GrossProfit,GrossProfitRatio,TotalAssets,CommonStockEquity,CurrentAssets,CurrentLiability,TotalLiability,Inventory,RetainedEarnings,MarketCap,EnterpriseValue,bookValuePerShare,currentRatio,debtToAssets,debtToEquity,roic,shareholdersEquityPerShare,roe,priceToSalesRatio,peRatio,pbRatio,payoutRatio,inventoryTurnover,dividendYield,assetTurnover,quickRatio,returnOnAssets,priceToFreeCashFlowsRatio,grossProfitMargin,epsdilutedGrowth,fiveYNetIncomeGrowthPerShare,fiveYRevenueGrowthPerShare,fiveYShareholdersEquityGrowthPerShare,grossProfitGrowth,netIncomeGrowth,operatingIncomeGrowth,threeYNetIncomeGrowthPerShare,threeYRevenueGrowthPerShare,threeYShareholdersEquityGrowthPerShare,Industry,Sector,Symbol
2023Q1,2023,Q1,2023-04-26,2023-03-31,388000.0,132422000.0,28450000.0,0.008,117089000.0,0.8842110828,4007000000.0,1359641000.0,134928000.0,394112000.0,2647359000.0,4618000.0,-1260839000.0,594532800.0,3069435800.0,28.1289515061238,0.3423595323156869,0.6234706763164463,1.8374313513640732,0.006821355417546785,28.1289515061238,0.00028536944678779177,4.489682983190105,383.0752577319588,0.4372718975082393,68.84020618556701,3.320268514508445,0.044926032676414145,0.033047666583478914,0.33064205099058136,9.683054654354879e-05,11.45535260115607,0.8842110827506003,-0.9384615384615385,-0.9697251979227408,-0.3760540061965924,-0.4702987012021853,-0.021976277981957903,-0.9392801251956181,0.03798022547338466,-0.964385105308352,-0.12091434808173634,-0.19966710166683574,REIT—Office,Real Estate,OPI
2022Q4,2022,Q4,2023-02-15,2022-12-31,6390000.0,127922000.0,27409000.0,0.13,119720000.0,0.9358828036,3979977000.0,1386335000.0,120404000.0,341693000.0,2593642000.0,2516000.0,-1233683000.0,645258900.0,3079958900.0,28.682397484172633,0.35237479257696236,0.6148148594828563,1.7650488518287426,0.007285340011089235,28.682397484172633,0.004609275535855331,5.044158940604431,25.24487089201878,0.46544226323363397,4.180125195618153,3.2599364069952306,0.04139578702440215,0.032141391771861996,0.44782011922983495,0.0016055369164193662,16.160966263430762,0.9358828035834337,-0.6285714285714286,1.181946395881766,-0.3885373802433078,-0.4741535329908175,-0.012773256149551823,-0.6233199717047866,-0.005190185830429733,-0.9022240726064992,-0.2053712613950736,-0.1912953306257534,REIT—Office,Real Estate,OPI
2022Q3,2022,Q3,2022-10-27,2022-09-30,16964000.0,137683000.0,27552000.0,0.35,121269000.0,0.88078412,3968986000.0,1406165000.0,125878000.0,289162000.0,2562821000.0,4498000.0,-1213362000.0,678418300.0,3073072300.0,29.121588037940604,0.4353199936367849,0.6068701174556927,1.712927714741869,0.00715839751766953,29.121588037940604,0.012064018091760213,4.927393360109818,9.99791175430323,0.48245995313494505,1.5710327752888469,3.6491774121831924,0.039284022851388295,0.03468971671857749,0.5357896265761062,0.004274139540930606,15.498202129117741,0.8807841200438689,2.0937499999999996,-0.2256515250136589,-0.015899388244130133,-0.4879616127524543,-0.02777131953853431,2.1143664192340537,-0.05795466201661709,5.287679137665789,-0.1812028452228377,-0.15999569081249299,REIT—Office,Real Estate,OPI
2022Q2,2022,Q2,2022-07-28,2022-06-30,-15223000.0,141316000.0,29247000.0,-0.32,124733000.0,0.8826530612,4062658000.0,1415450000.0,231926000.0,374631000.0,2647208000.0,100816000.0,-1203675000.0,962567550.0,3439138550.0,29.336359302783478,0.6190785065838118,0.6159949963792177,1.7680433784308878,0.007343527927394458,29.336359302783478,-0.010754883605920378,6.8114548246483055,-15.807783452670302,0.680043484404253,-1.7495894370360638,0.16448777971750517,0.027669746398577433,0.03478412408822008,0.4395712047321231,-0.003747054268412453,16.412903473323443,0.8826530612244898,-0.23076923076923075,-1.4801942496733154,-0.2551944128821821,-0.426237673007665,-0.04571988156898148,-0.21192580208582118,-0.07831211395436784,0.7659570479813594,-0.2005418216209799,-0.16911620364716054,REIT—Office,Real Estate,OPI
2022Q1,2022,Q1,2022-04-28,2022-03-31,-12561000.0,147354000.0,31732000.0,-0.26,130709000.0,0.8870407318,4197693000.0,1457082000.0,263038000.0,144507000.0,2740611000.0,57115000.0,-1160985000.0,1241292390.0,3739740390.0,30.202972451961944,1.8202440020206634,0.6184597110841598,1.7817144127784161,0.008141709854221744,30.202972451961944,-0.008620654156732428,8.42387984038438,-24.70528600429902,0.8519029059448953,-2.120372581800812,0.2914295719163092,0.021456669044752623,0.03510356760249023,1.657580601631755,-0.0029923579451856053,24.694473202562367,0.8870407318430447,-1.7027027027027026,-1.6239647728250983,-0.21674933140513788,-0.4220152818546251,0.025570812083169872,-1.7063884827353504,-0.28700146051005504,-1.367612266422796,-0.16060771927816075,-0.18820608692527593,REIT—Office,Real Estate,OPI
2021Q4,2021,Q4,2022-02-16,2021-12-31,17782000.0,147287000.0,44505000.0,0.37,127450000.0,0.8653173736,4241683000.0,1496709000.0,223999000.0,149990000.0,2744974000.0,26598000.0,-1120944000.0,1198356120.0,3710314120.0,31.02437659349543,1.4934262284152278,0.6117816913710902,1.7337932757803955,0.01089123330065486,31.02437659349543,0.011880732994857384,8.136197491971457,16.847881565628164,0.800660729640832,1.4978067708919132,0.7458079554853748,0.02222544663935125,0.034723716977435606,1.306167077805187,0.004192203896425075,19.07906575386085,0.8653173735631794,3.6249999999999996,-0.4571244394152243,-0.1783816498961136,-0.41038175668524907,-0.000431355633112427,3.7904094827586206,0.324632418596345,1.159888384764985,-0.2628693704109798,-0.563540730915109,REIT—Office,Real Estate,OPI
2021Q3,2021,Q3,2021-10-28,2021-09-30,3712000.0,147572000.0,33598000.0,0.08,127505000.0,0.8640189195782397,4239878000.0,1505980000.0,225400000.0,139947000.0,2733898000.0,71873000.0,-1111255000.0,1221184630.0,3760254630.0,31.237269502810562,1.61060973082667,0.611798499862496,1.7224338968645,0.008096858596804375,31.237269502810562,0.002464840170520193,8.27517842138075,82.2457320851293,0.8108903371890728,7.161637931034483,0.2792008125443491,0.021769026031714794,0.03480571846642757,1.0888979399344036,0.0008754968892972863,29.564340047450735,0.8640189195782397,1.0579710144927537,-0.8818709196713262,-0.1567141641497082,-0.4163670016900778,0.05213430483467699,1.0556546771219095,0.4841417086315046,5.247193445627076,-0.28546943932231167,-0.3757453383410997,REIT—Office,Real Estate,OPI
2021Q2,2021,Q2,2021-07-29,2021-06-30,-66697000.0,137099000.0,22638000.0,-1.38,121187000.0,0.8839378843025842,4211213000.0,1528550000.0,158764000.0,532668000.0,2682663000.0,47698000.0,-1088383000.0,1411716150.0,3928044150.0,31.73570019723866,0.29805432276765265,0.6019631398364319,1.658431192960649,0.005535629913344994,31.73570019723866,-0.04363416309574433,10.29705650661201,-5.291527917297629,0.9235655686761963,-0.39844370811280866,0.3335988930353474,0.01882460578211845,0.03255570307177528,0.205854303243296,-0.015837954527590983,23.752669347511524,0.8839378843025842,-2.769230769230769,-2.462716824944073,-0.21088600958173015,-0.41119609067493934,-0.055955441302485004,-2.761674590596936,0.07086092715231788,-2.154756136678467,-0.34786701318026464,-0.3868347754385584,REIT—Office,Real Estate,OPI
2021Q1,2021,Q1,2021-04-29,2021-03-31,37860000.0,144524000.0,21140000.0,0.78,128370000.0,0.8882261769671473,3952579000.0,1620998000.0,344272000.0,117071000.0,2331581000.0,47918000.0,-995111000.0,1325390720.0,3355438720.0,33.65789746890638,2.9407111923533584,0.5602696366094138,1.3661398718567204,0.005435514293710275,33.65789746890638,0.023355981932118363,9.17073095126069,8.75191970417327,0.8176387139280863,0.7019281563655573,0.33711757585875873,0.02005069116524371,0.036564481064135596,2.3860819502694945,0.009578556178130785,22.874438576507544,0.8882261769671473,27.000000000000004,-0.19712414567295092,-0.1622774776070184,-0.3779889740747736,-0.014108304469037762,23.752403846153847,-0.24150550751677372,1.9648683135408045,-0.3165574042807794,-0.366182134438889,REIT—Office,Real Estate,OPI
2020Q4,2020,Q4,2021-02-19,2020-12-31,-1664000.0,146625000.0,27871000.0,-0.03,130207000.0,0.8880272804774083,3946436000.0,1609392000.0,233798000.0,123485000.0,2337044000.0,75177000.0,-1006396000.0,1094217920.0,3265731920.0,33.416914100620836,1.8933311738267806,0.5609007722410803,1.3754007724656268,0.008281322392944147,33.416914100620836,-0.0010339308260510801,7.462696811594203,-164.39572115384615,0.6798952150874367,-15.970552884615385,0.21839126328531333,0.024286752679027593,0.03715377621732621,1.1646029882171924,-0.0004216462651364421,16.20343432548497,0.8880272804774083,0.625,0.7376895806204533,-0.12356260833646321,-0.37970147277293426,0.0039632054158667005,0.5617592836449828,0.05264946935075726,0.9524497107787621,-0.29662012391382553,-0.38735364685405466,REIT—Office,Real Estate,OPI
2020Q3,2020,Q3,2020-10-30,2020-09-30,-3797000.0,145806000.0,26477000.0,-0.08,129693000.0,0.8894901444385005,3973045000.0,1636672000.0,178718000.0,123727000.0,2336373000.0,20716000.0,-978157000.0,997295040.0,3164906040.0,34.003822820576744,1.444454322823636,0.556914406959901,1.3519177941579008,0.006754714789398103,34.003822820576744,-0.002319951706878348,6.839876548290194,-65.66335528048458,0.6093432526492786,-6.9857782459836715,0.7778045954817532,0.026596943668746213,0.03669880406589908,1.1751517453748979,-0.0009556901570457923,18.163018867924528,0.8894901444385005,-3.666666666666667,-1.0828056982320557,-0.13397852203868973,-0.4044053160430593,-0.0009936682534547304,-3.9230177059276365,-0.035797523670793883,-1.1738745835240891,0.04549485336973682,-0.4021183674937158,REIT—Office,Real Estate,OPI
2020Q2,2020,Q2,2020-07-30,2020-06-30,1299000.0,145603000.0,27460000.0,0.03,129822000.0,0.8916162441707932,3977663000.0,1666430000.0,125106000.0,322449000.0,2311233000.0,0.0,-947835000.0,1249312820.0,3413611820.0,34.64079324824346,0.38798693746918117,0.5502688387628615,1.3134569108813452,0.006170806825444348,34.64079324824346,0.0007795106905180535,8.580268401063165,240.43741724403384,0.7496941485690968,20.408006158583525,0.0,0.021219665383726712,0.0366051623780094,0.37057022971074494,0.00032657366901117565,16.97689627525853,0.8916162441707932,-0.8695652173913043,1.0024891024908777,-0.14133199019524176,-0.4057744097301125,-0.024466854025458753,-0.8801660516605166,-0.08873697484568925,-0.9589025450102818,-0.2303186157141112,-0.32249322631228106,REIT—Office,Real Estate,OPI
2020Q1,2020,Q1,2020-05-01,2020-03-31,10840000.0,149885000.0,30134000.0,0.23,133078000.0,0.8878673649798179,4028705000.0,1690374000.0,120119000.0,114039000.0,2338331000.0,0.0,-922624000.0,1310588750.0,3840711750.0,35.146564091901446,1.053315093959084,0.6353853161251568,1.5143275985077858,0.007044569245879043,35.146564091901446,0.006412782023386541,8.743962037562131,30.225755304428045,0.7753247210380662,2.4456642066420664,0.0,0.020228313420209046,0.03720426290830428,1.053315093959084,0.0026906909292191907,34.85515677774527,0.8878673649798179,-0.8296296296296296,1.1186474439401615,-0.1263046512344391,-0.49975602201229075,-0.061707678206303324,-0.8333051407833428,-0.06922007722007723,-0.45986848769542354,-0.20084431251425075,-0.32741133433982816,REIT—Office,Real Estate,OPI
2019Q4,2019,Q4,2020-02-20,2019-12-31,65029000.0,160184000.0,32375000.0,1.35,141830000.0,0.8854192678419818,4193136000.0,1705754000.0,248177000.0,146882000.0,2487382000.0,0.0,-906953000.0,1545741160.0,3792497160.0,35.46708529130453,1.6896352173853841,0.5550320810009501,1.3643966246012027,0.007968608829847706,35.46708529130453,0.03812331672679648,9.649784997253159,5.942507035322702,0.9061923114352949,0.40769502837195715,0.0,0.017151642646301788,0.03820147975167035,1.207091406707425,0.01550844046079116,23.005181646351446,0.8854192678419818,17.875,0.6825854477603344,-0.09481209098976795,-0.5198839010135835,-0.045475041558144386,17.509012439705508,0.2565983542928117,0.9914534905233157,-0.10366933247318734,-0.3259480827299577,REIT—Office,Real Estate,OPI
2019Q3,2019,Q3,2019-11-01,2019-09-30,-3939000.0,167411000.0,25764000.0,-0.08,148587000.0,0.8875581652340647,4360249000.0,1666613000.0,254631000.0,142252000.0,2693636000.0,0.0,-945470000.0,1472956720.0,4190078720.0,34.668379339754125,1.7899994376177488,0.6298089856794876,1.6477274568241098,0.006071477961743712,34.668379339754125,-0.0023634761039305467,8.798446458118045,-93.48544808326986,0.8838024904401922,-6.717694846407718,0.0,0.01796454684697049,0.03839482561661043,0.6976070635210753,-0.0009033887743566939,36.506313076236744,0.8875581652340647,0.9407407407407407,-1.1064114902129365,-0.11025840600765466,-0.5672959509573743,-0.058890964942838145,0.9391885633124402,-0.32317553722482006,-1.12571287271524,-0.040599925541163207,-0.3522606007933584,REIT—Office,Real Estate,OPI
2019Q2,2019,Q2,2019-08-02,2019-06-30,-64774000.0,176032000.0,38066000.0,-1.35,157885000.0,0.8969107889474641,4804322000.0,1696486000.0,217755000.0,167601000.0,3107836000.0,0.0,-915070000.0,1292037610.0,4258684610.0,35.307415346833444,1.2992464245440063,0.621887750238223,1.7611397913098015,0.008079968035657541,35.307415346833444,-0.038181275884386905,7.33978827713143,-4.986713843517461,0.7615963880633261,-0.40834285361410444,0.0,0.020471540298273517,0.03664034175894122,0.5473774022828026,-0.0134824435164837,14.509451194861198,0.8969107889474641,-2.9014084507042255,-2.262973405326212,-0.1968503943727924,-0.5034966707702903,0.009591712760175208,-2.9040536170963285,0.24301201671891326,-2.4239734270650772,0.015650508962980925,-0.34492876933000366,REIT—Office,Real Estate,OPI
2019Q1,2019,Q1,2019-05-03,2019-03-31,34019000.0,174777000.0,30624000.0,0.71,156385000.0,0.894768762480189,4927198000.0,1787004000.0,111928000.0,120417000.0,3140194000.0,0.0,-823846000.0,1341025520.0,4401811520.0,37.205221627698776,0.9295033093333998,0.6252923060936459,1.7240806399985675,0.00617956669953164,37.205221627698776,0.019036890795991503,7.672780285735537,9.854974573032719,0.7504322989763874,0.7773597107498751,0.0,0.019719982659241263,0.03547188483190649,0.7302042070471777,0.006904329803673406,71.55188987301248,0.894768762480189,1.3073593073593073,-0.36207750106364406,-0.1677725774291498,-0.4814087178064965,0.7119321291735085,1.58963515035965,-0.24381450935848684,-0.276625495386715,0.015823759265408285,-0.31243304499934127,REIT—Office,Real Estate,OPI
2018Q4,2018,Q4,2019-03-01,2018-12-31,-57695000.0,103656000.0,40498000.0,-2.31,91350000.0,0.8812803889789304,5238583000.0,1778968000.0,360901000.0,184694000.0,3459615000.0,0.0,-831420000.0,687741960.0,4082282960.0,71.08195149238821,1.9540483177580215,0.6547362139723661,1.9280223140607364,0.007742475114736661,71.08195149238821,-0.03243172446047371,6.634849502199583,-2.980076089782477,0.3865960264602849,-0.7393881618857787,0.0,0.062027624430534965,0.019787030194997387,0.5815023769045015,-0.011013474445284154,27.786431255302816,0.8812803889789304,-126.42428173719378,-3.4786071266232725,-0.027621939512273576,-0.01741820558100702,-0.028501542061044348,-127.4966592427617,10.41157332093888,-16.50197663821064,0.19232327181804545,0.31945246920136694,REIT—Office,Real Estate,OPI
2018Q3,2018,Q3,2018-11-01,2018-09-30,-449000.0,106102000.0,-4303000.0,-0.018128412956364626,94030000.0,0.8862226913724529,3484425000.0,1239361000.0,926842000.0,98166000.0,2245064000.0,0.0,-731064000.0,1082846054.76775,3678341054.76775,50.039305144795144,9.44157855061834,0.7476524821168485,2.1020017573572187,-0.001117741763898884,50.039305144795144,-0.00036228346704471093,10.205708231397617,-602.9209659063197,0.8737131915299499,-94.96881959910912,0.0,0.039378635413826836,0.03045036125042152,0.661542692989426,-0.000128859137447355,40.60469681894968,0.8862226913724529,-1.0151070107969704,-1.1260597830755141,0.03836608333148237,-0.3162285617699679,-0.017655662348516506,-1.0151203906381545,-1.2020282642377575,-1.019028884062943,0.22468441217870402,-0.12353548333676194,REIT—Office,Real Estate,OPI
2018Q2,2018,Q2,2018-08-02,2018-06-30,29695000.0,108085000.0,21299000.0,1.2,95720000.0,0.8855992968497016,3507769000.0,1281650000.0,80217000.0,87857000.0,2226119000.0,0.0,-687974000.0,1569958399.5255,4129787399.5255003,51.75717559640993,0.9130405090089577,0.7350894542941682,2.011878437951079,0.0054488803670404515,51.75717559640993,0.02316935200717825,14.52521996137762,13.217363188461862,1.224950961280771,1.4481225795588484,0.0,0.027390534687413887,0.030813032443128382,0.9130405090089577,0.00846549473468749,26.961332638253477,0.8855992968497016,4.0,0.07797262995041579,0.041810581337625406,-0.3072518891823249,-0.00034463672156485956,3.5232292460015233,2.3807936507936507,1.110539458246601,0.23828542378871903,-0.11216126030721216,REIT—Office,Real Estate,OPI
2018Q1,2018,Q1,2018-05-03,2018-03-31,6565000.0,108717000.0,6300000.0,0.24,95753000.0,0.8807546197926727,3655624000.0,1314854000.0,100999000.0,83442000.0,2340770000.0,0.0,-675783000.0,1352900035.2397501,4150368035.23975,53.103421815207845,1.2104096258478942,0.7700047926154331,2.1408065077947818,0.0015365619137748159,53.103421815207845,0.004992949787580979,12.444236276201055,51.51942251484196,1.0289355588070994,6.536176694592537,0.0,0.03171705143196026,0.0297396559383569,0.9937321732460871,0.0017958630318654215,38.36164219354496,0.8807546197926727,1.3333333333333333,-0.8535072002969041,0.03997447610381316,-0.29511437545071184,0.016399881114130436,1.364904674559502,1.3675310033821872,1.1395753541370344,0.23096077685455157,-0.24417456841193855,REIT—Office,Real Estate,OPI
2017Q4,2017,Q4,2018-02-27,2017-12-31,-17991000.0,107170000.0,2661000.0,-0.72,94208000.0,0.8790519735000466,3703565000.0,1350539000.0,77998000.0,94299000.0,2353026000.0,0.0,-699592000.0,1836201699.04,4634724699.04,54.54519386106624,0.8271349643156343,0.7601033058688048,2.084421108905407,0.0006379389971898903,54.54519386106624,-0.013321347995133796,17.13354202705981,-25.515559155133122,1.3596065711838015,-2.3696848424212105,0.0,0.023218037551261016,0.028936983690039192,0.8271349643156343,-0.004857751922809509,46.69773655400422,0.8790519735000466,-2.6363636363636362,-1.7525188477567502,0.05093221775216433,-0.27475321973068184,0.5364091524373339,-2.637182637182637,-0.8412764688338801,-1.9042023161617505,0.17634063489186705,-0.26162453215591763,REIT—Office,Real Estate,OPI
2017Q3,2017,Q3,2017-10-31,2017-09-30,10989000.0,70179000.0,16765000.0,0.44,61317000.0,0.8737229085623904,3536967000.0,1377527000.0,599168000.0,67822000.0,2159440000.0,0.0,-638693000.0,1818493958.4415,3914572958.4414997,56.87383751535357,8.834419509893545,0.7486035351757594,1.9221300199560516,0.004069928262661285,56.87383751535357,0.007977339101157364,25.912223862430356,41.37077892532305,1.3201149294652663,3.764127764127764,0.0,0.022746294981067797,0.019841576130057194,8.834419509893545,0.003106899216192857,72.13383413095994,0.8737229085623904,-0.3125,-0.5454876545474675,-0.3690521140800647,-0.23098901550492476,-0.01015400510121719,-0.05891924295623876,-0.004335431761491863,-0.41078423819200627,-0.2597119878342723,-0.2901444992190278,REIT—Office,Real Estate,OPI
2017Q2,2017,Q2,2017-08-01,2017-06-30,11677000.0,69887000.0,16838000.0,0.64,61946000.0,0.886373717572653,2365109000.0,908679000.0,73158000.0,69921000.0,1456430000.0,0.0,-608319000.0,1301621244.456,2820800244.4560003,51.12981093855503,1.0462951044750504,0.6477866347808917,1.6860585531304233,0.0068195221963851735,51.12981093855503,0.012850522571777273,18.624654720563196,27.867201431360794,1.4324324040238632,2.6210499272073307,0.0,0.023513752660660883,0.029549166655743985,0.8670356545243918,0.004937193169532567,30.130121399444448,0.886373717572653,0.6,-0.3528213255283373,-0.07898274755867174,-0.31455472161509795,0.013530980546147679,0.5747808496291301,-0.06735349507034452,-0.3844365601948029,-0.13791661638141428,-0.2809974589047633,REIT—Office,Real Estate,OPI
2017Q1,2017,Q1,2017-04-27,2017-03-31,7415000.0,69296000.0,18054000.0,0.4,61119000.0,0.8819989609789887,2377050000.0,928570000.0,75805000.0,56486000.0,1448480000.0,0.0,-589389000.0,1487683487.7697499,3016844487.7697496,52.25565919610574,1.342013950359381,0.6486901832102816,1.6605845547454687,0.007251104695663036,52.25565919610574,0.007985396900610616,21.468533360796435,50.15790585872387,1.6021231439414907,4.12757923128793,0.0,0.020572924450403603,0.029152100292379208,1.1200474453846971,0.0031194127174438905,58.76455552890464,0.8819989609789887,-0.411764705882353,-0.6241296981860653,-0.09083913101199882,-0.3061521053343284,0.05129263635894525,-0.38541234977206795,0.05430974071478627,-0.6241644627238887,-0.10812042386862229,-0.27162564503579956,REIT—Office,Real Estate,OPI
2016Q4,2016,Q4,2017-02-22,2016-12-31,12065000.0,66030000.0,17124000.0,0.68,58137000.0,0.8804634257155838,2385066000.0,935004000.0,90940000.0,57584000.0,1450062000.0,0.0,-566198000.0,1355476512.2302501,2867387512.2302504,52.617735196049466,1.5792581272575716,0.6464609365107716,1.6490325175079465,0.006828962550907825,52.617735196049466,0.012903688112564224,20.528191916253977,28.086956324704722,1.4497012977808117,2.536842105263158,0.0,0.022580251095343878,0.027684768471815873,1.3614719366490693,0.005058560224329222,41.59945102597134,0.8804634257155838,0.06250000000000006,-0.39714372464930325,-0.16316194602348053,-0.3058600071875071,0.021973385835076555,0.04206253238901365,0.1278403477573602,-0.26999754876442006,-0.12761241051244906,-0.27265321812761295,REIT—Office,Real Estate,OPI
2016Q3,2016,Q3,2016-10-27,2016-09-30,11578000.0,64478000.0,15183000.0,0.64,56887000.0,0.8822699215236205,2265070000.0,950740000.0,75589000.0,56272000.0,1314330000.0,0.0,-547656000.0,1607241533.2905,2865293533.2904997,53.522109944549214,1.3432790730736424,0.5614841925415108,1.3376959000357616,0.006767470965924027,53.522109944549214,0.01217788249153291,24.926975608587423,34.704645303387885,1.690516369659949,2.642079806529625,0.0,0.019032609204276348,0.02846622841678182,1.1213214387261872,0.005111541806654982,81.78097660868569,0.8822699215236205,-0.3333333333333333,-0.36131965032674235,-0.10042915799594564,-0.32482777374615496,0.00693866713868484,-0.3113662047225361,-0.13235042002400138,3.532332622465495,-0.12017459778222048,-0.26863712459650413,REIT—Office,Real Estate,OPI
2016Q2,2016,Q2,2016-07-28,2016-06-30,16813000.0,64061000.0,17499000.0,0.96,56495000.0,0.8818938199528574,2251210000.0,957212000.0,71190000.0,60360000.0,1293998000.0,0.0,-528644000.0,1638136244.481,2862753244.481,53.89858948731665,1.1794234592445327,0.5427112530594658,1.2763703338445402,0.007950400921797206,53.89858948731665,0.01756455205325466,25.57150597837998,24.35817885685184,1.711362001814645,1.8191280556712068,0.0,0.018670608200656746,0.028456252415367735,0.9213552021206097,0.007468428089782828,40.141543396824225,0.8818938199528574,0.0,-0.12305123162078119,-0.12869542741863121,-0.2676375967698577,0.009596483076593158,-0.03301317075976304,0.037223638195720464,-0.1489839397627331,-0.1390356091038317,-0.278589961433948,REIT—Office,Real Estate,OPI
2016Q1,2016,Q1,2016-04-28,2016-03-31,17387000.0,63611000.0,16871000.0,0.96,55958000.0,0.8796906195469337,2259395000.0,960897000.0,77915000.0,53466000.0,1298498000.0,0.0,-514872000.0,1267903385.5155,2796013385.5155,54.11141614224775,1.4572812628586391,0.6832837994241822,1.6066321364308558,0.006689809799910091,54.11141614224775,0.018094551237021243,19.932140439790288,18.230623246038707,1.3194997856331117,1.7590153563006845,0.0,0.024121711756109287,0.02815399697706687,1.1655070512101149,0.007695422889755886,40.622305059448294,0.8796906195469337,8.288345446772123,-0.03317213542310464,-0.07180347197494599,-0.27049817482708316,0.024909337338364042,8.433518597691322,0.05867218875502008,-0.4590298641305695,-0.151553364711015,-0.28173443332136716,REIT—Office,Real Estate,OPI
2015Q4,2015,Q4,2016-02-18,2015-12-31,-2339000.0,61685000.0,15936000.0,-0.13171713758781378,54598000.0,0.8851098322120451,2174536000.0,956651000.0,69620000.0,53526000.0,1217885000.0,0.0,-501675000.0,1127261970.0,2387100970.0,53.87230927341583,1.300676306841535,0.5833998609358502,1.3261095216541874,0.007176253141656474,53.87230927341583,-0.0024449877750611247,18.274490881089406,-120.48546066695167,1.1783419136132194,-13.076528430953399,0.0,0.027133000858709,0.028366971160744176,1.0098643649815042,-0.0010756317669608597,42.8551539689781,0.8851098322120451,-1.1372053516539726,-1.2038937390859215,-0.04236478743189488,-0.2798088724002688,0.004433651599609986,-1.1383123410797706,0.012645358073330368,-1.1364127621765994,-0.1565802872759386,-0.2837000644688145,REIT—Office,Real Estate,OPI
2015Q3,2015,Q3,2015-10-29,2015-09-30,16911000.0,62092000.0,15737000.0,0.96,54357000.0,0.8754267860593957,2227038000.0,1013444000.0,67771000.0,50670000.0,1213594000.0,0.0,-459618000.0,1136064000.0,2388169000.0,57.09222015661089,1.3374975330570358,0.567305542159586,1.246651023638208,0.006884451246679749,57.09222015661089,0.016686664482694652,18.296463312504027,16.794748979953876,1.1209933651982744,1.807462598308793,0.0,0.026905174356374288,0.0278809791301271,1.0307677126504835,0.007593494138851694,43.364531643636916,0.8754267860593957,1.0885608856088562,0.2988443714296075,0.03441681239320465,-0.3236242570127414,-0.0015062730762872205,1.0884637717549945,-0.07717117222776051,-0.04561948682992126,-0.23829514133218954,-0.228036187679572,REIT—Office,Real Estate,OPI
2015Q2,2015,Q2,2015-07-31,2015-06-30,-191163000.0,62113000.0,17053000.0,-10.84,54439000.0,0.8764509844959992,2237575000.0,1027243000.0,62822000.0,53932000.0,1210332000.0,0.0,-445963000.0,1307496697.13625,2501548697.13625,58.29569411931617,1.164837202403026,0.5367878171681396,1.1692491455283707,0.007605209255095105,58.29569411931617,-0.18609326128287076,21.050290553285947,-1.7099238570437925,1.2728212284106584,-0.15827330602679388,0.0,0.023140402623018724,0.027759069528395696,0.8753986501520433,-0.08543311397383328,37.781278271339616,0.8764509844959992,-4.765957446808511,-11.96098748265492,0.06198576729826924,-0.17670421145327675,-0.014660898839798006,-4.728588552592148,-0.011018964217363567,-11.685536871976753,-0.17443083273660911,-0.21848902722766403,REIT—Office,Real Estate,OPI
2015Q1,2015,Q1,2015-04-30,2015-03-31,-33370000.0,62659000.0,17243000.0,-1.88,55249000.0,0.8817408512743581,2414927000.0,1234202000.0,59587000.0,26517000.0,1180725000.0,0.0,-224544000.0,1605578135.133,2790145135.133,70.25884496057837,2.2471244861786777,0.4944679487206031,0.9675109909074852,0.007030320994079317,70.25884496057837,-0.027037713437508607,25.62406254700841,-12.028604548494156,1.3009038513411906,-0.906562780940965,0.0,0.01884181114455326,0.025946539998931643,1.7787079986423804,-0.013818223076722402,56.83864822759133,0.8817408512743581,-3.3499999999999996,-3.016095701858305,0.11048447803414764,-0.08476350730544185,-0.034800230603937735,-3.364319115771574,-0.06708867608072283,-2.7111147767458745,-0.1684045470565899,-0.06710675154640355,REIT—Office,Real Estate,OPI
2014Q4,2014,Q4,2015-02-20,2014-12-31,14114000.0,64625000.0,18483000.0,0.8,57241000.0,0.8857408123791103,2427615000.0,1297449000.0,95992000.0,29125000.0,1130166000.0,0.0,-160922000.0,1616544557.5635002,2703794557.5635004,73.87189341532155,3.295862660944206,0.44698891710588373,0.836346553891521,0.007718257575428225,73.87189341532155,0.0108782695890166,25.014229130576403,28.63370691447322,1.2459407325941134,2.1430494544423975,0.0,0.018710897796463528,0.026620778006397224,1.7177682403433476,0.005813936723903914,41.78845407826233,0.8857408123791103,0.05263157894736847,0.07963114561541047,0.29538985245851673,0.5256995796699419,0.001925399520400483,0.1182063064490572,0.12509130752373995,-0.2864788915005304,-0.17135038585216697,-0.02547239303818521,REIT—Office,Real Estate,OPI
2014Q3,2014,Q3,2014-10-30,2014-09-30,12622000.0,64158000.0,16428000.0,0.76,57131000.0,0.8904735185012002,2429718000.0,1313332000.0,88417000.0,28954000.0,1116386000.0,0.0,-144789000.0,1436594863.608,2686798863.608,80.12030258662762,3.053705878289701,0.5165751745675836,0.9556852341982073,0.006348134060037216,80.12030258662762,0.009610669655502188,22.391515689516506,28.45418443210268,1.093855067574688,1.8653145301853906,0.0,0.016388754127151323,0.026405533481663305,1.4507494646680943,0.0051948415412817455,46.102335085780304,0.8904735185012002,-0.29629629629629634,-0.3322328448169405,0.06805165147268007,0.1742572464533458,0.03382070862437118,-0.13595290251916758,-0.1523219814241486,-0.245473009131506,-0.030001138951908677,0.010703859051696431,REIT—Office,Real Estate,OPI
2014Q2,2014,Q2,2014-08-06,2014-06-30,14608000.0,62428000.0,19380000.0,1.08,55262000.0,0.8852117639520728,1751605000.0,973223000.0,63261000.0,25171000.0,778382000.0,0.0,-133867000.0,1389924742.6285,2315848742.6285,71.11214219169574,2.5132493742799253,0.531489119978534,0.9565731594917095,0.010012022755764767,71.11214219169574,0.015009920645114224,22.26444452214551,23.787047210920385,1.4281667640700024,1.611103504928806,0.0,0.016932571439438323,0.035640455467985076,1.5768543164753088,0.008339779801953067,46.61830429745095,0.8852117639520728,-0.03571428571428574,-0.43693439354581115,-0.27222333881111693,-0.38776041294013114,0.04252188348928464,-0.03831468071099407,0.1242603550295858,-0.011260460589891717,0.10183822092891205,-0.033743557118331276,REIT—Office,Real Estate,OPI
2014Q1,2014,Q1,2014-04-30,2014-03-31,15190000.0,59820000.0,17238000.0,1.12,53008000.0,0.8861250417920428,1629480000.0,981532000.0,58068000.0,24636000.0,647948000.0,0.0,-124940000.0,1379070041.04375,2131706041.04375,71.74285975331202,2.3570384802727715,0.4637154184156909,0.7698322622186541,0.009803367111728504,71.74285975331202,0.015475807207508263,23.05366166906971,22.697005283801023,1.4050179118396038,1.5490454246214616,0.0,0.017062222584569603,0.036711098018999924,1.4003084916382529,0.00932199229201954,44.39304815849831,0.8861250417920428,0.21739130434782614,-0.6755382775119616,-0.4347591915412309,-0.5664691732750541,0.026868909939753202,0.19380697893744106,0.020845670970034348,0.09633792310311237,0.13296445282087482,-0.03280026906736772,REIT—Office,Real Estate,OPI
2013Q4,2013,Q4,2014-02-19,2013-12-31,12724000.0,58271000.0,16886000.0,0.92,51621000.0,0.8858780525475795,1632452000.0,989675000.0,67010000.0,25966000.0,642777000.0,0.0,-116600000.0,1359841727.361,2106905727.361,72.34201966302402,2.580682430871139,0.46232722309752444,0.7626008538156466,0.00951042685659879,72.34201966302402,0.01285674590143229,23.33650919601517,26.718047142427697,1.3740285723707277,1.8493398302420623,0.0,0.01730421969449771,0.035695383386464045,1.5794885619656474,0.007794409881576916,52.20121794092131,0.8858780525475795,4.75,-0.7167852399376,-0.4557577510389346,-0.5647612330500148,0.029414110796474296,5.472024415055952,0.049667433331261265,0.43973743149073086,0.17424569337224854,-0.03289683667477698,REIT—Office,Real Estate,OPI
2013Q3,2013,Q3,2013-10-29,2013-09-30,1966000.0,56401000.0,16087000.0,0.16,50146000.0,0.8890977110334923,1553079000.0,1000462000.0,60277000.0,25322000.0,552617000.0,0.0,-105793000.0,1308588133.671,1885234133.671,73.18133274815303,2.3804201879788325,0.37302867400821205,0.579075467134184,0.010105057564646462,73.18133274815303,0.001965092127437124,23.201505889452314,166.40235677403356,1.3079838451345478,11.958290946083418,0.0,0.017965927853897834,0.03631560274783189,1.345470341995103,0.0012658725023002694,54.8628263320057,0.8890977110334923,-0.8571428571428571,-0.9505019300697183,-0.44340948691123616,0.0,-0.009226878469958311,-0.8706919231781111,-0.16335552319534014,-0.8039377955701021,0.22002650719199512,-0.13301535350086993,REIT—Office,Real Estate,OPI
2013Q2,2013,Q2,2013-08-01,2013-06-30,15204000.0,57261000.0,19228000.0,1.12,50613000.0,0.8839000366741762,1527204000.0,1021119000.0,33931000.0,21776000.0,506085000.0,0.0,-84249000.0,1384219066.33275,1873039066.33275,74.71283542775613,1.5581833210874356,0.32211741195020444,0.48176461313519775,0.012528372897380416,74.71283542775613,0.01488954764332071,24.173854217229007,22.76077128276687,1.3555903536539327,1.5459747434885556,0.0,0.016980693715101358,0.03749400865896108,1.5581833210874356,0.009955447995159782,47.991508037747465,0.8839000366741762,-0.3777777777777777,-0.6682020020815922,-0.44747346655435666,0.0,-0.010981924767953103,-0.3851007037126911,-0.06800445930880714,0.12398180112994292,0.26226544390448303,0.055151048243108104,REIT—Office,Real Estate,OPI
2013Q1,2013,Q1,2013-05-02,2013-03-31,24726000.0,57678000.0,20631000.0,1.8,51175000.0,0.8872533721696314,1539970000.0,1029187000.0,34597000.0,22561000.0,510783000.0,0.0,-75948000.0,1409294604.645,1903234604.645,75.33622472321346,1.5334869908248747,0.32307512484009426,0.4834165219731691,0.01331953191258259,75.33622472321346,0.024024788498105788,24.43383273769895,14.249116361775055,1.3693280275061774,0.9502952357841947,0.0,0.016672880122122424,0.03745397637616317,1.5334869908248747,0.016056156938122172,47.53742847753491,0.8872533721696314,0.8641687514214238,-0.442173466455561,-0.43708731992906424,0.0,-0.18649752809703213,0.8744598589947692,0.11899983728372295,0.9208948981202284,0.314419600841609,-0.018622322538742925,REIT—Office,Real Estate,OPI
2012Q4,2012,Q4,2013-02-21,2012-12-31,13191000.0,56265000.0,18437000.0,0.9655778204776283,62907000.0,1.1180485203945614,1562134000.0,1027451000.0,34354000.0,22927000.0,534683000.0,0.0,-77177000.0,1309840609.0162501,1846712609.0162501,75.20914996797511,1.4984079905787935,0.34704257125189003,0.5276426807701778,0.011569950409198441,75.20914996797511,0.012838568457279228,23.27984731211677,24.824513096358313,1.2748448432248838,1.7812902736714427,0.0,0.017938823883042774,0.03601803686495525,1.4984079905787935,0.00844421797361814,6.258256691493708,1.1180485203945614,-0.0344221795223717,-0.7059768847547925,-0.47375299632311163,-0.5475114207773603,0.4556751128080528,0.1220653283429738,0.08727958955003834,0.29724987669860237,0.4499695562981472,0.5533183622131715,REIT—Office,Real Estate,OPI
2012Q3,2012,Q3,2012-11-01,2012-09-30,11756000.0,54083000.0,16957000.0,1.0,43215000.0,0.7990496089344156,1524787000.0,870993000.0,32164000.0,43085000.0,653794000.0,0.0,-66871000.0,1113633096.4459999,1735211096.4459999,73.95711980979875,0.7465243124057096,0.40052085963482115,0.7011640736492716,0.011308006587795827,73.95711980979875,0.013497238209721547,20.59118570430634,23.682228148307246,1.278578698618703,1.6827152092548485,0.0,0.01776348068599201,0.03546921635612056,0.6957177672043635,0.007709929321275693,-9.437808558234531,0.7990496089344156,0.0,-0.6564183689425482,-0.38045140309123254,0.0,0.06825035843179908,-0.016563493391333443,0.043058374853909086,-0.1343272916826976,0.2531396833293538,0.083928555681331,REIT—Office,Real Estate,OPI
2012Q2,2012,Q2,2012-08-03,2012-06-30,11954000.0,50273000.0,16257000.0,1.0,40454000.0,0.8046864121894456,1382824000.0,878302000.0,32450000.0,33251000.0,504522000.0,0.0,-58845000.0,1065356795.3234999,1545954795.3235,74.59357085226549,0.9759104989323629,0.34080331264137737,0.5365705645666297,0.011907264946776642,74.59357085226549,0.013610352703284291,21.191430694875976,22.280341210546677,1.2129732089002416,1.6545089509787518,0.0,0.01856467249922063,0.03635531347445517,0.8565155935159845,0.008644628672918608,-72.65117262162438,0.8046864121894456,-0.10714285714285723,-0.6971916712670037,-0.4369231439712454,0.0,-0.015406332903351425,-0.08461597365801363,-0.05057524966419436,-0.4644406325225474,-0.3187921671029533,-0.3577870725254963,REIT—Office,Real Estate,OPI
2012Q1,2012,Q1,2012-05-02,2012-03-31,13059000.0,50455000.0,17123000.0,1.12,41087000.0,0.8143296006342285,1363247000.0,885905000.0,37948000.0,32516000.0,477342000.0,0.0,-51021000.0,1134423743.526,1580456743.526,75.31284536257758,1.1670562184770574,0.32629890254664046,0.5021147865741812,0.01272295935769411,75.31284536257758,0.014740858218431999,22.48387163860866,21.717278189869056,1.2805252747484213,1.5132858564974347,0.0,0.01742029829045717,0.037010901179316734,1.0993664657399433,0.009579335219516346,47.924622682860885,0.8143296006342285,-0.005543478260869501,-0.6578413159339401,-0.42811673054119354,0.0,-0.04315323707498835,-0.014266304347826086,-0.00759244233221282,-0.6755682872301257,-0.44550326586150335,-0.5448963112801067,REIT—Office,Real Estate,OPI
2011Q4,2011,Q4,2012-02-23,2011-12-31,13248000.0,52232000.0,17254000.0,1.1262433052792655,42940000.0,0.8221013937815899,1368575000.0,891668000.0,34008000.0,476907000.0,476907000.0,0.0,-44318000.0,1061022564.711,1509895564.711,75.80277140185326,0.07130950059445552,0.3221474891766984,0.4944474849383403,0.012734806459463436,75.80277140185326,0.014857547876563923,20.31364996000536,20.022315910156248,1.1899300689393362,1.4916968599033817,0.0,0.018625428579252458,0.038165244871490416,0.06766937788709329,0.009680141753283526,-25.134376384872315,0.8221013937815899,0.08292625507621681,-0.6570534677583336,-0.432637914334439,-0.5439399548144288,0.17672850839933135,0.14572342817607886,0.10298536086428435,-0.6570534677583336,-0.432637914334439,-0.5439399548144288,REIT—Office,Real Estate,OPI
2011Q3,2011,Q3,2011-11-01,2011-09-30,11563000.0,45719000.0,15643000.0,1.04,36491000.0,0.7981583149237735,1266668000.0,898189000.0,29678000.0,28518000.0,368479000.0,0.0,-37804000.0,974876231.3305,1297260231.3305001,79.27178853536914,1.0406760642401292,0.2590323589133064,0.3652995082326771,0.012765121573254917,79.27178853536914,0.012873682487761485,21.323218603436207,21.077493542560322,1.0853798380190582,1.4714174522182824,0.0,0.01745247186586905,0.036093909374832235,0.975524230310681,0.009128674601395156,-12.10845875559544,0.7981583149237735,-0.03703703703703707,-0.6487417888950786,-0.455626561930389,0.0,0.08134297398210158,0.057720453713867546,0.04238022256280403,-0.6487417888950786,-0.455626561930389,0.0,REIT—Office,Real Estate,OPI
2011Q2,2011,Q2,2011-08-02,2011-06-30,10932000.0,41923000.0,15007000.0,1.08,33746000.0,0.8049519356916252,1162734000.0,745265000.0,23874000.0,20945000.0,417469000.0,0.0,-32353000.0,1094472140.253,1477289140.253,73.5955167135733,1.1398424444974935,0.33016837901016055,0.5151160996424091,0.013222641276406353,73.5955167135733,0.014668607810644536,26.106722807361116,25.029092120677827,1.4685677446988652,1.5559824368825466,0.0,0.015541738683332718,0.0360555380680362,1.0637861064693244,0.009401978440468757,-6.608572585970993,0.8049519356916252,0.08000000000000007,-0.6780137732503968,-0.45403055912738843,0.0,0.08466186680380561,0.06612053832650673,0.10232114000293815,-0.6780137732503968,-0.45403055912738843,0.0,REIT—Office,Real Estate,OPI
2011Q1,2011,Q1,2011-05-05,2011-03-31,10254000.0,39076000.0,13614000.0,1.0,31112000.0,0.7961920360323472,980761000.0,751049000.0,23692000.0,15126000.0,229712000.0,0.0,-26275000.0,1087856880.2505,1301536880.2505,74.17584750993802,1.5663096654766626,0.20511113308950907,0.26784537360411903,0.01403553062145685,74.17584750993802,0.013652904138078873,27.839514798098577,26.522744301016676,1.4484499416822338,1.6194655744099864,0.0,0.01526487564814238,0.03984253044319666,1.4459870421790295,0.010455146564759406,-50.0762695751473,0.7961920360323472,0.5479666717627274,-0.6878787768749626,-0.4854523207667085,0.0,0.29036539338890965,0.5676502063904602,-0.01025081788440567,-0.6878787768749626,-0.4854523207667085,0.0,REIT—Office,Real Estate,OPI
2010Q4,2010,Q4,2011-02-25,2010-12-31,6541000.0,36728000.0,13755000.0,0.6460087405249253,24111000.0,0.656474624264866,951288000.0,757397000.0,23185000.0,193891000.0,193891000.0,0.0,-19923000.0,1085021830.501,1260691830.501,74.80279499271623,0.11957749457169234,0.1728477600894787,0.21709618601605235,0.014503742048728077,74.80279499271623,0.008636157787791606,29.542088610896318,41.47002868449014,1.4325668447340034,0.0,0.0,0.0,0.038608707352557795,0.11159362734732402,0.0068759408296961595,-31.264135729750755,0.656474624264866,-0.10276563815982595,-0.8032872148297524,-0.5365175686545739,-0.5499562161977744,-0.12176731988052743,-0.019193282351177086,0.21542811699213574,-0.8032872148297524,-0.5365175686545739,-0.5499562161977744,REIT—Office,Real Estate,OPI
2010Q3,2010,Q3,2010-11-02,2010-09-30,6669000.0,30746000.0,11317000.0,0.72,27454000.0,0.8929291615169453,898581000.0,767468000.0,25121000.0,20934000.0,131113000.0,0.0,-9859000.0,971052327.2767501,1078917327.27675,84.40902966812395,1.200009553835865,0.1099066194366451,0.12868288971005956,0.012827385745003523,84.40902966812395,0.00868961311741988,31.583045836100634,36.401721670293526,1.2652675124914003,0.0,0.0,0.0,0.034216169716475196,1.1589280596159357,0.007421701549442955,-5.219196186466027,0.8929291615169453,-0.28,-0.747538950333593,-0.5437881801684712,0.0,0.2803245814484914,-0.13781512605042018,0.08234506503443,-0.747538950333593,-0.5437881801684712,0.0,REIT—Office,Real Estate,OPI
2010Q2,2010,Q2,2010-08-03,2010-06-30,7735000.0,25940000.0,10456000.0,1.0,21443000.0,0.8266383962991519,686278000.0,553380000.0,17219000.0,9179000.0,132898000.0,0.0,-3709000.0,797780735.6305,914701735.6305,70.8077156840792,1.8759124087591241,0.1718603831100516,0.21313383208645054,0.01552501390236263,70.8077156840792,0.013977736817376848,30.754847171569004,25.784768443131867,1.4416508287804042,0.0,0.0,0.0,0.03779809348398171,1.766968079311472,0.011270942679205804,-8.344113959109926,0.8266383962991519,0.041666666666666706,-0.7048012720625457,-0.5622738972109153,0.0,0.03155818540433925,0.12903225806451613,0.2508673286278263,-0.7048012720625457,-0.5622738972109153,0.0,REIT—Office,Real Estate,OPI
2010Q1,2010,Q1,2010-05-05,2010-03-31,6851000.0,23355000.0,8359000.0,0.96,20787000.0,0.8900449582530507,606549000.0,558164000.0,57150000.0,12259000.0,48385000.0,0.0,20392000.0,756474847.271,769976847.271,76.76578187319488,4.661881066971205,0.05955990365164232,0.06472291297898108,,76.76578187319488,0.012274170315534502,32.39027391440805,27.60454120825427,1.355291361089214,0.0,0.0,0.0,0.03850472097060584,3.2799575821845175,0.01129504788566134,-39.60808666794073,0.8900449582530507,0.28975609756097565,-0.7096007001266319,-0.5717405007422982,0.0,0.1323745710083347,0.26589061345158904,0.20516147635524798,-0.7096007001266319,-0.5717405007422982,0.0,REIT—Office,Real Estate,OPI
2009Q4,2009,Q4,2010-02-22,2009-12-31,5412000.0,20653000.0,6936000.0,0.7443267776096822,18357000.0,0.888829709969496,514813000.0,352050000.0,35773000.0,162763000.0,162763000.0,0.0,13541000.0,668350305.4580001,814813305.4580001,48.418374363911425,0.21978582355940846,0.28044163608922074,0.41009799744354497,,48.418374363911425,0.015372816361312314,32.3609308796785,30.87353591361789,1.8984527920977137,0.0,0.0,0.0,0.040117479550827194,0.09292652507019408,0.01051255504425879,-10.452772997466376,0.888829709969496,-0.3583389848192394,-0.7733488971350123,-0.6370634118550556,-0.7086955319462438,0.041531914893617024,-0.1249797898140663,-0.11789393361312477,-0.7733488971350123,-0.6370634118550556,-0.7086955319462438,REIT—Office,Real Estate,OPI
2009Q3,2009,Q3,2009-11-04,2009-09-30,6185000.0,19656000.0,7863000.0,1.16,17625000.0,0.8966727716727717,438867000.0,365972000.0,22859000.0,4970000.0,72895000.0,0.0,8129000.0,515134555.36375004,580765555.36375,68.23062223257982,4.599396378269618,0.14896312550271495,0.1786338845594745,0.018121812319513618,68.23062223257982,0.016900200015301715,26.207496711627496,20.82193028956144,1.40757914639303,0.0,0.0,0.0,0.044788056518261794,3.6317907444668007,0.014093107934750163,-33.759391530490205,0.8966727716727717,-0.3829787234042553,-0.603104466900306,-0.5056029226823744,0.0,0.019257460097154754,0.05384222184358494,-0.0395749358739465,-0.603104466900306,-0.5056029226823744,0.0,REIT—Office,Real Estate,OPI
2009Q2,2009,Q2,2009-06-30,2009-06-30,5869000.0,19405000.0,8187000.0,1.88,17292000.0,0.8911105385209998,412023000.0,359603000.0,17939000.0,49670000.0,52420000.0,0.0,1944000.0,254243529.288,256542529.288,116.15083979328165,0.3611636802899134,0.0,0.0,,116.15083979328165,0.016320775966830087,13.101959767482606,10.829933944794684,0.7070117025942497,43.52393934230704,0.0,1.0047138690819635,0.04709688536804984,0.16641836118381317,0.014244350436747464,34.83742522444505,0.8911105385209998,-0.45059922674763514,-0.43459428193879013,-0.17341400254589498,0.0,-0.10134081696289367,-0.31050281954887216,-0.03818139097744361,-0.43459428193879013,-0.17341400254589498,0.0,REIT—Office,Real Estate,OPI
2009Q1,2009,Q1,2009-03-31,2009-03-31,8512000.0,19242000.0,8512000.0,3.42191,19242000.0,1.0,417159000.0,411644000.0,19636000.0,5515000.0,5515000.0,0.0,0.0,190542495.025,191927495.025,165.48502512562814,3.5604714415231187,0.0,0.0,,165.48502512562814,0.020678061626065242,9.90242672409313,5.596290384897792,0.46288174982509156,1.2125234962406015,0.0,0.05416639473859015,0.046126297167267155,3.0233907524932,0.020404689818510447,15.979746312059712,1.0,0.04198814114334683,0.05464006938421511,0.03135552339604432,0.0,-0.24300719933907708,0.04198800342759212,0.040968570380335086,0.05464006938421511,0.03135552339604432,0.0,REIT—Office,Real Estate,OPI
2008Q4,2008,Q4,2008-12-31,2008-12-31,8169000.0,19468000.0,8177000.0,3.2840201005025125,25419000.0,1.3056811177316623,419774000.0,413453000.0,19262000.0,6321000.0,6321000.0,0.0,0.0,190542495.025,193730495.025,166.21226130653267,3.0473026419870273,0.0,0.0,,166.21226130653267,0.019757989420804783,9.787471492962812,5.831267444760681,0.4608564819338595,0.0,0.0,0.0,0.04637733637624055,2.323999367188736,0.0194604715870921,20.608100262275578,1.3056811177316623,0.13034439858319294,0.0,0.0,0.0,0.5473914896207464,0.13034454130344542,0.12848468120342257,0.0,0.0,0.0,REIT—Office,Real Estate,OPI
2008Q3,2008,Q3,2008-09-30,2008-09-30,7227000.0,18438000.0,7246000.0,2.905327,16427000.0,0.8909317713417941,,,,,,,,190542495.025,,,0.0,0.0,0.0,0.0,,0.0,10.33422795449615,6.591341325065725,0.0,1.325169503251695,0.0,0.050261753939683934,0.0,0.0,0.0,19.27007433505259,0.8909317713417941,-0.13345317475372553,0.0,0.0,0.0,-0.02683649289099526,-0.13345323741007195,-0.13470265106281348,0.0,0.0,0.0,REIT—Office,Real Estate,OPI
2008Q2,2008,Q2,2008-06-30,2008-06-30,8340000.0,18862000.0,8374000.0,3.352764,16880000.0,0.8949210051956314,,,,,,,,190542495.025,,,0.0,0.0,0.0,0.0,,0.0,10.101924240536528,5.711705486360911,0.0,1.532853717026379,0.0,0.06709264512529178,0.0,0.0,0.0,13.906181216245804,0.8949210051956314,0.034803703703703656,0.0,0.0,0.0,-0.09524575226456558,0.03332920332053029,0.03831370117792932,0.0,0.0,0.0,REIT—Office,Real Estate,OPI
2008Q1,2008,Q1,2008-03-31,2008-03-31,8071000.0,18657000.0,8065000.0,3.24,18657000.0,1.0,,,,,,,,190542495.025,,,0.0,0.0,0.0,0.0,,0.0,10.212922496918047,5.902072079822823,0.0,1.0556312724569445,0.0,0.04471443495521636,0.0,0.0,0.0,19.94374032080804,1.0,0.0,0.0,0.0,0.0,0.0,0.0,0.0,0.0,0.0,0.0,REIT—Office,Real Estate,OPI
