Quarters,Year,Quarter,FillingDate,Date,NetIncome,Revenue,OperatingIncome,EPSDiluted,GrossProfit,GrossProfitRatio,TotalAssets,CommonStockEquity,CurrentAssets,CurrentLiability,TotalLiability,Inventory,RetainedEarnings,MarketCap,EnterpriseValue,bookValuePerShare,currentRatio,debtToAssets,debtToEquity,roic,shareholdersEquityPerShare,roe,priceToSalesRatio,peRatio,pbRatio,payoutRatio,inventoryTurnover,dividendYield,assetTurnover,quickRatio,returnOnAssets,priceToFreeCashFlowsRatio,grossProfitMargin,epsdilutedGrowth,fiveYNetIncomeGrowthPerShare,fiveYRevenueGrowthPerShare,fiveYShareholdersEquityGrowthPerShare,grossProfitGrowth,netIncomeGrowth,operatingIncomeGrowth,threeYNetIncomeGrowthPerShare,threeYRevenueGrowthPerShare,threeYShareholdersEquityGrowthPerShare,Industry,Sector,Symbol
2023Q1,2023,Q1,2023-05-11,2023-03-31,11718000.0,0.0,11718000.0,0.46,0.0,0.0,1249739000.0,218038000.0,60254000.0,0.0,3519000.0,0.0,7047000.0,604889220.0,577540220.0,8.860091836320045,0.0,0.0,0.0,0.05374292554508847,8.860091836320045,0.05374292554508847,0.0,12.905129288274448,2.7742376099578974,0.0,0.0,0.0,0.0,0.0,0.009376357783505197,-5.191112732141018,0.0,2.586206896551724,10.155429185847957,-1.0,30.98191502912358,-1.0,2.7539290525370452,2.7539290525370452,10.155429185847957,-1.0,30.98191502912358,,Industrials,NEWTL
2022Q4,2022,Q4,2023-03-16,2022-12-31,-6681000.0,43063000.0,-6681000.0,-0.29,37954000.0,0.8813598681,998902000.0,375358000.0,72863000.0,387457000.0,623544000.0,0.0,-3292000.0,565316000.0,928141000.0,16.466681289756526,0.18805441636104137,0.416974838372533,1.1096526516019374,-0.008352837039037418,16.466681289756526,-0.01779900788047677,13.127650186935421,-21.15386918126029,1.5060715370393065,-2.2990570273911093,0.0,0.02717064438296457,0.04311033514799249,0.18805441636104137,-0.006688343801494041,8.672352959224373,0.8813598681002253,-33.22222222222222,-3.2381909547738696,6.095567638820234,8.389348875603472,1.5419596812001874,-33.59024390243903,-33.59024390243903,-3.2381909547738696,6.095567638820234,8.389348875603472,,Industrials,NEWTL
2022Q3,2022,Q3,2022-11-08,2022-09-30,205000.0,14931000.0,205000.0,0.009,14931000.0,1.0,33970000.0,7624000.0,0.0,0.0,26346000.0,0.0,17468000.0,565543950.0,565543950.0,0.33445931125246764,0.0,0.0,0.0,0.026888772298006295,0.33445931125246764,0.026888772298006295,37.87716495881053,689.687743902439,74.17942681007345,0.0,0.0,0.0,0.43953488372093025,0.0,0.006034736532234324,-4.432023682643178,1.0,1.0910010111223458,0.0,0.0,0.0,0.09988950276243094,1.0909494232475598,1.0909494232475598,0.0,0.0,0.0,,Industrials,NEWTL
2022Q2,2022,Q2,2022-08-08,2022-06-30,-2254000.0,13575000.0,-2254000.0,-0.0989,13575000.0,1.0,32165000.0,4858000.0,0.0,0.0,27307000.0,0.0,17263000.0,572838350.0,572838350.0,0.2131169116034218,0.0,0.0,0.0,-0.46397694524495675,0.2131169116034218,-0.46397694524495675,42.19803683241253,-63.53575310559006,117.91649855907781,0.0,0.0,0.0,0.42204259288046014,0.0,-0.07007616974972797,-8.786942416247392,1.0,-3.3161592505854802,0.0,0.0,0.0,1.0170876671619613,-3.316546762589928,-3.316546762589928,0.0,0.0,0.0,,Industrials,NEWTL
2022Q1,2022,Q1,2022-05-09,2022-03-31,973000.0,11839000.0,973000.0,0.0427,6730000.0,0.568460174,34616000.0,6315000.0,0.0,0.0,28301000.0,0.0,19517000.0,578537100.0,578537100.0,0.2770344373766177,0.0,0.0,0.0,0.15407759303246238,0.2770344373766177,0.15407759303246238,48.86705802854971,148.64776464542652,91.6131591448931,15.78622816032888,0.0,0.02654972343173843,0.34200947538710424,0.0,0.02810838918419228,89.3079808582896,0.5684601740011825,-0.8143478260869565,0.0,0.0,0.0,-0.37337057728119183,-0.8152297759210027,-0.768057210965435,0.0,0.0,0.0,,Industrials,NEWTL
2021Q4,2021,Q4,2022-03-01,2021-12-31,5266000.0,10740000.0,4195000.0,0.23,10740000.0,1.0,79751000.0,36155000.0,72441000.0,59056000.0,43596000.0,0.0,3184000.0,578993000.0,626596000.0,1.5860934415441983,1.2266492820373882,0.7405048212561598,1.6334116996266077,0.05704945776522646,1.5860934415441983,0.14565067072327478,53.90996275605214,27.48732434485378,16.01418890886461,0.0,0.0,0.0,0.1346691577535078,0.040588593876998105,0.06603051999347971,-4.350517710352705,1.0,0.0,0.7641541038525962,0.7696490360850223,-0.09560497285939419,0.0,0.0,0.0,0.7641541038525962,0.7696490360850223,-0.09560497285939419,,Industrials,NEWTL
2021Q2,2021,Q2,2021-08-13,2021-06-30,0.0,35816000.0,0.0,0.77,0.0,0.0,26707000.0,8187000.0,18798000.0,45000000.0,31033000.0,0.0,0.0,0.0,26202000.0,0.0,0.41773333333333335,1.6849515108398547,5.496518871381459,,0.0,0.0,0.0,0.0,0.0,0.0,0.0,,1.3410716291608942,0.41773333333333335,0.0,0.0,0.0,0.0,0.0,0.0,0.0,0.0,0.0,0.0,0.0,0.0,0.0,,Industrials,NEWTL
2020Q4,2020,Q4,2021-06-08,2020-12-31,2985000.0,6069000.0,3032000.0,0.13,0.0,0.0,9006000.0,39977000.0,2073000.0,86339000.0,47534000.0,0.0,0.0,575801700.0,660067700.0,1.7537617898661988,0.02401000706517333,9.586831001554518,2.1597168371813793,0.024003293327844455,1.7537617898661988,0.0746679340620857,94.87587740978745,48.22459798994975,14.403324411536634,,0.0,,0.6738840772818121,0.02401000706517333,0.33144570286475683,0.0,0.0,0.0,0.0,0.0,0.0,0.0,0.0,0.0,0.0,0.0,0.0,,Industrials,NEWTL
2021Q3,2021,Q3,2021-11-12,2021-09-30,,,,,,,40531000.0,10923000.0,0.0,114986000.0,29608000.0,0.0,0.0,0.0,-67927000.0,0.0,0.0,2.8369889714046037,10.526961457475053,,0.0,,0.0,0.0,0.0,0.0,0.0,,,1.5907414815716696,,0.0,0.0,0.0,0.0,0.0,0.0,0.0,0.0,0.0,0.0,0.0,0.0,,Industrials,NEWTL
