Quarters,Year,Quarter,FillingDate,Date,NetIncome,Revenue,OperatingIncome,EPSDiluted,GrossProfit,GrossProfitRatio,TotalAssets,CommonStockEquity,CurrentAssets,CurrentLiability,TotalLiability,Inventory,RetainedEarnings,MarketCap,EnterpriseValue,bookValuePerShare,currentRatio,debtToAssets,debtToEquity,roic,shareholdersEquityPerShare,roe,priceToSalesRatio,peRatio,pbRatio,payoutRatio,inventoryTurnover,dividendYield,assetTurnover,quickRatio,returnOnAssets,priceToFreeCashFlowsRatio,grossProfitMargin,epsdilutedGrowth,fiveYNetIncomeGrowthPerShare,fiveYRevenueGrowthPerShare,fiveYShareholdersEquityGrowthPerShare,grossProfitGrowth,netIncomeGrowth,operatingIncomeGrowth,threeYNetIncomeGrowthPerShare,threeYRevenueGrowthPerShare,threeYShareholdersEquityGrowthPerShare,Industry,Sector,Symbol
2023Q1,2023,Q1,2023-05-02,2023-03-31,4991000000.0,20729000000.0,10425000000.0,1.23,18827000000.0,0.9082444884,1886400000000.0,181168000000.0,321654000000.0,81007000000.0,1703180000000.0,0.0,191688000000.0,141505728000.0,233542728000.0,47.857142857142854,3.9706938906514253,0.13489874893977946,1.4046244369866643,0.01997599075485672,47.857142857142854,0.027549015278636405,6.82646186502002,7.088044880785414,0.7810746268656718,0.271889400921659,0.0,0.009589717809868446,0.010988655640373197,3.9706938906514253,0.00264578032230704,19.10690359168242,0.9082444883978966,0.8358208955223879,0.25416485931768323,0.21969876937544347,0.1408312329576819,-0.04237029501525941,0.7426675977653632,0.8892714751721639,7.287655064925651,0.2810977182932814,0.07512122505719197,Banks—Diversified,Financial Services,WFC
2022Q4,2022,Q4,2023-02-21,2022-12-31,2864000000.0,19660000000.0,5518000000.0,0.67,19660000000.0,1.0,1881016000000.0,179889000000.0,287659000000.0,51145000000.0,1699141000000.0,0.0,187649000000.0,156897871000.0,223755871000.0,47.3404563277981,5.624381659986313,0.12015580941363603,1.2564136773232382,0.014283889967807856,47.3404563277981,0.01592092901733847,7.9805631230925735,13.69569404678771,0.8721926910483687,0.5153631284916201,0.0,0.009407393424732959,0.01045179838980636,5.624381659986313,0.0015225814134489021,21.656020841959972,1.0,-0.21176470588235288,-0.4141501391942026,0.21001630738613192,0.1238256838361047,0.24769943517166973,-0.18820861678004536,0.20113191118850673,0.10106900334554572,0.09340591381969642,0.06169850947068814,Banks—Diversified,Financial Services,WFC
2022Q3,2022,Q3,2022-10-31,2022-09-30,3528000000.0,19505000000.0,4594000000.0,0.85,15757000000.0,0.8078441425,1877745000000.0,176189000000.0,168084000000.0,13799000000.0,1699336000000.0,0.0,186551000000.0,152695230000.0,192034230000.0,46.40827077571447,12.18088267265744,0.1090637972674671,1.1623540629664735,0.009604911892325454,46.40827077571447,0.020023951552026516,7.828517303255576,10.820240221088435,0.8666558638734542,0.3840702947845805,0.0,0.008873885582411449,0.010387459426066904,21.44409015146025,0.0018788493645303275,12.70765895472703,0.807844142527557,0.14864864864864863,0.0005700592032170234,0.1722639151564738,0.11521917146541097,0.05412095263580412,0.131131773004168,-0.0974459724950884,-0.12142003152235482,0.017371478416985595,0.04638521797764932,Banks—Diversified,Financial Services,WFC
2022Q2,2022,Q2,2022-08-01,2022-06-30,3119000000.0,17028000000.0,5090000000.0,0.74,14948000000.0,0.8778482499,1881142000000.0,177532000000.0,209261000000.0,13188000000.0,1701349000000.0,0.0,184475000000.0,148603146000.0,180829146000.0,46.79529759080605,15.867531088868668,0.09960226288073946,1.0553928305882883,0.011550562071037591,46.79529759080605,0.01756866367753419,8.726987667371388,11.911121032382175,0.8370499177613051,0.41167040718178904,0.0,0.008640463102981683,0.009051948231446642,22.406885047012434,0.0016580353848885412,19.58396758039009,0.8778482499412732,-0.24489795918367346,-0.29391554151809796,0.01890479321627128,0.13776667859651667,-0.1502955889040473,-0.1796422935297212,-0.04645934807043837,-0.40792272012172714,-0.07059179619699418,0.05076769250886019,Banks—Diversified,Financial Services,WFC
2022Q1,2022,Q1,2022-05-03,2022-03-31,3802000000.0,17592000000.0,5338000000.0,0.98,17592000000.0,1.0,1939709000000.0,179243000000.0,247668000000.0,13632000000.0,1758020000000.0,0.0,182623000000.0,185655106000.0,170698106000.0,46.78630158440135,18.1681338028169,0.09637424995192578,1.0429305467995962,0.012291776086608938,46.78630158440135,0.021211428061346887,10.553382560254661,12.207726591267754,1.0357732575330696,0.30983692793266704,0.0,0.006345098852277189,0.009069401647360507,28.227699530516432,0.001960087827607131,932.9402311557789,1.0,-0.39130434782608703,-0.08914128123607379,0.06481566815384054,0.16294724623142737,-0.1565017261219793,-0.4058446632286295,-0.35841346153846154,-0.22919316786105598,-0.032810427231398064,0.07640751577804779,Banks—Diversified,Financial Services,WFC
2021Q4,2021,Q4,2022-02-22,2021-12-31,6399000000.0,20856000000.0,8320000000.0,1.61,20856000000.0,1.0,1945564000000.0,187606000000.0,276036000000.0,13218000000.0,1757958000000.0,0.0,180322000000.0,188446248000.0,128123248000.0,47.76606579081373,20.8833408987744,0.08938641956779628,0.9269799473364392,0.018157641188727067,47.76606579081373,0.034108717205206654,9.03558918296893,7.362331926863572,1.0044787906570152,0.18080950148460698,0.0,0.006139681804649144,0.010719770719441767,20.8833408987744,0.0032890205616469053,39.12108117085323,1.0,0.37606837606837623,0.5525037304911736,0.29445596258519,0.20278553689135476,0.1073590315387066,0.2493166731745412,0.0,0.2535792215754228,0.18093066971672497,0.13611385136455198,Banks—Diversified,Financial Services,WFC
2021Q3,2021,Q3,2021-11-01,2021-09-30,5122000000.0,18834000000.0,0.0,1.17,18834000000.0,1.0,1954901000000.0,189028000000.0,0.0,0.0,1763830000000.0,0.0,175709000000.0,188252883000.0,97082883000.0,46.60108966299337,0.0,0.08978306318325072,0.9285238165774382,0.0,46.60108966299337,0.02709651480203991,9.99537448231921,9.188446065989847,0.9958994593393571,0.20421710269426005,0.0,0.005556355808904133,0.00963424746317077,0.0,0.002620081528425225,-39.137813513513514,1.0,-0.15217391304347824,0.12835541035614725,0.05540161758137933,0.15761341098932544,-0.07084361124814997,-0.1519867549668874,0.0,0.005641172332284726,0.012388613942277317,0.12175954104970928,Banks—Diversified,Financial Services,WFC
2021Q2,2021,Q2,2021-07-28,2021-06-30,6040000000.0,20270000000.0,0.0,1.38,20270000000.0,1.0,1945996000000.0,191262000000.0,0.0,0.0,1752869000000.0,0.0,171765000000.0,186803134000.0,104213134000.0,46.37104204044029,0.0,0.09844984265126958,1.0016783260658155,0.0,46.37104204044029,0.03157971787391118,9.215744153922053,7.731917798013244,0.9766871307421233,0.12665562913907286,0.0,0.0040952203724804745,0.010416259848427232,0.0,0.003103809052022717,-23.17081791118829,1.0,0.3142857142857141,0.33499270309911044,0.1484044709418481,0.16462580442988367,0.1221834689697171,0.2737241670181358,0.0,0.3739687111311045,0.10947733945258437,0.09963651071395183,Banks—Diversified,Financial Services,WFC
2021Q1,2021,Q1,2021-05-05,2021-03-31,4742000000.0,18063000000.0,0.0,1.05,18063000000.0,1.0,1959543000000.0,187218000000.0,0.0,0.0,1771195000000.0,0.0,166772000000.0,161800591000.0,70428591000.0,45.20754352498008,0.0,0.09969722532243487,1.043494749436486,0.0,45.20754352498008,0.025328761123396253,8.957570226429718,8.530187210037958,0.8642362967236056,0.1389708983551244,0.0,0.004072914665682525,0.009217965617493466,0.0,0.0024199519990120147,-46.62841239193084,1.0,0.640625,0.06406732344698338,0.026358278378182276,0.1618459547015706,-0.001161247511612475,0.5848930481283422,0.0,0.08924766689888403,-0.028456732505795685,0.0776693830750379,Banks—Diversified,Financial Services,WFC
2020Q4,2020,Q4,2021-02-23,2020-12-31,2992000000.0,18084000000.0,0.0,0.64,18084000000.0,1.0,1955163000000.0,184887000000.0,0.0,0.0,1769243000000.0,0.0,162890000000.0,124872768000.0,85847768000.0,44.68459976798144,0.0,0.11538014989031604,1.2201344605083104,0.0,44.68459976798144,0.01618285763736769,6.90515195753152,10.43388770053476,0.6754004770481429,0.2600267379679144,0.0,0.006230341590570012,0.009249356703251851,0.0,0.0015303071917788951,-5.48529620030749,1.0,0.2996612757799999,-0.3373844675884982,0.055023566937568685,0.18276499194153908,-0.04033113988537466,0.4702702702702703,0.0,-0.4379194322887603,0.022176453954449955,0.060777710790818465,Banks—Diversified,Financial Services,WFC
2020Q3,2020,Q3,2020-11-02,2020-09-30,2035000000.0,18844000000.0,0.0,0.492436,18844000000.0,1.0,1922220000000.0,181173000000.0,0.0,0.0,1740188000000.0,0.0,160913000000.0,97155471895.82,77265471895.82,43.8408372362942,0.0,0.11803019425455984,1.2522837288116884,0.0,43.8408372362942,0.011232358022442638,5.155777536394608,11.935561657963145,0.5362580069647244,0.32186732186732187,0.0,0.006741771587526822,0.009803248327454713,0.0,0.001058671744129184,-11.32876304755364,1.0,1.7461151515151514,-0.5645051163780986,0.11540465012096326,0.1640414372668197,0.05468181563776795,1.855401429171921,0.0,-0.469784880364536,0.04045021763711536,0.053522170978956146,Banks—Diversified,Financial Services,WFC
2020Q2,2020,Q2,2020-08-04,2020-06-30,-2379000000.0,17867000000.0,0.0,-0.66,17867000000.0,1.0,1968766000000.0,179386000000.0,0.0,0.0,1788644000000.0,0.0,159952000000.0,105100800000.0,84344800000.0,43.6940689319206,0.0,0.12279112906257016,1.3476358244233106,0.0,43.6940689319206,-0.013261904496448998,5.882397716460514,-11.044640605296344,0.585891875620171,-1.0075662042875158,0.0,0.02280667701863354,0.009075227833069039,0.0,-0.0012083711319679433,6.520305229852968,1.0,-67.0,-1.5220062629915998,0.07787597407076417,0.1875387677141653,0.01835280706754061,-4.643185298621746,0.0,-1.4976730178713706,-0.012061348296001495,0.06236434519022849,Banks—Diversified,Financial Services,WFC
2020Q1,2020,Q1,2020-05-05,2020-03-31,653000000.0,17545000000.0,0.0,0.01,17545000000.0,1.0,1981349000000.0,182718000000.0,0.0,0.0,1798019000000.0,0.0,165308000000.0,117807760000.0,217593760000.0,44.5132527772364,0.0,0.12647696089886235,1.371485020632888,0.0,44.5132527772364,0.0035738131984807187,6.71460587061841,45.102511485451764,0.6447518033253429,3.540581929555896,0.0,0.019625192771681593,0.008855078030170353,0.0,0.00032957343708756004,6.820341573554102,1.0,-0.9833333333333333,-0.8585584058789958,0.05495089772878816,0.21668991732690693,-0.11656596173212487,-0.7727114514444832,0.0,-0.853989672522373,-0.008839295679368557,0.10644703652638342,Banks—Diversified,Financial Services,WFC
2019Q4,2019,Q4,2020-02-27,2019-12-31,2873000000.0,19860000000.0,0.0,0.6,19860000000.0,1.0,1927555000000.0,187146000000.0,0.0,0.0,1739571000000.0,0.0,166697000000.0,225803980000.0,324853980000.0,44.58935931953015,0.0,0.12466570344296271,1.2840242377608926,0.0,44.58935931953015,0.01535165058296731,11.369787512588116,19.64879742429516,1.2065658897331495,0.8583362339018448,0.0,0.010920976680747612,0.010303207949967705,0.0,0.0014904892467400412,18.176284311357964,1.0,-0.3478260869565218,-0.37740909602777334,0.16606104089528193,0.2556278852167659,-0.09768287142208087,-0.37678958785249456,0.0,-0.3477199395682196,0.15348895624449818,0.12279367372761309,Banks—Diversified,Financial Services,WFC
2019Q3,2019,Q3,2019-11-01,2019-09-30,4610000000.0,22010000000.0,0.0,0.92,22010000000.0,1.0,1943950000000.0,193304000000.0,0.0,0.0,1749534000000.0,0.0,166320000000.0,219842740000.0,315271740000.0,44.351038201216014,0.0,0.12559993827001723,1.263088192691305,0.0,44.351038201216014,0.02384844597111286,9.988311676510676,11.92205748373102,1.1372901750610438,0.5331887201735358,0.0,0.011180719454279,0.01132230767252244,0.0,0.002371460171300702,-16.943563776493257,1.0,-0.2923076923076923,-0.03518033240612845,0.28726820249234825,0.2701272490600928,0.019736842105263157,-0.2571704801804705,0.0,-0.054850989297532536,0.1478582213350559,0.10172008818494424,Banks—Diversified,Financial Services,WFC
2019Q2,2019,Q2,2019-08-02,2019-06-30,6206000000.0,21584000000.0,0.0,1.3,21584000000.0,1.0,1923388000000.0,199042000000.0,0.0,0.0,1723351000000.0,0.0,164551000000.0,213145686000.0,302978686000.0,44.534389403499354,0.0,0.13219381632827074,1.2774188362255203,0.0,44.534389403499354,0.031179349082103274,9.875170774647888,8.586274814695456,1.0708578390490449,0.382533032549146,0.0,0.011137921881280769,0.011221864751157853,0.0,0.0032265980654969254,-318.60341704035875,1.0,0.08333333333333341,0.2775854113556847,0.23405915383511258,0.2972811811045954,-0.0011569253551760841,0.059044368600682594,0.0,0.2658619253038126,0.12851067355585447,0.11849759681078029,Banks—Diversified,Financial Services,WFC
2019Q1,2019,Q1,2019-05-03,2019-03-31,5860000000.0,21609000000.0,0.0,1.2,21609000000.0,1.0,1887792000000.0,197832000000.0,0.0,0.0,1689059000000.0,0.0,160776000000.0,222158715000.0,322230715000.0,43.465231242447544,0.0,0.13192131336503174,1.2588458894415464,0.0,43.465231242447544,0.02962109264426382,10.280842010273497,9.477760878839591,1.1229665322091473,0.3909556313993174,0.0,0.010312447116918191,0.011446705993033131,0.0,0.0031041555425597735,27.94097786441957,1.0,-0.008264462809917363,0.1498031493897945,0.2633236194082117,0.3022693419037024,0.02998093422306959,-0.033641160949868076,0.0,0.19643006621040235,0.1171871261014229,0.11706806323819714,Banks—Diversified,Financial Services,WFC
2018Q4,2018,Q4,2019-02-27,2018-12-31,6064000000.0,20980000000.0,0.0,1.21,20980000000.0,1.0,1895883000000.0,196166000000.0,0.0,0.0,1698817000000.0,0.0,158163000000.0,215000064000.0,284114064000.0,42.04337948476145,0.0,0.12785651857208488,1.2356932393992843,0.0,42.04337948476145,0.030912594435325184,10.247858150619638,8.863788918205804,1.0960108479553032,0.39132585751978893,0.0,0.011037206016831697,0.011066083719301244,0.0,0.003198509612671246,14.30092217640016,1.0,0.07079646017699122,0.2209715646962397,0.1842568631061052,0.30233112869566753,-0.0437992798869696,0.009488929582154153,0.0,0.19091728822668613,0.08541427970056702,0.11285404044551685,Banks—Diversified,Financial Services,WFC
2018Q3,2018,Q3,2018-11-06,2018-09-30,6007000000.0,21941000000.0,0.0,1.13,21941000000.0,1.0,1872981000000.0,198741000000.0,0.0,0.0,1673302000000.0,0.0,154576000000.0,249964000000.0,324797000000.0,41.54285117056856,0.0,0.1251246008368478,1.1792030834100664,0.0,41.54285117056856,0.030225268062453143,11.392552755115993,10.403029798568337,1.2577374572936637,0.39071083735641754,0.0,0.009389352066697604,0.011714480819613226,0.0,0.003207186832114154,37.54340642835687,1.0,0.15306122448979584,0.19200621754000133,0.2157584220211411,0.3159564490384453,0.018002134273651,0.1583108368684921,0.0,0.11045187287507705,0.12186148411670489,0.10302638437563302,Banks—Diversified,Financial Services,WFC
2018Q2,2018,Q2,2018-08-03,2018-06-30,5186000000.0,21553000000.0,0.0,0.98,21553000000.0,1.0,1879700000000.0,205188000000.0,0.0,0.0,1673631000000.0,0.0,150803000000.0,269759952000.0,340783952000.0,42.16942743228246,0.0,0.12473958610416556,1.1427227713121626,0.0,42.16942743228246,0.02527438251749615,12.516120818447549,13.00423987659082,1.3146965319609334,0.4452371770150405,0.0,0.008559461784008621,0.011466191413523435,0.0,0.0027589508964196412,-317.7384593639576,1.0,-0.1250000000000001,0.02442151811962295,0.10966243394187593,0.3772613251982734,-0.01737029269627063,0.009735202492211837,0.0,-0.039879845233153445,0.09707592699550582,0.14610131563097328,Banks—Diversified,Financial Services,WFC
2018Q1,2018,Q1,2018-05-04,2018-03-31,5136000000.0,21934000000.0,0.0,1.12,21934000000.0,1.0,1915388000000.0,204952000000.0,0.0,0.0,1709478000000.0,0.0,147928000000.0,256059536999.99997,297257537000.0,41.949362425036334,0.0,0.12717684354292708,1.1885368281353683,0.0,41.949362425036334,0.025059526132948203,11.674092140056532,12.463957213785045,1.2493634460751784,0.444898753894081,0.0,0.008923705895789386,0.011451465708253367,0.0,0.0026814410448431337,16.812838936309912,1.0,-0.034482758620689495,0.07318685146312438,0.12076478590951395,0.3662542368974914,0.04422756486550821,-0.18734177215189873,0.0,-0.06533887056456557,0.1080565316007028,0.14661057362527535,Banks—Diversified,Financial Services,WFC
2017Q4,2017,Q4,2018-03-01,2017-12-31,6320000000.0,21005000000.0,0.0,1.16,21005000000.0,1.0,1951757000000.0,206936000000.0,0.0,0.0,1743678000000.0,0.0,145263000000.0,298041375000.0,514266375000.0,42.12437659033079,0.0,0.1227570850264659,1.1578072447520007,0.0,42.12437659033079,0.030540843545830594,14.189068079028802,11.789611352848102,1.4402587031739282,0.3604430379746835,0.0,0.007643234097950326,0.010762097945594662,0.0,0.0032381080226688056,1231.575929752066,1.0,0.38095238095238093,0.33261618600558884,0.06173739590385081,0.4096535989873951,-0.03149206934710439,0.3751087902523934,0.0,0.17012154818270517,0.053686657119398705,0.18621443997794201,Banks—Diversified,Financial Services,WFC
2017Q3,2017,Q3,2017-11-03,2017-09-30,4596000000.0,21688000000.0,0.0,0.84,21688000000.0,1.0,1934939000000.0,205929000000.0,0.0,0.0,1728115000000.0,0.0,141761000000.0,272915290000.0,506589290000.0,41.61358768136443,0.0,0.13069145849042269,1.2279960568933952,0.0,41.61358768136443,0.022318371866031497,12.583700202877168,14.845261640557005,1.325288278969936,0.5023933855526544,0.0,0.008460500692357691,0.011208622080592721,0.0,0.0023752686777205895,28.661551144717496,1.0,-0.21495327102803746,-0.00520360855063008,0.10104569928746358,0.42266767316716064,-0.013329693826486511,-0.2089500860585198,0.0,-0.15281171433786359,0.11718013098953617,0.19173200423080972,Banks—Diversified,Financial Services,WFC
2017Q2,2017,Q2,2017-08-04,2017-06-30,5810000000.0,21981000000.0,0.0,1.07,21981000000.0,1.0,1930871000000.0,205230000000.0,0.0,0.0,1724726000000.0,0.0,139524000000.0,276490359000.0,511784359000.0,41.12908074310106,0.0,0.1323454544607071,1.2451493446377235,0.0,41.12908074310106,0.028309701310724553,12.578606933260543,11.897175516351117,1.3472219412366613,0.38812392426850256,0.0,0.008155799747071833,0.011383981633159335,0.0,0.0030090047444909576,-65.31782636428065,1.0,0.07000000000000006,0.33688870211032695,0.11072438640397689,0.47408603090135093,0.017686003981665817,0.06468755726589702,0.0,0.07130143721613501,0.12566425164426562,0.19808496666991227,Banks—Diversified,Financial Services,WFC
2017Q1,2017,Q1,2017-05-05,2017-03-31,5457000000.0,21599000000.0,0.0,1.0,21599000000.0,1.0,1951564000000.0,201500000000.0,0.0,0.0,1749075000000.0,0.0,136032000000.0,278778676000.0,534053676000.0,40.23080301880765,0.0,0.14089878681918708,1.3646302729528537,0.0,40.23080301880765,0.027081885856079405,12.907017732302421,12.771608759391606,1.3835170024813896,0.41542972329118566,0.0,0.008131898868764267,0.011067533526955817,0.0,0.0027962188275659932,21.13400621635964,1.0,0.041666666666666706,0.35487997367691415,0.07091918297669783,0.4604802222927601,0.0476814124951494,0.034698521046643914,0.0,-0.026988373820209292,0.14749760758345687,0.20536207616895089,Banks—Diversified,Financial Services,WFC
2016Q4,2016,Q4,2017-03-01,2016-12-31,5274000000.0,20616000000.0,0.0,0.96,20616000000.0,1.0,1930115000000.0,199581000000.0,0.0,0.0,1729618000000.0,0.0,133075000000.0,276960816000.0,529965816000.0,39.71287010506208,0.0,0.1418226375112364,1.3715433833881983,0.0,39.71287010506208,0.02642536113157064,13.43426542491269,13.128593856655291,1.3877113352473431,0.42775881683731515,0.0,0.008145556590214553,0.01068122883869614,0.0,0.0027324796709004384,59.154381888082014,1.0,-0.06796116504854374,0.34708396734068536,0.052685507212418325,0.4928749788355529,-0.07084910762574365,-0.06555634301913536,0.0,-0.01411857918473463,0.08039615938072651,0.23014152481285438,Banks—Diversified,Financial Services,WFC
2016Q3,2016,Q3,2016-11-03,2016-09-30,5644000000.0,22188000000.0,0.0,1.03,22188000000.0,1.0,1942124000000.0,203028000000.0,0.0,0.0,1738166000000.0,0.0,130288000000.0,223321752000.0,475069752000.0,40.25617638894396,0.0,0.13955597067952408,1.3349636503339442,0.0,40.25617638894396,0.027799121303465534,10.064978907517578,9.891998228206946,1.099955434718364,0.4037916371367824,0.0,0.010205006810084492,0.011424605226030882,0.0,0.00290609662410845,-91.48781319131504,1.0,0.01980198019801982,0.45591613744608017,0.20354199228358083,0.541515145315849,0.023290135128902826,0.015473191795609931,0.0,0.06236963906251782,0.16621005999522062,0.2751983419518139,Banks—Diversified,Financial Services,WFC
2016Q2,2016,Q2,2016-08-03,2016-06-30,5558000000.0,21683000000.0,0.0,1.01,21683000000.0,1.0,1889235000000.0,201745000000.0,0.0,0.0,1686574000000.0,0.0,127076000000.0,239816377000.0,478782377000.0,39.816258461781366,0.0,0.13728996128062418,1.2856477236114898,0.0,39.816258461781366,0.027549629482762895,11.060110547433473,10.786990689096797,1.1887103868745197,0.40644116588700974,0.0,0.009419706978560517,0.011477132278408986,0.0,0.0029419315225474862,-32.5660479359044,1.0,0.02020202020202022,0.46881568583977595,0.1505820156014489,0.5431606099530589,0.005238757533611497,0.01757597949469059,0.0,0.054330191946594227,0.07204852998404367,0.3004063899508783,Banks—Diversified,Financial Services,WFC
2016Q1,2016,Q1,2016-05-04,2016-03-31,5462000000.0,21570000000.0,0.0,0.99,21570000000.0,1.0,1849182000000.0,197496000000.0,0.0,0.0,1650678000000.0,0.0,123891000000.0,245460852000.0,469092852000.0,38.91010106980318,0.0,0.131255874218979,1.2289666626159517,0.0,38.91010106980318,0.02765625632924211,11.379733518776078,11.234934639326255,1.2428649289099525,0.41083852068839255,0.0,0.009141987334094319,0.0116646171117824,0.0,0.0029537384638180556,46.38338095238095,1.0,-0.03883495145631071,0.5111884755936384,0.12300290225923448,0.5389008962791696,0.019231677928460048,-0.020269058295964124,0.0,0.098583001605547,0.06090777960652354,0.2672681388120565,Banks—Diversified,Financial Services,WFC
2015Q4,2015,Q4,2016-02-24,2015-12-31,5575000000.0,21163000000.0,0.0,1.03,21163000000.0,1.0,1787632000000.0,192998000000.0,0.0,0.0,1593741000000.0,0.0,120866000000.0,277698060000.0,472703060000.0,37.77977880003915,0.0,0.119776329803897,1.10942082301371,0.0,37.77977880003915,0.02888630970269122,13.12186646505694,12.452827802690583,1.4388649623312157,0.4007174887892377,0.0,0.008044708702682332,0.011838566326850269,0.0,0.0031186508185129824,-55.21933982899185,1.0,-0.019047619047619063,0.6801955847505728,0.028232388107842166,0.5709296352190194,0.009926031973276067,-0.038129744651483784,0.0,0.13042575329495326,0.0286812545108313,0.26426562159847683,Banks—Diversified,Financial Services,WFC
2015Q3,2015,Q3,2015-11-04,2015-09-30,5796000000.0,20955000000.0,0.0,1.05,20955000000.0,1.0,1751265000000.0,193051000000.0,0.0,0.0,1557222000000.0,0.0,117593000000.0,263209830000.0,444505830000.0,37.662608763510086,0.0,0.11345570202111045,1.0292150778809745,0.0,37.662608763510086,0.030023154503214175,12.560717251252685,11.353081004140787,1.3634212202992992,0.38750862663906144,0.0,0.008533115955433731,0.011965636268640098,0.0,0.0033096076264871395,13.89923588741617,1.0,0.019417475728155355,0.7745566821782813,0.032747175881980006,0.5959811430046517,0.007403490216816499,0.01346389228886169,0.0,0.21116483233634353,0.027056178515855452,0.2875932828782038,Banks—Diversified,Financial Services,WFC
2015Q2,2015,Q2,2015-08-05,2015-06-30,5719000000.0,20801000000.0,0.0,1.03,20801000000.0,1.0,1720617000000.0,189558000000.0,0.0,0.0,1529941000000.0,0.0,114093000000.0,289742856000.0,461330856000.0,36.793804227566525,0.0,0.11116651759223581,1.0090579136728601,0.0,36.793804227566525,0.030170185378617626,13.929275323301765,12.665800664451828,1.52851821606052,0.3881797517048435,0.0,0.007661966305736974,0.012089267977707997,0.0,0.003323807680616895,-175.49537007874017,1.0,-0.009615384615384623,0.8923132415530997,-0.0014808499294328835,0.6034851211187005,-0.005117658312607614,-0.014645072363886975,0.0,0.27456983202535445,0.018046212287736525,0.31870763595105556,Banks—Diversified,Financial Services,WFC
2015Q1,2015,Q1,2015-05-06,2015-03-31,5804000000.0,20908000000.0,0.0,1.04,20908000000.0,1.0,1737737000000.0,188796000000.0,0.0,0.0,1547773000000.0,0.0,110676000000.0,280725760000.0,457521760000.0,36.58553600496086,0.0,0.113129317037043,1.041277357571135,0.0,36.58553600496086,0.030742176741032648,13.426715132963459,12.091909028256374,1.4869264179325832,0.3662991040661613,0.0,0.0075732273375980885,0.01203174013098645,0.0,0.0033399760723285513,111.62058051689861,1.0,0.01960784313725492,1.2920068984769917,-0.017540354255841703,0.6350120204589971,-0.00773575055763846,0.016640392362935717,0.0,0.3986442239911619,0.0061634280371430485,0.32814778099869585,Banks—Diversified,Financial Services,WFC
2014Q4,2014,Q4,2015-02-25,2014-12-31,5709000000.0,21071000000.0,0.0,1.02,21071000000.0,1.0,1687155000000.0,184394000000.0,0.0,0.0,1501893000000.0,0.0,107040000000.0,284652850000.0,461490850000.0,35.511603273952815,0.0,0.11641431877924673,1.0651593869648688,0.0,35.511603273952815,0.030960877251971324,13.509223577428694,12.465092397968121,1.5437207826718875,0.3645121737607287,0.0,0.007310659281999109,0.012489071839872449,0.0,0.0033838029108173226,99.3552705061082,1.0,0.0,0.8557408835292871,-0.13769758770672114,0.5136572314934821,0.027803521779425393,-0.003491010647582475,0.0,0.4113216335439136,0.04133580008459372,0.3349421445936056,Banks—Diversified,Financial Services,WFC
2014Q3,2014,Q3,2014-11-05,2014-09-30,5729000000.0,20501000000.0,0.0,1.02,20501000000.0,1.0,1636855000000.0,182481000000.0,0.0,0.0,1453865000000.0,0.0,103494000000.0,271067433000.0,452384433000.0,34.91857861803708,0.0,0.12178781871332525,1.0924370208405259,0.0,34.91857861803708,0.031395049347603315,13.222156626506024,11.828741185198114,1.48545565291729,0.37441089195322047,0.0,0.007913160117615456,0.012524628021419125,0.0,0.0035000045819574732,17.99677552781835,1.0,0.00990099009900991,0.5853731915992197,-0.1820302734574746,0.3373686970836093,-0.005626424795072028,0.0005239259517988125,0.0,0.42623304975179477,0.07319948390700076,0.3371244519732785,Banks—Diversified,Financial Services,WFC
2014Q2,2014,Q2,2014-08-06,2014-06-30,5726000000.0,20617000000.0,0.0,1.01,20617000000.0,1.0,1598874000000.0,180859000000.0,0.0,0.0,1417325000000.0,0.0,99926000000.0,276907104000.0,440620104000.0,34.32901829777541,0.0,0.11529864141889855,1.0192912711006916,0.0,34.32901829777541,0.031660022448426674,13.431008585148179,12.08990150192106,1.5310662118003528,0.3527768075445337,0.0,0.007294865212269888,0.012894699644875081,0.0,0.003581270318986987,-85.49154183389935,1.0,-0.038095238095238126,0.5360942033890616,-0.21912760367150938,0.34266614842358817,0.04242087167559915,-0.02833870694043781,0.0,0.45533741655722265,0.052173294426317185,0.3304913837229178,Banks—Diversified,Financial Services,WFC
2014Q1,2014,Q1,2014-05-07,2014-03-31,5893000000.0,19778000000.0,0.0,1.05,19778000000.0,1.0,1546707000000.0,175654000000.0,0.0,0.0,1370238000000.0,0.0,96368000000.0,261771672000.0,413269672000.0,33.37652960401307,0.0,0.11070551823971832,0.9748084302093889,0.0,33.37652960401307,0.03354890864995958,13.235497623622207,11.105195655862888,1.4902687783938882,0.3219073477006618,0.0,0.007246773440022952,0.012787166541562171,0.0,0.0038100299539602523,92.14068004223864,1.0,0.050000000000000044,0.5619079693478272,-0.24614857431727855,0.4134649966607022,-0.011643596022187796,0.050445632798573975,0.0,0.5724703214375643,-0.006901821746786333,0.3200472347825685,Banks—Diversified,Financial Services,WFC
2013Q4,2013,Q4,2014-02-26,2013-12-31,5610000000.0,20011000000.0,0.0,1.0,20011000000.0,1.0,1527015000000.0,170142000000.0,0.0,0.0,1356007000000.0,0.0,92361000000.0,239271620000.0,389970620000.0,32.28317173595431,0.0,0.11173302161406404,1.0027976631284456,0.0,32.28317173595431,0.032972458299538036,11.957004647443906,10.66272816399287,1.4063054389862584,0.31158645276292335,0.0,0.007305504932009906,0.013104651886196271,0.0,0.0036738342452431703,16.589587464466476,1.0,0.01010101010101011,2.394771581722929,0.3292435355879748,0.16720393228859082,0.001752102523027633,0.005736823234134099,0.0,0.638837485932293,-0.05758779900533071,0.34237395796565934,Banks—Diversified,Financial Services,WFC
2013Q3,2013,Q3,2013-11-06,2013-09-30,5578000000.0,19976000000.0,0.0,0.99,19976000000.0,1.0,1488055000000.0,167165000000.0,0.0,0.0,1319242000000.0,0.0,88625000000.0,218801796000.0,368055796000.0,31.56856079919929,0.0,0.11302136009757704,1.0060838094098645,0.0,31.56856079919929,0.03336822899530404,10.9532336804165,9.806462710648978,1.3088971734513803,0.33811401936177843,0.0,0.008619673304692618,0.013424234991314165,0.0,0.003748517359909412,10.368279202009193,1.0,0.01020408163265307,1.1340577479405354,0.20539491263839874,1.2295712041754057,-0.056623376623376624,0.010690342453342997,0.0,0.6531455643868966,-0.047015214152350236,0.33774131430141363,Banks—Diversified,Financial Services,WFC
2013Q2,2013,Q2,2013-08-07,2013-06-30,5519000000.0,21175000000.0,0.0,0.98,21175000000.0,1.0,1440563000000.0,162421000000.0,0.0,0.0,1276786000000.0,0.0,84923000000.0,219402392000.0,343335392000.0,30.618319603370598,0.0,0.09848371782421178,0.873483108711312,0.0,30.618319603370598,0.03397959623447707,10.361388051948053,9.938502989672042,1.3508252750567968,0.3163616597209639,0.0,0.007957980695123872,0.014699114165781018,0.0,0.003831141019170977,16.90571675142549,1.0,0.06521739130434775,0.9643523990301426,0.15296898052819982,1.1128453469943294,0.0013714177622245341,0.06729839489460453,0.0,0.773535649350895,-0.012806698073901172,0.33435563264964685,Banks—Diversified,Financial Services,WFC
2013Q1,2013,Q1,2013-05-08,2013-03-31,5171000000.0,21146000000.0,0.0,0.92,21146000000.0,1.0,1436634000000.0,162086000000.0,0.0,0.0,1273239000000.0,0.0,81264000000.0,194953470000.0,327190470000.0,30.70392119719644,0.0,0.10333460018348445,0.9158964993892131,0.0,30.70392119719644,0.03190281702306183,9.219401778114063,9.425327306130344,1.2027779697197782,0.3074840456391414,0.0,0.008155792251351053,0.014719128184353147,0.0,0.003599385786498162,21.33670460763927,1.0,0.010989010989010999,0.6182281707248773,0.2523305112899579,1.105455457165255,-0.0040973955635096315,0.015913555992141455,0.0,0.9961572893701461,-0.028680378624228023,0.37216194470500247,Banks—Diversified,Financial Services,WFC
2012Q4,2012,Q4,2013-02-27,2012-12-31,5090000000.0,21233000000.0,0.0,0.91,21233000000.0,1.0,1422968000000.0,157554000000.0,0.0,0.0,1264057000000.0,0.0,77679000000.0,180210632000.0,307931632000.0,29.882785828085883,0.0,0.10511901883949604,0.9493951280195996,0.0,29.882785828085883,0.03230638384299986,8.487290161540997,8.85120982318271,1.1438023280906864,0.24184675834970532,0.0,0.006830895526741174,0.01492162859600497,0.0,0.003577030544608171,21.57952724224644,1.0,0.03409090909090912,1.5484833285029664,0.4042254743337789,1.0719936154923746,0.008741507910114495,0.030990480048612518,0.0,0.629458217950929,-0.14423608913029234,0.27373282802554544,Banks—Diversified,Financial Services,WFC
2012Q3,2012,Q3,2012-11-06,2012-09-30,4937000000.0,21049000000.0,0.0,0.88,21049000000.0,1.0,1374715000000.0,154679000000.0,0.0,0.0,1218656000000.0,0.0,73994000000.0,183497070000.0,349269070000.0,29.250392390461602,0.0,0.13294246443808352,1.1815307831056576,0.0,29.250392390461602,0.031917713458194066,8.717614613520832,9.29193184119911,1.186308871921851,0.29390318006886773,0.0,0.007907483209404922,0.01531153730045864,0.0,0.003591289830983149,12.391752431118315,1.0,0.07317073170731714,0.3656896210644875,0.3491423603605439,1.0462652483804427,9.502541929966266e-05,0.06815231501514496,0.0,0.3501351712472614,-0.17004396199392316,0.12027925272449048,Banks—Diversified,Financial Services,WFC
2012Q2,2012,Q2,2012-08-07,2012-06-30,4622000000.0,21047000000.0,0.0,0.82,21047000000.0,1.0,1336204000000.0,148070000000.0,0.0,0.0,1186767000000.0,0.0,70456000000.0,177462736000.0,341658736000.0,27.901411370103073,0.0,0.13546359687592613,1.2224420882015263,0.0,27.901411370103073,0.031214965894509353,8.43173544923267,9.598806577239289,1.198505679746066,0.2864560796192125,0.0,0.007460721218678833,0.01575133737064101,0.0,0.0034590526596238297,9.111867734647772,1.0,0.09333333333333327,0.28069306907361813,0.34372204562185577,0.9767702539796076,-0.010577284693493795,0.08804143126177025,0.0,0.23093263125973415,-0.20862443248538043,0.09127153636974328,Banks—Diversified,Financial Services,WFC
2012Q1,2012,Q1,2012-05-08,2012-03-31,4248000000.0,21272000000.0,0.0,0.75,21272000000.0,1.0,1333799000000.0,145516000000.0,0.0,0.0,1186950000000.0,0.0,67239000000.0,180347964000.0,344063964000.0,27.546284026804983,0.0,0.13548968022917995,1.2418977981802688,0.0,27.546284026804983,0.029192666098573353,8.478185596088755,10.613698446327684,1.2393686192583633,0.3415725047080979,0.0,0.008045557974804749,0.01594843001081872,0.0,0.003184887677978466,11.339073498899717,1.0,0.02739726027397263,0.20980776157260111,0.4399421269532498,1.0157419502437113,0.03543613707165109,0.03433162892622352,0.0,0.12168948004593214,-0.19224277499647374,0.16655951717883732,Banks—Diversified,Financial Services,WFC
2011Q4,2011,Q4,2012-02-28,2011-12-31,4107000000.0,20544000000.0,0.0,0.73,20544000000.0,1.0,1313867000000.0,140241000000.0,0.0,0.0,1172180000000.0,0.0,64385000000.0,145293564000.0,269260564000.0,26.601604734535936,0.0,0.10914879512157623,1.0225754237348563,0.0,26.601604734535936,0.029285301730592336,7.072311331775701,8.84426369612856,1.0360277237041948,0.19113708302897492,0.0,0.005402854595816783,0.01563628586455098,0.0,0.003125887171228138,-6.022780799204112,1.0,0.013888888888888902,0.20588060865015986,0.5165292708177712,0.9576034873091229,0.06533914125700062,0.01282367447595561,0.0,2.0207822392959938,0.3642342379480652,-0.03821415363730227,Banks—Diversified,Financial Services,WFC
2011Q3,2011,Q3,2011-11-08,2011-09-30,4055000000.0,19284000000.0,0.0,0.72,19284000000.0,1.0,1304945000000.0,137768000000.0,0.0,0.0,1165701000000.0,0.0,61135000000.0,127245060000.0,292920060000.0,26.114681072884085,0.0,0.14099368172604976,1.3354988095929388,0.0,26.114681072884085,0.02943354044480576,6.598478531425015,7.844948212083847,0.9236184019511063,0.22762022194821208,0.0,0.007253719712183718,0.014777634306426708,0.0,0.003107410657154133,13.78901820546164,1.0,0.0285714285714286,0.18131384592283326,0.37962874239224,0.9628213880267897,-0.01922490082392432,0.027102330293819657,0.0,0.557203812161276,0.16800550574785156,0.8443837619548263,Banks—Diversified,Financial Services,WFC
2011Q2,2011,Q2,2011-08-05,2011-06-30,3948000000.0,19662000000.0,0.0,0.7,19662000000.0,1.0,1259734000000.0,136401000000.0,0.0,0.0,1121818000000.0,0.0,57942000000.0,148339190000.0,321033190000.0,25.80175919795706,0.0,0.1561861472342574,1.4424600992661345,0.0,25.80175919795706,0.02894406932500495,7.544460889024514,9.393312436676798,1.0875227454344176,0.19959473150962512,0.0,0.00531214981017491,0.015608056939004583,0.0,0.0031339949544903923,13.069532158590308,1.0,0.04477611940298495,0.20254305281972004,0.42347602525477857,1.0717037664125644,-0.015718862635162194,0.05027932960893855,0.0,0.41003126660925654,0.07427257156139193,0.7804741596488675,Banks—Diversified,Financial Services,WFC
2011Q1,2011,Q1,2011-05-06,2011-03-31,3759000000.0,19976000000.0,0.0,0.67,19976000000.0,1.0,1244666000000.0,133471000000.0,0.0,0.0,1109723000000.0,0.0,54855000000.0,167390748000.0,353752748000.0,25.28434492687732,0.0,0.16336912874618573,1.5234770099871882,0.0,25.28434492687732,0.028163421267541264,8.379592911493793,11.132664804469275,1.2541357148743921,0.23543495610534718,0.0,0.005287030559180009,0.016049285511133108,0.0,0.0030200873165973845,9.725800244029982,1.0,0.09836065573770501,0.1850819325321931,0.48554471516847153,1.0236634971145775,-0.05671247107711196,0.10105448154657294,0.0,0.1763972461338647,0.1830843708357891,0.7338196533673801,Banks—Diversified,Financial Services,WFC
2010Q4,2010,Q4,2011-02-25,2010-12-31,3414000000.0,21177000000.0,0.0,0.61,21177000000.0,1.0,1258128000000.0,126408000000.0,0.0,0.0,1130239000000.0,0.0,51918000000.0,162889638000.0,321282638000.0,24.049313192039875,0.0,0.13864805488789694,1.3799522182140371,0.0,24.049313192039875,0.027007784317448262,7.691818387873637,11.928063708260105,1.2886022878298842,0.11101347393087288,0.0,0.0023267287265995398,0.016832150623783907,0.0,0.002713555377513258,-40.439334160873884,1.0,0.016666666666666684,0.13022978242521588,0.5933639627216005,0.986404658734548,0.020922720917900015,0.022461814914645103,0.0,0.7146046642006054,0.40483847743010215,0.667515996585884,Banks—Diversified,Financial Services,WFC
2010Q3,2010,Q3,2010-11-05,2010-09-30,3339000000.0,20743000000.0,0.0,0.6,20743000000.0,1.0,1220784000000.0,123658000000.0,0.0,0.0,1095619000000.0,0.0,48953000000.0,131605111499.99998,329462111500.0,23.598404610599033,0.0,0.17518086737702984,1.7294311730741239,0.0,23.598404610599033,0.02700189231590354,6.34455534397146,9.853632187780773,1.0642668610199097,0.1539383048817011,0.0,0.0039056233769461154,0.01699153986290777,0.0,0.002735127590138796,22.13338572149344,1.0,0.09090909090909079,0.08843708896269492,0.5705559096858944,0.9985333951127626,-0.017198900786506207,0.09046374918354017,0.0,-0.06789382523996641,0.34170785383402463,0.6508699995298616,Banks—Diversified,Financial Services,WFC
2010Q2,2010,Q2,2010-08-09,2010-06-30,3062000000.0,21106000000.0,0.0,0.55,21106000000.0,1.0,1225862000000.0,119772000000.0,0.0,0.0,1104464000000.0,0.0,46126000000.0,133624320000.0,346312320000.0,22.946146330248865,0.0,0.18783435655889488,1.9224777076445245,0.0,22.946146330248865,0.025565240623851987,6.331105846678669,10.909888961463098,1.1156557459172427,0.12344872632266493,0.0,0.0028288263693315705,0.017217272417286773,0.0,0.0024978341770933435,16.759603662360465,1.0,0.2222222222222223,0.036696237482104356,0.7353493204707224,0.9719034147136314,-0.013968698902125671,0.2021986650961916,0.0,-0.13738766178823852,0.36999990317279585,0.6256976719716284,Banks—Diversified,Financial Services,WFC
2010Q1,2010,Q1,2010-05-07,2010-03-31,2547000000.0,21405000000.0,0.0,0.45,21405000000.0,1.0,1223630000000.0,116142000000.0,0.0,0.0,1105476000000.0,0.0,43636000000.0,161525248000.0,391436248000.0,22.376310110974106,0.0,0.2012144193914827,2.119922164247215,0.0,22.376310110974106,0.02193005114428889,7.546145666900257,15.854460934432666,1.3907565566289541,0.2006281900274833,0.0,0.0031635921091419713,0.017493033024688836,0.0,0.0020815115680393585,18.187732012160794,1.0,4.625,-0.10349581887250728,0.7287084030024181,0.9719206883148636,-0.04539981269232485,-0.09776833156216791,0.0,-0.2617427814080458,0.47468357902168984,0.637421110537522,Banks—Diversified,Financial Services,WFC
2009Q4,2009,Q4,2010-02-26,2009-12-31,2823000000.0,22423000000.0,0.0,0.08,22423000000.0,1.0,1243646000000.0,111786000000.0,0.0,0.0,1129287000000.0,0.0,41563000000.0,128601952000.0,318332952000.0,23.46079583613163,0.0,0.17433497956814079,1.9395183654482673,0.0,23.46079583613163,0.025253609575438783,5.735269678455158,11.388766560396741,1.1504298570482887,0.2819695359546582,0.0,0.006189641662670875,0.018030050351949028,0.0,0.0022699385516457256,38.240247398156406,1.0,-0.8571428571428571,0.12546023782246277,0.9535992787296197,1.1008521238355025,-0.0006239693363640416,-0.12735703245749613,0.0,-0.08290785337315473,0.8313948784844868,0.7264723764665705,Banks—Diversified,Financial Services,WFC
2009Q3,2009,Q3,2009-11-06,2009-09-30,3235000000.0,22437000000.0,0.0,0.56,22437000000.0,1.0,1228625000000.0,122150000000.0,0.0,0.0,1099701000000.0,0.0,41485000000.0,131834494000.0,359693494000.0,26.109911720069256,0.0,0.19948478990741683,2.0064838313548914,0.0,26.109911720069256,0.026483831354891525,5.875762980790658,10.188137094281299,1.079283618501842,0.2463678516228748,0.0,0.0060454587856194906,0.018261878115779836,0.0,0.002633024722759182,17.813064991217402,1.0,-0.01754385964912263,0.3362223149082444,1.2136973556399562,1.404418206326334,-0.001335291761249833,0.01986128625472888,0.0,0.06273327826680365,0.8101120448271758,0.9624629158062842,Banks—Diversified,Financial Services,WFC
2009Q2,2009,Q2,2009-08-07,2009-06-30,3172000000.0,22467000000.0,0.0,0.57,22467000000.0,1.0,1284176000000.0,114623000000.0,0.0,0.0,1162794000000.0,0.0,39165000000.0,108760006000.0,373027006000.0,25.567799067609467,0.0,0.22185354655436637,2.485530827146384,0.0,25.567799067609467,0.027673329087530427,4.840877998842747,8.571879413619168,0.9488497596468423,0.2030264817150063,0.0,0.005921294266938528,0.017495265446480855,0.0,0.002470066408342782,54.001989076464746,1.0,0.017857142857142672,0.3937089862207002,1.278451978220531,1.433113569312337,0.06106545763672429,0.041707717569786536,0.0,0.13932198684706623,0.918038678369599,1.0529183774197912,Banks—Diversified,Financial Services,WFC
2009Q1,2009,Q1,2009-05-11,2009-03-31,3045000000.0,21174000000.0,0.0,0.56,21174000000.0,1.0,1285891000000.0,100295000000.0,0.0,0.0,1178834000000.0,0.0,36949000000.0,60482976000.0,361030976000.0,23.613269294156424,0.0,0.2509808374115691,3.2178473503165663,0.0,23.613269294156424,0.030360436711700484,2.856473788608671,4.96576157635468,0.6030507602572411,0.6784893267651888,0.0,0.03415837210126697,0.01646640345099235,0.0,0.002368007863808052,3.8195753710135776,1.0,1.7088607594936709,0.37888370018914197,1.3705876471008305,1.2643207782608212,1.0691879214306654,2.113752743233358,0.0,0.19309601074437968,0.9570059829911555,0.8899169132645773,Banks—Diversified,Financial Services,WFC
2008Q4,2008,Q4,2009-02-27,2008-12-31,-2734000000.0,10233000000.0,0.0,-0.79,10233000000.0,1.0,1309639000000.0,99084000000.0,0.0,0.0,1210555000000.0,0.0,36543000000.0,105609152000.0,394875152000.0,27.65855292541313,0.0,0.2390193022657389,3.159228533365629,0.0,27.65855292541313,-0.02759274958620968,10.320448744258771,-9.657018288222385,1.0658547495054702,-0.41477688368690563,0.0,0.010737705762470283,0.007813603596105492,0.0,-0.0020875981854541594,-6.218887763514309,1.0,-2.612244897959184,-2.597123361172409,0.21974893128309828,1.7270984934958675,-0.014066865786684651,-2.670128283445327,0.0,-2.328004498677472,0.12966931859468075,1.2845175638147432,Banks—Diversified,Financial Services,WFC
2008Q3,2008,Q3,2008-10-30,2008-09-30,1637000000.0,10379000000.0,0.0,0.49,10379000000.0,1.0,622361000000.0,46957000000.0,0.0,0.0,575404000000.0,0.0,40853000000.0,124464492000.0,304140492000.0,14.159027861536606,0.0,0.30936546473831106,4.100283237855911,0.0,14.159027861536606,0.03486168196435036,11.9919541381636,19.008016493585828,2.6506057030900614,0.6890653634697618,0.0,0.009062825725428582,0.016676816188675062,0.0,0.0026303062049196527,-210.9567661016949,1.0,-0.07547169811320761,0.060702809735338856,0.46496298320783586,0.46716431047628776,-0.09424906187276377,-0.06617227609811752,0.0,-0.1568433668351682,0.24168093921827113,0.1991187747879978,Banks—Diversified,Financial Services,WFC
2008Q2,2008,Q2,2008-08-08,2008-06-30,1753000000.0,11459000000.0,0.0,0.53,11459000000.0,1.0,609074000000.0,47964000000.0,0.0,0.0,561110000000.0,0.0,40534000000.0,78607750000.0,255064750000.0,14.491510061030878,0.0,0.31205896163684543,3.9627011925610875,0.0,14.491510061030878,0.036548244516720875,6.859913605026617,11.210460638904735,1.6388906263030607,0.5852823730747291,0.0,0.013052148166052328,0.01881380587580491,0.0,0.0028781396020844756,5.986425253217576,1.0,-0.11666666666666659,0.1639560609377616,0.7176943208690661,0.5047822406983387,0.08482438701126574,-0.12306153076538269,0.0,-0.06400820156799147,0.4858380881035368,0.24534454554721782,Banks—Diversified,Financial Services,WFC
2008Q1,2008,Q1,2008-05-09,2008-03-31,1999000000.0,10563000000.0,0.0,0.6,10563000000.0,1.0,595221000000.0,48159000000.0,0.0,0.0,547062000000.0,0.0,39896000000.0,96099840000.0,239117840000.0,14.583030523255815,0.0,0.26403302302842135,3.263315268174173,0.0,14.583030523255815,0.041508336967129716,9.097779040045442,12.01848924462231,1.9954700056064287,0.512256128064032,0.0,0.010655584858413916,0.01774634967516267,0.0,0.003358416453720551,-246.40984615384616,1.0,0.5789473684210525,0.3643982782202757,0.6526093287201621,0.5937971352802738,0.11529933481152993,0.5979216626698641,0.0,0.10587826147336958,0.3408029081267412,0.28513501307939343,Banks—Diversified,Financial Services,WFC
2007Q4,2007,Q4,2008-02-29,2007-12-31,1251000000.0,9471000000.0,0.0,0.38,9471000000.0,1.0,575442000000.0,47628000000.0,0.0,0.0,527814000000.0,0.0,38970000000.0,99699456000.0,214762456000.0,14.422238372093023,0.0,0.22560049492390197,2.7257075669774085,0.0,14.422238372093023,0.026266061980347696,10.526814063984796,19.923952038369304,2.093295036533132,0.8281374900079936,0.0,0.010391230218949239,0.016458652653091016,0.0,0.002173981044136507,18.514290807799444,1.0,-0.44117647058823534,-0.13099848999809638,0.48770563060275696,0.597667423590119,-0.038769917791535574,-0.4520367936925099,0.0,-0.28039928180574547,0.19056361645274814,0.2914732443905621,Banks—Diversified,Financial Services,WFC
2007Q3,2007,Q3,2007-11-06,2007-09-30,2283000000.0,9853000000.0,0.0,0.68,9853000000.0,1.0,548727000000.0,47738000000.0,0.0,0.0,500989000000.0,0.0,38817000000.0,122396340000.0,247018340000.0,14.294526290573721,0.0,0.25025376917848036,2.876555364698982,0.0,14.294526290573721,0.047823536805060955,12.422240941845123,13.40301576872536,2.5639184716577987,0.4529128339903636,0.0,0.00844796502901966,0.01795610567732224,0.0,0.004160538847186306,-23.39826801758746,1.0,0.01492537313432837,0.6102821294304659,0.6614787808192122,0.6167254680041715,-0.0038418764533414214,0.0017551557700745941,0.0,0.3210034814183203,0.3618069824302872,0.3163590759078493,Banks—Diversified,Financial Services,WFC
2007Q2,2007,Q2,2007-08-06,2007-06-30,2279000000.0,9891000000.0,0.0,0.67,9891000000.0,1.0,539865000000.0,47301000000.0,0.0,0.0,492564000000.0,0.0,37665000000.0,117861704000.0,239356704000.0,14.11464550011936,0.0,0.24944754707195319,2.847043402887888,0.0,14.11464550011936,0.048180799560263,11.916055403902538,12.929103115401492,2.4917381027885246,0.4111452391399737,0.0,0.007949995360664394,0.018321246978411268,0.0,0.004221425726802071,36.23169505072241,1.0,0.015151515151515164,0.6382618460824627,0.677982883937541,0.6352280735194334,0.047664442326024785,0.015597147950089126,0.0,0.33955739360713866,0.3418781311164883,0.3431948288376737,Banks—Diversified,Financial Services,WFC
2007Q1,2007,Q1,2007-05-07,2007-03-31,2244000000.0,9441000000.0,0.0,0.66,9441000000.0,1.0,485901000000.0,46135000000.0,0.0,0.0,439766000000.0,0.0,36439000000.0,116235680000.0,206897680000.0,13.66558056872038,0.0,0.2130228174051916,2.2435894656984936,0.0,13.66558056872038,0.04863986127668798,12.311797479080607,12.949607843137255,2.519468516310827,0.42245989304812837,0.0,0.008155843369264927,0.019429883865231805,0.0,0.004618224700093229,20.496505025568684,1.0,0.03125000000000003,1.0525301525782764,0.5992100641672423,0.6431308439672966,0.08829971181556195,0.02888583218707015,0.0,0.2784505024984109,0.3298168472238708,0.31041820780015467,Banks—Diversified,Financial Services,WFC
