Quarters,Year,Quarter,FillingDate,Date,NetIncome,Revenue,OperatingIncome,EPSDiluted,GrossProfit,GrossProfitRatio,TotalAssets,CommonStockEquity,CurrentAssets,CurrentLiability,TotalLiability,Inventory,RetainedEarnings,MarketCap,EnterpriseValue,bookValuePerShare,currentRatio,debtToAssets,debtToEquity,roic,shareholdersEquityPerShare,roe,priceToSalesRatio,peRatio,pbRatio,payoutRatio,inventoryTurnover,dividendYield,assetTurnover,quickRatio,returnOnAssets,priceToFreeCashFlowsRatio,grossProfitMargin,epsdilutedGrowth,fiveYNetIncomeGrowthPerShare,fiveYRevenueGrowthPerShare,fiveYShareholdersEquityGrowthPerShare,grossProfitGrowth,netIncomeGrowth,operatingIncomeGrowth,threeYNetIncomeGrowthPerShare,threeYRevenueGrowthPerShare,threeYShareholdersEquityGrowthPerShare,Industry,Sector,Symbol
2023Q1,2023,Q1,2023-03-31,2023-03-31,90096000.0,1038412000.0,135104000.0,1.31,197249000.0,0.1899525429,6608043000.0,2014488000.0,1801356000.0,981856000.0,4266135000.0,429111000.0,1472172000.0,3200235361.29,5451243361.29,29.289760301322403,1.8346437766841575,0.45864017531362916,1.5044587011687336,0.019658711889341218,29.289760301322403,0.04472401920487985,3.0818551415911988,8.880070594948723,1.5886097913167019,0.13300257503107796,1.9602457173085752,0.003744412096980801,0.1571436505482788,1.3430340090603918,0.013634293844637511,89.86648398781276,0.18995254292130676,0.5595238095238096,-0.3500180376399112,0.31383476082526,0.5265788713891183,0.35764137437365784,0.5436119725187177,0.384829848298483,3.3835527932640654,0.5439846448226539,0.6417653478197501,Chemicals,Basic Materials,MEOH
2022Q4,2022,Q4,2022-12-31,2022-12-31,58367000.0,986117000.0,97560000.0,0.84,145288000.0,0.14733343,6631480000.0,2112013000.0,1876374000.0,942617000.0,4202023000.0,439771000.0,1466872000.0,2638085973.66,4802014973.66,30.31016160139194,1.9906006363135822,0.4556563542376664,1.430708996582881,0.01446672547999657,30.31016160139194,0.02763572004528381,2.6752261381357383,11.299561283173711,1.2490860490252664,0.2080799081672863,1.9119700935259487,0.004603716528294337,0.14870240127392376,1.4413828734257923,0.008801504339906023,41.05459201437953,0.14733343000881235,-0.5384615384615385,0.033328958337779234,0.37891054151136966,0.6951702984597554,-0.03559243279123797,-0.54406480439945,0.2491997234244155,6.108266371343641,-0.06855448325855018,0.7342806280708938,Chemicals,Basic Materials,MEOH
2022Q3,2022,Q3,2022-09-30,2022-09-30,128016000.0,1012031000.0,78098000.0,1.82,150650000.0,0.1488590765,6690780000.0,2147945000.0,2056203000.0,957811000.0,4210823000.0,417513000.0,1464234000.0,2238372240.2000003,4282441240.2000003,30.582494689928563,2.1467732151750187,0.44925449648620935,1.3994133928010262,0.01028580842733203,30.582494689928563,0.05959929141574854,2.2117625252586137,4.371274372344082,1.042099420702113,0.09586301712285965,2.0631237829720273,0.0054825554836685645,0.15125755143645433,1.589235245784398,0.019133195232842806,12.580213570657795,0.14885907645121543,0.2907801418439718,3.827877446374586,0.7172240713647585,0.7224701008615078,-0.4722516096938954,0.0234729772945315,-0.5928196786269173,15.012936640587775,0.6899298536792996,0.6749189855846718,Chemicals,Basic Materials,MEOH
2022Q2,2022,Q2,2022-06-30,2022-06-30,125080000.0,1137235000.0,191802000.0,1.41,285458000.0,0.2510105651,6440112000.0,2074231000.0,1945786000.0,826817000.0,4062785000.0,478970000.0,1430218000.0,2752087515.43,4865894515.43,28.81370984222139,2.35334541984502,0.46456816278971547,1.442400099121072,0.02571459002894373,28.81370984222139,0.0603018660891675,2.419981371862456,5.500654611908378,1.3267989512402427,0.08278701630956188,1.7783514625133099,0.0037625983701256253,0.1765862146496831,1.6611354144871235,0.01942202247414331,-87.74949830787871,0.2510105650986823,-0.2378378378378379,0.8107543400084192,1.0702499695151477,0.5773899071265183,0.00622860788675002,-0.0847291433421875,0.0025822234302799673,1.6544816398794917,0.6509598320461245,0.5266092387785616,Chemicals,Basic Materials,MEOH
2022Q1,2022,Q1,2022-03-31,2022-03-31,136659000.0,1175805000.0,191308000.0,1.85,283691000.0,0.2412738507,6412433000.0,2012008000.0,2132873000.0,936477000.0,4105531000.0,432190000.0,1402621000.0,4029964297.92,5819712297.92,27.23973424197794,2.2775497956703687,0.4545494666377021,1.4486860887233053,0.025702345590902963,27.23973424197794,0.06792169812446074,3.427408709709518,7.372299478848814,2.0029563987419534,0.06719645248391982,2.06417085078322,0.002278680236631291,0.1833633193516408,1.7093671280768241,0.021311567699810664,21.26013187686951,0.24127385068102278,-0.3642611683848797,0.26261396136516635,0.7637991327399482,0.4749316852003333,-0.5082475584938758,-0.3814403592071733,-0.25445050662509744,2.716051750153466,0.6784517075816373,0.41485285155994284,Chemicals,Basic Materials,MEOH
2021Q4,2021,Q4,2021-12-31,2021-12-31,220931000.0,1252683000.0,256600000.0,2.91,576898000.0,0.4605299186,6089620000.0,1683576000.0,1988797000.0,963218000.0,4134889000.0,459556000.0,1251640000.0,2987451726.7,4930675726.7,22.28837045462543,2.0647423532367544,0.47216295926511015,1.7078486507291621,0.044239873293194475,22.28837045462543,0.13122722110555152,2.3848425552993056,3.3805257373342803,1.7744679935446928,0.04251101022491185,1.4705171948576452,0.003143816489505119,0.20570790952473225,1.5400833456185412,0.03627993208114792,13.740716997369098,0.460529918582754,2.129032258064516,9.575084350775272,1.543677291573394,0.2536792053197826,1.6201794027478142,2.132395684167246,0.9854226954086133,0.4124564506409551,0.3193375469628332,0.14582082915814953,Chemicals,Basic Materials,MEOH
2021Q3,2021,Q3,2021-09-30,2021-09-30,70531000.0,1078040000.0,129242000.0,0.93,220175000.0,0.20423639197061333,5913827000.0,1561078000.0,1892912000.0,872133000.0,4045862000.0,386608000.0,1106632000.0,3508527278.64,5412342278.639999,20.484957194877374,2.1704396003820516,0.4795894435193995,1.8168272181146619,0.019201493936270235,20.484957194877374,0.04518095828651739,3.254542761530184,12.436117730643263,2.2475028657376503,0.13506117877245466,2.2189530480486694,0.0027150993118949147,0.18229143328000633,1.6507573959476365,0.011926456421535496,15.006789160806857,0.20423639197061333,-0.2900763358778626,8.479573216386811,1.4904261583550233,0.15411984032332107,-0.12498758072528564,-0.3380727143044841,-0.17665046409846405,-0.4271211008608876,0.07452896167906678,0.11617859584053145,Chemicals,Basic Materials,MEOH
2021Q2,2021,Q2,2021-06-30,2021-06-30,106554000.0,1068304000.0,156971000.0,1.31,251625000.0,0.23553688837634232,5790407000.0,1414041000.0,1752925000.0,853895000.0,4081250000.0,404153000.0,1049131000.0,2520240889.6,4640031889.6,18.55470882286252,2.0528577869644393,0.49799832723330156,2.039271138531344,0.025346295118213794,18.55470882286252,0.07535425069004364,2.359104608426066,5.913060254894233,1.782296899170533,0.026812695910054994,2.020717401578115,0.0011336217945632366,0.18449549401276974,1.4980003396202108,0.018401815278269732,12.978622798994767,0.23553688837634232,0.10084033613445388,44.63954154879175,1.6902868596231708,0.01162666620428644,-0.06640967038185838,0.017834115028609092,-0.12341963009292352,0.025269274765207954,0.2050823960372791,0.03268891262399895,Chemicals,Basic Materials,MEOH
2021Q1,2021,Q1,2021-03-31,2021-03-31,104687000.0,1015532000.0,179072000.0,1.19,269524000.0,0.265401779559876,5857896000.0,1273055000.0,1805937000.0,855777000.0,4277465000.0,388810000.0,945434000.0,2804377745.6,5002476745.6,16.70546133576478,2.110289245913363,0.521405125662866,2.3992184155437117,0.02857884545055228,16.70546133576478,0.08223289645773356,2.7614863397706815,6.697053467956861,2.202872417609608,0.027309981181999676,1.9186955068028086,0.0010194774953144958,0.1733612204791618,1.5779741685041782,0.01787109228296303,27.202407007265283,0.265401779559876,4.4,6.267547272721213,1.7494483538554786,-0.09745205711291682,-0.354100914243263,4.9033184190902315,18.54081187254474,-0.31836995837434645,0.1596444034383888,-0.12931331463183898,Chemicals,Basic Materials,MEOH
2020Q4,2020,Q4,2020-12-31,2020-12-31,-26820000.0,811323000.0,9164000.0,-0.35,417285000.0,0.5143265998868515,5696051000.0,1149100000.0,1594917000.0,765392000.0,4254594000.0,308696000.0,843606000.0,3511173519.3599997,5762938519.36,15.080578532516265,2.0837910508602127,0.5417096862370088,2.6852371421112173,0.0011708784962234495,15.080578532516265,-0.023340005221477677,4.327713523910945,-32.72905965100671,3.055585692594204,-0.10659955257270694,1.2764596884961257,0.0008142576788745904,0.14243604911543103,1.6277162551999498,-0.004708525257235232,76.86288652525118,0.5143265998868515,0.6956521739130435,-4.390246035195669,0.972482354867241,-0.21364267983162682,16.318323303589956,0.6947972142564522,1.1421105683492285,-1.4342086944860553,0.037456621543464456,-0.15658157326560113,Chemicals,Basic Materials,MEOH
2020Q3,2020,Q3,2020-09-30,2020-09-30,-87876000.0,581257000.0,-64485000.0,-1.15,24095000.0,0.0414532642187535,5894612000.0,1193646000.0,1801096000.0,945164000.0,4393522000.0,277319000.0,876816000.0,1859184352.0,4014131352.0,15.665451556038054,1.9055909873842,0.5657953398798767,2.794081327294692,-0.008897500399081881,15.665451556038054,-0.07361981693064779,3.1985582143526874,-5.289226728572078,1.5575676138486618,-0.032511721061495746,2.009101431924967,0.0015366953776943149,0.09860818659480895,1.5745680114773732,-0.01490785144128231,-36.6978080612688,0.0414532642187535,-0.35294117647058815,-2.3316056885854195,0.3048596754213639,-0.19413110505744854,-0.13974079760077118,-0.35711638250555966,-0.014984338847528056,-4.054779608321764,-0.0908847006699615,-0.11768898530517621,Chemicals,Basic Materials,MEOH
2020Q2,2020,Q2,2020-07-29,2020-06-30,-64752000.0,512290000.0,-63533000.0,-0.85,28009000.0,0.054674110367174844,5493667000.0,1272446000.0,1397084000.0,659506000.0,3915268000.0,275834000.0,967549000.0,1377625126.3999999,3468251126.3999996,16.699625492545024,2.1183795143637814,0.523030245553653,2.2581343334019675,-0.008633028514683587,16.699625492545024,-0.050887817636269046,2.689150923109957,-5.318851643192488,1.082659009812597,-0.04412218927600692,1.7556972671969373,0.0020738588061803807,0.09325101066373336,1.647583191055123,-0.011786662715450353,13.582296076034229,0.054674110367174844,-5.047619047619048,-1.7396261030362663,-0.040511608175046836,-0.12886001558959534,-0.8088801244609422,-3.843741765480896,-1.9567646527317633,-1.8856256010539798,-0.11892320935620494,-0.08578864544079082,Chemicals,Basic Materials,MEOH
2020Q1,2020,Q1,2020-04-01,2020-03-31,22770000.0,745093000.0,66404000.0,0.21,146552000.0,0.19668954076873627,5719496000.0,1359369000.0,1670413000.0,735696000.0,4050250000.0,320759000.0,1035158000.0,927306293.6,3054467293.6,17.84040596314141,2.27052070420391,0.5158833925226978,2.1705607528198745,0.010185506960366,17.84040596314141,0.01675041876046901,1.2445510742954236,10.181228519982433,0.6821593648229436,1.2046991655687307,1.8660146714511519,0.029581380164591605,0.13027249254130085,1.787103640634175,0.003981120014770532,40.63746411323897,0.19668954076873627,0.75,2.1685156697700156,0.5557538440049671,-0.052457699929830744,-0.6351123903235766,1.5359171399933178,-0.015391002639304884,-0.7960660236384856,0.0834740479805279,-0.03400746137516053,Chemicals,Basic Materials,MEOH
2019Q4,2019,Q4,2020-01-29,2019-12-31,8979000.0,1157698000.0,67442000.0,0.12,401636000.0,0.34692640049477497,5196615000.0,1331685000.0,1232521000.0,648246000.0,3566255000.0,281052000.0,1039819000.0,2943454570.4,5014049570.4,17.47708018575234,1.9013167840603722,0.47864965944177124,1.8678276018728153,0.012692016259495516,17.47708018575234,0.00674258552135077,2.542506396659578,81.95385261164941,2.210323440152889,3.055017262501392,2.6901142849010147,0.009319321682709806,0.2227792514935203,1.396821576993919,0.0017278555367291977,193.1147205353628,0.34692640049477497,1.5714285714285714,-0.9174016992998028,0.9331274963932731,-0.08695096212856335,4.846315084644609,1.9059630713348805,5.078002176804934,-0.5739339471238218,1.3304398157300328,-0.01694688522923988,Chemicals,Basic Materials,MEOH
2019Q3,2019,Q3,2019-10-09,2019-09-30,-9911000.0,649692000.0,-16538000.0,-0.21,68699000.0,0.10574087413728352,5487370000.0,1391271000.0,1637973000.0,998011000.0,3815284000.0,300333000.0,1061144000.0,2702674957.6,4640283957.6,18.259088919010008,1.641237421230828,0.5093576704322836,2.0089788402115762,-0.0014981439576600606,18.259088919010008,-0.007123701996232222,4.159932641313114,-68.1736191504389,1.9425941873294275,-2.76763192412471,1.9344960427259075,0.010149204188563648,0.11839770236014703,1.2836541881802905,-0.0018061475716053409,1930.4821125714286,0.10574087413728352,-1.4117647058823528,-1.2377291329370408,0.10094164673397028,-0.02039801113559657,-0.5653695045646356,-1.1972927241962774,-1.2283434125866401,-0.05116566305226709,0.5010778844704064,0.02871470939304046,Chemicals,Basic Materials,MEOH
2019Q2,2019,Q2,2019-07-23,2019-06-30,50235000.0,734365000.0,72426000.0,0.51,158063000.0,0.21523765429997344,4902105000.0,1448530000.0,1124660000.0,1076923000.0,3163257000.0,361850000.0,1098485000.0,3449736296.0,5299637296.0,18.87431905316858,1.044327217451944,0.4238730096560559,1.4344680469165292,0.015530243945392179,18.87431905316858,0.034679985916756986,4.697577221136628,17.167991917985468,2.3815428717389353,0.5477655021399422,1.5926544148127677,0.007976551724230691,0.1498060527059294,0.6470165462154676,0.010247638514474904,68.53009189693876,0.21523765429997344,0.020000000000000018,-0.4957734739614079,0.16236761504654487,0.0009802481847216392,0.043740383916956664,0.3060264143094842,0.09537205081669692,21.430005569337453,0.836400331685922,0.02905222835435978,Chemicals,Basic Materials,MEOH
2019Q1,2019,Q1,2019-04-10,2019-03-31,38464000.0,732697000.0,66120000.0,0.5,151439000.0,0.20668707528487218,4969684000.0,1487361000.0,1180490000.0,1093174000.0,3186628000.0,336272000.0,1117209000.0,4527896794.8,6338373794.8,19.252697700644156,1.0798738352723354,0.4216736919289033,1.408928296492916,0.012999849560590554,19.252697700644156,0.025860567811042512,6.179767072609824,29.429445681676373,3.044248702769536,0.6629055740432612,1.7285352333825,0.005631312098209222,0.1474333176918291,0.696349346032745,0.007739727515874249,36.342377356128104,0.20668707528487218,-0.7023809523809523,-0.6695737369980741,-0.05696423274465444,0.0346269125382334,-0.720447316782317,-0.7609090230985355,-0.6904161028575174,2.9091235229377626,0.9567721661939903,0.04016778438449262,Chemicals,Basic Materials,MEOH
2018Q4,2018,Q4,2019-01-11,2018-12-31,160876000.0,976551000.0,213577000.0,1.68,541719000.0,0.554726788462661,4608999000.0,1511213000.0,1252076000.0,1047353000.0,2801158000.0,387959000.0,1145476000.0,3742318292.21,4944527292.21,19.451881033617624,1.1954670488364476,0.3163997215013499,0.9649771408795451,0.06079611754671578,19.451881033617624,0.10645488094663029,3.8321790589636384,5.815532292277903,2.476367191262913,0.1584885253238519,1.1208194680365708,0.00681315644718796,0.2118791954608799,0.7358025422183352,0.03490475914618337,25.60198047662701,0.554726788462661,0.04347826086956511,0.5537810127337394,0.368298125415359,0.12519069146673928,1.0852830450146662,0.25628431089280557,0.0763396479345257,18.945248365505428,1.3285738394442446,0.01429325200280163,Chemicals,Basic Materials,MEOH
2018Q3,2018,Q3,2018-10-01,2018-09-30,128057000.0,1043525000.0,198429000.0,1.61,259782000.0,0.24894659926690785,4647046000.0,1454712000.0,1289494000.0,759418000.0,2898466000.0,322461000.0,1081937000.0,6356175268.41,7554421268.41,18.352759380277583,1.698002944360023,0.3139484739337635,1.002901605266197,0.052632471131797975,18.352759380277583,0.08802910816711486,6.091061803416305,12.408878992187073,4.3693702041435,0.20290964180013588,2.4305047742207586,0.0040879929993654675,0.2245566323208335,1.1321406656149842,0.027556645662642463,33.473814510940834,0.24894659926690785,0.1838235294117647,0.7710564759796001,0.6581562394414644,0.19182254563154522,0.09024752599904313,0.14987518632257602,0.13045633225089728,0.8653729013359138,1.2519329242799822,-0.05588946044582731,Chemicals,Basic Materials,MEOH
2018Q2,2018,Q2,2018-07-17,2018-06-30,111366000.0,949946000.0,175530000.0,1.36,238278000.0,0.2508332052558777,4694243000.0,1467281000.0,1276008000.0,786772000.0,2946199000.0,349842000.0,1084004000.0,5773618428.900001,6952832428.900001,17.967374875475468,1.6218269079224985,0.319427008785016,1.0219364934187793,0.04761734960065374,17.967374875475468,0.0758995720656098,6.077838560191843,12.960909139459082,3.9349098290647806,0.23870840292369305,2.03425546389513,0.00460439156611616,0.2023640446393593,1.0888948767876843,0.023723952935542535,27.392330347052546,0.2508332052558777,-0.31999999999999995,1.4021280522204107,0.5092651444240132,0.22883737851805988,-0.209061939852619,-0.3397912059899338,-0.2749330821849906,0.1869040955409591,0.6600712534263177,-0.06272756380644955,Chemicals,Basic Materials,MEOH
2018Q1,2018,Q1,2018-04-25,2018-03-31,168683000.0,961825000.0,242088000.0,2.0,301260000.0,0.3132170613157279,4784140000.0,1605878000.0,1359608000.0,777929000.0,2912513000.0,356926000.0,1195542000.0,5076294192.45,6205906192.45,19.186535887706892,1.7477276203869505,0.3136720497309861,0.9344738516873635,0.0635317592522149,19.186535887706892,0.10504098069716379,5.277773183739246,7.523422918210489,3.1610708861133907,0.16368573003800027,1.8507057485305076,0.005439204063678183,0.20104449284510906,1.201353851058387,0.03525879259386222,26.928942651731766,0.3132170613157279,1.4691358024691357,2.1606235532918987,0.6660835473890308,0.346137896345352,-0.43778622962567604,1.4792104528285248,0.7493929934096427,20.3688325508126,0.8282816971280922,0.019038153222350657,Chemicals,Basic Materials,MEOH
2017Q4,2017,Q4,2018-01-31,2017-12-31,68039000.0,861433000.0,138384000.0,0.81,535846000.0,0.6220402515343619,4610742000.0,1500764000.0,1243127000.0,747948000.0,2865631000.0,304464000.0,1088150000.0,5082198613.8,6208990613.8,17.88030478644652,1.6620500355639698,0.32581979212890244,1.0010041552169429,0.02851228775600877,17.88030478644652,0.045336242074036956,5.899702720699114,18.673843728596832,3.3864075989296114,0.36936168961918897,1.0693776604130538,0.004944907098231125,0.18683175072472066,1.2194898575836823,0.014756627024457234,30.846445172920284,0.6220402515343619,1.1315789473684212,1.5453861148100099,0.3881812046905559,0.3043146823620678,4.6291666228950215,1.101201321762762,2.713810316139767,-0.431806571895745,0.30581563168816395,-0.06588543918096881,Chemicals,Basic Materials,MEOH
2017Q3,2017,Q3,2017-10-25,2017-09-30,32381000.0,719696000.0,37262000.0,0.38,95191000.0,0.1322655676841333,4590962000.0,1522838000.0,1153536000.0,727467000.0,2840381000.0,300976000.0,1092984000.0,4314201976.9,5513355976.9,17.75502208986529,1.5856884229800114,0.32816956446165313,0.9893462075414456,0.013450392061515484,17.75502208986529,0.02126358811639846,5.9944781920421955,33.30812804499552,2.8330012627081804,0.7900620734381273,2.0749328850140873,0.005929949533420511,0.1567636586841712,1.1315771024665036,0.007053205842261382,43.81946875596725,0.1322655676841333,-0.5730337078651685,14.785730839938095,0.20207247836313333,0.1564858701760181,-0.4292010457641754,-0.6151807572552468,-0.64767064741535,-0.30999009099325986,0.08344285815650583,-0.04744124809780053,Chemicals,Basic Materials,MEOH
2017Q2,2017,Q2,2017-07-21,2017-06-30,84146000.0,669164000.0,105759000.0,0.89,166768000.0,0.24921842776957517,4638221000.0,1601855000.0,1173050000.0,676984000.0,2804634000.0,282937000.0,1159349000.0,3862860219.35,5032679219.35,18.266701030635108,1.7327588244330738,0.3301162234399784,0.9558617977282589,0.030975676448754933,18.266701030635108,0.05253034762821853,5.772665922479392,11.476660267124997,2.4114918137721575,0.30972357568987235,1.7756461685816984,0.006746814153266315,0.14427169382398985,1.269799581674013,0.01814186947969922,17.535898000980556,0.24921842776957517,-0.39041095890410954,0.7226640271018536,0.09072230605997139,0.1757699774816916,-0.3356782918716514,-0.3604420494189361,-0.45782131926608327,-0.26082736562518033,-0.07304805179514978,-0.031244153516009354,Chemicals,Basic Materials,MEOH
2017Q1,2017,Q1,2017-04-21,2017-03-31,131569000.0,810349000.0,195063000.0,1.46,251035000.0,0.30978627727065744,4679755000.0,1658226000.0,1203514000.0,665633000.0,2799878000.0,351363000.0,1201367000.0,4211003499.5,5428348499.5,18.468471804697916,1.80807441938726,0.3274697072816846,0.9241671521252229,0.04892000638530535,18.468471804697916,0.07934322583290818,5.196530753416121,8.001511563324188,2.5394629558938284,0.18789380477164075,1.59184091665884,0.005870572181413596,0.17316056075585154,1.2449938629845576,0.028114505994437742,20.942243516165448,0.30978627727065744,4.2142857142857135,5.198770059989232,0.2660629481047827,0.2156454239839567,-0.3524885734036297,4.296232187424523,2.8997780843279553,-0.027508699810856182,-0.10259622851642156,-0.007516855055865384,Chemicals,Basic Materials,MEOH
2016Q4,2016,Q4,2017-01-25,2016-12-31,24842000.0,585589000.0,50019000.0,0.28,387692000.0,0.6620547858651716,4556663000.0,1596835000.0,1025667000.0,606933000.0,2751313000.0,281328000.0,1124104000.0,3934071586.7999997,5266387586.799999,17.778368150359658,1.6899179975384433,0.3415231716719011,0.9745565446649153,0.011160726102598424,17.778368150359658,0.015557023737580902,6.718144614738323,39.59093054907012,2.4636681853792033,0.9958940503985186,0.7034386907808678,0.006288650181915902,0.12851268570881805,1.1920475571438693,0.005451796632755155,63.47119465005969,0.6620547858651716,3.3333333333333335,-0.5962499625141174,-0.12722530311493638,0.18004471828657206,6.8080277123235255,3.2356011519078476,5.340419993057966,-0.7924699282272568,-0.2903002679311158,0.028386628402750465,Chemicals,Basic Materials,MEOH
2016Q3,2016,Q3,2016-10-27,2016-09-30,-11112000.0,510094000.0,-11524000.0,-0.12,49653000.0,0.09734088226875831,4482777000.0,1593906000.0,913862000.0,539943000.0,2673720000.0,247068000.0,1124171000.0,3204080341.44,4528038341.440001,17.749419496279184,1.6925156914711368,0.34747099844582946,0.9772439529056293,-0.0022627897598198063,17.749419496279184,-0.006971552902115934,6.281352733888264,-72.08604079913607,2.0102065877410586,-2.2190424766018717,1.8636205417132126,0.0076958120185332286,0.1137897334620928,1.1970522814445228,-0.0024788206060662845,70.26646069957674,0.09734088226875831,-0.4999999999999999,-1.1850722107740639,-0.20947216196235346,0.2117101642184701,0.3128073607953043,-2.8623566214807092,-1.974298275278999,-1.1356495691558344,-0.28456545628095403,0.152641839257726,Chemicals,Basic Materials,MEOH
2016Q2,2016,Q2,2016-07-27,2016-06-30,-2877000.0,467893000.0,11828000.0,-0.08,37822000.0,0.08083472075880596,4484718000.0,1646994000.0,918308000.0,505887000.0,2611329000.0,253706000.0,1159941000.0,2613070525.8,3928176525.8,18.341458803652777,1.8152433250903859,0.34652702800934193,0.9435832795990756,0.0034203308127702895,18.341458803652777,-0.0017468187497950813,5.5847608872113925,-227.0655653284672,1.5865695477943453,-8.583246437261035,1.6951550219545457,0.009450185043298764,0.10433052869767954,1.2746423608434294,-0.0006415119077721275,-216.67251457711444,0.08083472075880596,0.6923076923076923,-1.0734972639243097,-0.22218749638546675,0.30183332104393357,0.21606327567359013,0.8770407727156168,1.5406591397357956,-1.056435700252249,-0.32394240785430667,0.2544219904512474,Chemicals,Basic Materials,MEOH
2016Q1,2016,Q1,2016-04-11,2016-03-31,-23398000.0,434853000.0,-21877000.0,-0.26,31102000.0,0.07152302042299352,4396657000.0,1660624000.0,920039000.0,499887000.0,2500122000.0,246425000.0,1187512000.0,2881765607.6,4125949607.6,18.50922321348062,1.8404939516330692,0.34553411830852393,0.9148338215032421,-0.005222392822864332,18.50922321348062,-0.014089884284461745,6.626987988124722,-30.790725784255063,1.7353510533389855,-1.055859475168818,1.6384336004869635,0.00857286933220599,0.09890537287762043,1.3195082088552013,-0.005321770608896714,52.913326862766695,0.07152302042299352,-3.5999999999999996,-1.6983894022298587,-0.2742828046599466,0.33825127510613184,-0.8801076263607488,-3.5132116004296456,-10.08257345491388,-1.4089903426875992,-0.29729014233666756,0.2986172670985074,Chemicals,Basic Materials,MEOH
2015Q4,2015,Q4,2016-01-29,2015-12-31,9310000.0,484064000.0,-1974000.0,0.1,259416000.0,0.5359126065974747,4494043000.0,1719729000.0,1032078000.0,581942000.0,2525470000.0,253234000.0,1235615000.0,2960107413.5099998,4241063413.5099998,19.177768357630654,1.7735066381185753,0.3417613049096326,0.8931000175027577,0.0021384678911284477,19.177768357630654,0.005413643661297798,6.115115797725093,79.48730970757249,1.721263881408059,2.647905477980666,0.8871162640087824,0.008328076166252514,0.10771236501297383,1.304741709654914,0.002071631268325648,-57.63897915550276,0.5359126065974747,-0.8148148148148149,-0.6497925580051775,-0.11031320300881978,0.4120884374349606,0.9514059185484963,-0.880752628949829,-1.0239429444727457,1.0698507985686085,-0.2698653150662366,0.39896076395504904,Chemicals,Basic Materials,MEOH
2015Q3,2015,Q3,2015-10-29,2015-09-30,78073000.0,527000000.0,82446000.0,0.54,132938000.0,0.25225426944971535,4547397000.0,1752336000.0,1181472000.0,614387000.0,2543551000.0,269086000.0,1259092000.0,2989189033.5199995,4093964033.5199995,19.439206121927324,1.9230094386762742,0.3367823394350658,0.8739665224020964,0.022174283767485533,19.439206121927324,0.0445536700724062,5.672085452599619,9.571775881290586,1.7058309784881436,0.3170110025232795,1.46444631084486,0.008279837682548625,0.11589047536425784,1.451394642139238,0.017168723117862814,82.1589487815738,0.25225426944971535,-0.5304347826086956,1.4340500842181458,0.12073547876704947,0.4313183728994152,0.18637442661573883,-0.253461464907248,-0.36370021069529446,32.625254996012984,-0.16249808192546977,0.26618638341658457,Chemicals,Basic Materials,MEOH
2015Q2,2015,Q2,2015-07-17,2015-06-30,104580000.0,637799000.0,129571000.0,1.15,112054000.0,0.17568857900373003,4664073000.0,1744854000.0,1361620000.0,735518000.0,2660301000.0,316069000.0,1229261000.0,5066213776.139999,6133556776.139999,19.169853056219754,1.8512395345865091,0.332767947671488,0.8895036490159062,0.03286214593344404,19.169853056219754,0.059936246814919755,7.943276449382955,12.110857181440045,2.903517300668136,0.23809523809523808,1.6633867921245045,0.004914913010041113,0.13674721643507723,1.402064939267292,0.02242246208410546,-111.45558851919479,0.17568857900373003,11.777777777777777,8.025124136006939,0.4401389551003622,0.4257941595837449,0.4986892788358656,11.084585162930436,3.6589838553090503,1.0627116297724035,0.0015859671622199445,0.23390302706756325,Chemicals,Basic Materials,MEOH
2015Q1,2015,Q1,2015-04-17,2015-03-31,8654000.0,576739000.0,27811000.0,0.09,74768000.0,0.1296392302237234,4586034000.0,1727621000.0,1361239000.0,683275000.0,2591754000.0,286370000.0,1204295000.0,4915458060.4800005,5840907060.4800005,18.828083940759434,1.992227141341334,0.33845497002420827,0.8984412669213907,0.014686960670535317,18.828083940759434,0.005009200513307027,8.522846661106671,141.9995973099145,2.8452178229368594,2.6483706956320776,1.7528756503823724,0.004662637686661889,0.1257598613529686,1.5471413413340163,0.0018870335457608907,-73.54066517773789,0.1296392302237234,-0.9189189189189189,-0.7036508052187861,0.24075708128239798,0.38942387398387734,-0.8530644650967183,-0.935002703839452,-0.8467451741068722,-0.6010309057502422,-0.1182754568357857,0.2393160802372303,Chemicals,Basic Materials,MEOH
2014Q4,2014,Q4,2014-12-31,2014-12-31,133144000.0,733499000.0,181469000.0,1.11,508849000.0,0.69372828047482,4775340000.0,1786373000.0,1685902000.0,819830000.0,2722123000.0,306802000.0,1262961000.0,4277078562.95,5047516562.95,19.141447458831042,2.056404376517083,0.36061055338468045,0.9639856849605317,0.04123676911890876,19.141447458831042,0.07453314621302494,5.831062568524292,8.030926220764735,2.3942807929530954,0.17420236736165354,0.7322312110090547,0.005422860407783243,0.15360141895655596,1.6539563080150763,0.027881574924507994,129.37321727011494,0.69372828047482,1.0555555555555556,4.16460033178205,0.9168877504199674,0.44170288994226126,2.623248362289946,1.5813105854982552,0.7848297974880253,1.0826600954492545,0.05215455658123798,0.2705195315519746,Chemicals,Basic Materials,MEOH
2014Q3,2014,Q3,2014-10-30,2014-09-30,51580000.0,730112000.0,101673000.0,0.54,140440000.0,0.1923540497896213,4129817000.0,1757148000.0,1224693000.0,830950000.0,2119365000.0,270706000.0,1227432000.0,6297314156.0,6952304156.0,18.63929343403715,1.4738468018533004,0.2736903354313278,0.6432531579582369,0.025802154977532812,18.63929343403715,0.029354385629440434,8.625134439647615,30.522073264831327,3.5838268353035714,0.4554284606436603,2.1782745857129138,0.003730320485538756,0.1767904001557454,1.1219953065768096,0.012489657532040765,-143.1012624642094,0.1923540497896213,-0.564516129032258,61.620351020468185,1.249891256817476,0.40251336024726203,-0.22415698059840014,-0.586645723810745,-0.46460561444526943,-0.181667174117909,0.07784446001909957,0.2724597169280941,Chemicals,Basic Materials,MEOH
2014Q2,2014,Q2,2014-07-18,2014-06-30,124784000.0,791310000.0,189903000.0,1.24,181016000.0,0.2287548495532724,4146810000.0,1812509000.0,1443064000.0,656395000.0,2083629000.0,279048000.0,1278741000.0,5938575625.7,6440677625.7,18.85583565449685,2.198468909726613,0.27722128575941507,0.6342500919995432,0.0480128422284529,18.85583565449685,0.06884600297157145,7.504739767853306,11.897710495135595,3.2764392484120077,0.19179542249006282,2.1870574238123908,0.004030090969360845,0.1908237898529231,1.7295576596409175,0.030091564359109774,48.786018103625324,0.2287548495532724,-0.17333333333333334,21.804869408588157,2.086301116528184,0.39651691317413956,-0.30003170846770766,-0.14002563713801325,-0.15144216805558658,1.977926455201576,0.22884973835922778,0.33834257208939017,Chemicals,Basic Materials,MEOH
2014Q1,2014,Q1,2014-04-25,2014-03-31,145102000.0,968478000.0,223795000.0,1.5,258606000.0,0.26702310222844505,4246863000.0,1791951000.0,1612338000.0,799796000.0,2200693000.0,304766000.0,1252507000.0,6157308890.139999,6597761890.139999,18.608348059893228,2.015936563823775,0.2707094624903134,0.6415722304906775,0.058212525952748596,18.608348059893228,0.08097431235563919,6.357716840382538,10.608587218198233,3.4360922202337005,0.13297542418436686,2.3292362008885505,0.003133674198300824,0.22804550087911948,1.6069097619893074,0.03416686622572944,202.10427657519855,0.26702310222844505,0.1363636363636363,8.534320445777738,2.6439648670294678,0.36014858739771877,-0.6065985253111313,0.13542783363981375,0.3489183699301416,3.035126093956081,0.5058423632253106,0.34541818592547713,Chemicals,Basic Materials,MEOH
2013Q4,2013,Q4,2013-12-31,2013-12-31,127795000.0,880900000.0,165907000.0,1.32,657359000.0,0.7462356680667499,4113494000.0,1657723000.0,1601208000.0,745333000.0,2208161000.0,313809000.0,1126700000.0,5680565068.0,6116135068.0,17.28763060442775,2.148312230908869,0.2840179176145632,0.7047655126942197,0.04893777155471499,17.28763060442775,0.07709068402863446,6.4485924259280285,11.112651253961422,3.426727546158194,0.15027974490394772,0.7123473195478779,0.0033808256344402105,0.21414884767061773,1.6997315293969273,0.031067263012903384,-95.30349916953276,0.7462356680667499,0.4666666666666667,41.3035381665086,1.0830200609523726,0.2487983415009047,3.1209596529501744,0.4671205198264184,0.27087977325826346,3.4954690222051497,0.5140716502434157,0.27291470164441806,Chemicals,Basic Materials,MEOH
2013Q3,2013,Q3,2013-10-07,2013-09-30,87106000.0,758149000.0,130545000.0,0.9,159516000.0,0.2104019130804103,3752173000.0,1470424000.0,1441812000.0,602580000.0,2083991000.0,254520000.0,951301000.0,4895714980.14,5377821980.14,15.398902670155882,2.392731255600916,0.31137823335970916,0.7945633368334576,0.04018550167874515,15.398902670155882,0.05923869577754444,6.4574575448097935,14.051026852742636,3.3294580203669146,0.2197437604757422,2.352007700770077,0.003909745579072218,0.20205598196032007,1.9210212751833782,0.023214814455516843,743.0133525785401,0.2104019130804103,0.607142857142857,0.20723008661103604,0.3078329089738677,0.07829589450760224,0.042704091304262566,0.6131039463693773,0.7808714394848849,1.563673789726865,0.52206472708165,0.13382882901900744,Chemicals,Basic Materials,MEOH
2013Q2,2013,Q2,2013-07-19,2013-06-30,53999000.0,733099000.0,73304000.0,0.56,152983000.0,0.20867986452034445,3640512000.0,1390747000.0,1487939000.0,578409000.0,2054077000.0,270936000.0,883336000.0,4164220071.0,4642272071.0,14.621442340192784,2.572468616498014,0.3259338246927905,0.8531860935166496,0.02778795223180404,14.621442340192784,0.03882733523782543,5.680297028095796,19.279153646363824,2.99423264691565,0.3529139428507935,2.1411551067410755,0.004576367164817885,0.20137249925285233,2.0500631905796762,0.014832803737496264,1252.3970138345865,0.20867986452034445,-0.11111111111111104,0.3778433888637446,0.21411305548624043,0.060802568942311154,0.23468975981404958,-0.10400384953623044,-0.2208913027304516,3.4593612692256697,0.5840379598867041,0.08749749057535879,Chemicals,Basic Materials,MEOH
2013Q1,2013,Q1,2013-04-19,2013-03-31,60267000.0,651899000.0,94087000.0,0.63,123904000.0,0.1900662525943436,3550922000.0,1347113000.0,1479599000.0,518768000.0,2013329000.0,289467000.0,848394000.0,3799470357.6000004,4259506357.6000004,14.253024106814523,2.8521400703204516,0.3342475559868676,0.8810597180785873,0.031409672548115414,14.253024106814523,0.044737895039243185,5.828311375841964,15.760990084125643,2.820454080392662,0.29093865631274163,1.824024845664618,0.004614853742687349,0.18358584052254598,2.2523266662554358,0.016972211724166287,115.11453546627887,0.1900662525943436,1.422818791946309,-0.053952207815783505,-0.08943668364242299,0.05995943460271967,-0.6956924308698887,1.430931049030053,1.4359249975675639,1.0036034703507313,0.36154844446164897,0.051806016628426536,Chemicals,Basic Materials,MEOH
2012Q4,2012,Q4,2013-01-11,2012-12-31,-139853000.0,695654000.0,-215833000.0,-1.49,407167000.0,0.5853010260848065,3544622000.0,1289876000.0,1456150000.0,440981000.0,2066885000.0,253023000.0,805661000.0,2998730875.17,3554324875.17,13.70858200726984,3.3020697036833786,0.3670924572493202,1.0087822395331023,-0.04822923406794122,13.70858200726984,-0.10842360040810124,4.310664317563042,-5.360505093151381,2.324821048821747,-0.12461656167547354,1.140161171118831,0.005811791963162415,0.19625618754270555,2.6640898360700347,-0.03945498278800955,-214.42480337289953,0.5853010260848065,-48.666666666666664,-1.8613441985761674,0.006258819330383098,0.021454917365244783,2.499922637876496,-53.39634383508363,-28.706418485237485,-6.380576966697938,0.8031521967248707,0.03250824366332282,Chemicals,Basic Materials,MEOH
2012Q3,2012,Q3,2012-10-26,2012-09-30,-2571000.0,655330000.0,7790000.0,-0.03,116336000.0,0.17752277478522271,3409532000.0,1441302000.0,1054054000.0,386241000.0,1782304000.0,223319000.0,964077000.0,2683096716.18,3246589716.18,15.352562921640331,2.729005983310938,0.283487000561954,0.6706144860688461,-0.00034142263071167063,15.352562921640331,-0.0017838038107211396,4.094268103367769,-260.90010853558925,1.861578431293372,-6.761571373006612,2.4135608703245133,0.006479080644081324,0.19220526453483938,2.076848392583905,-0.0007540624343751576,25.39488633931191,0.17752277478522271,-1.06,-1.1162429873791402,0.7704917519311596,0.26501081163011814,-0.22096776353676992,-1.049217045062981,-0.9230328419554994,-2.0341984314977193,1.0278549402836237,0.15520337119203637,Chemicals,Basic Materials,MEOH
2012Q2,2012,Q2,2012-07-05,2012-06-30,52238000.0,656103000.0,101212000.0,0.5,149334000.0,0.22760755552100814,3659605000.0,1456983000.0,1287176000.0,570022000.0,1991469000.0,245066000.0,984032000.0,2610874287.36,3172906287.36,15.535947830339584,2.2581163534039037,0.32387129212032445,0.813489930905165,0.030675338223242487,15.535947830339584,0.035853541187508706,3.979366482640683,12.495091156629273,1.7919730617035339,0.332267697844481,2.067887834297699,0.006647964662270518,0.17928246354456287,1.7662283210121714,0.014274218119168599,29.892540671841726,0.22760755552100814,1.173913043478261,0.6044372067581842,0.540440362621971,0.2795200699448026,0.5346213133285377,1.3657443050586477,0.7055423554589421,9.927097731553749,1.622897521044468,0.15063656179491924,Chemicals,Basic Materials,MEOH
2012Q1,2012,Q1,2012-03-31,2012-03-31,22081000.0,665867000.0,59343000.0,0.23,97310000.0,0.1461402952841934,3616806000.0,1419082000.0,1247978000.0,576905000.0,1998032000.0,268574000.0,949151000.0,3029217094.38,3639668094.38,15.192317957461954,2.1632296478622997,0.3302737277033935,0.8417667196116926,0.0171332780121076,15.192317957461954,0.015560059249571202,4.54928250593587,34.29664750667995,2.134631469062394,0.7204383859426656,2.1169472845472757,0.00525152192938352,0.1841035985894737,1.6566453748884131,0.0061051104206308,103.88617903151686,0.1461402952841934,-0.661764705882353,-0.8020060976202775,0.28200805759010317,0.41638115251658236,-0.34964511515378344,-0.6542875483396221,-0.4405192895123883,2.182018531974514,1.5828951235963806,0.11045911988693959,Chemicals,Basic Materials,MEOH
2011Q4,2011,Q4,2012-01-13,2011-12-31,63871000.0,696499000.0,106068000.0,0.68,149626000.0,0.21482586478946847,3393575000.0,1404725000.0,1034621000.0,602981000.0,1791612000.0,281015000.0,942978000.0,2127715326.38,2742951326.38,15.065842738717473,1.7158434511203504,0.2846399446011949,0.6876413532897898,0.03736101211885556,15.065842738717473,0.04546868604175194,3.054872047741634,8.328174470338652,1.5146846011710478,0.24818775344052857,1.9460633773997829,0.007450244778266408,0.20524049122238347,1.2092271564112302,0.018821154682009386,18.512496966780937,0.21482586478946847,0.15254237288135608,-0.5753482359543085,0.19514472215026085,0.3318480520329509,-0.04148569525054131,0.02495346299505745,-0.05638489048627297,21.716273416280462,0.6938148922375216,0.08830410921697326,Chemicals,Basic Materials,MEOH
2011Q3,2011,Q3,2011-10-28,2011-09-30,62316000.0,669702000.0,112406000.0,0.59,156102000.0,0.2330917333381116,3244854000.0,1365251000.0,873764000.0,551771000.0,1689419000.0,245129000.0,906718000.0,1942338036.84,2656225036.84,14.648238514799635,1.5835627461392499,0.3004332398314377,0.7140533132735299,0.03732485756349766,14.648238514799635,0.0456443540418575,2.900301980343496,7.792292656942037,1.4226966593249153,0.25430066114641503,2.095223331388779,0.008158724021994425,0.20638894692950746,1.0831105657963176,0.019204562054255754,19.17866065839883,0.2330917333381116,0.3720930232558139,-0.3623618442340076,0.4933458208001998,0.46306895417628013,0.3237733417004461,0.5375656937008069,0.4372514672224424,-0.1151548877283038,0.1836001156077102,0.025731234920305518,Chemicals,Basic Materials,MEOH
2011Q2,2011,Q2,2011-07-06,2011-06-30,40529000.0,622829000.0,78209000.0,0.43,117922000.0,0.18933286664558008,3251490000.0,1309887000.0,865098000.0,385945000.0,1761921000.0,236750000.0,860249000.0,2917482635.64,3664128635.64,14.088945571730223,2.2415059140551117,0.30517393564181344,0.7575233588851558,0.02484624883845776,14.088945571730223,0.03094083688134931,4.684243404915313,17.9962658567939,2.227278105393824,0.39080658294061044,2.132658922914467,0.005428995465649256,0.19155187314123678,1.5470287217090517,0.012464746931406832,110.44795137762634,0.18933286664558008,0.16216216216216217,-0.41772713547688844,0.59380774999829,0.5280333266876589,0.5301231396057976,0.17101993643455649,0.6511284227415711,0.05799253382462357,0.05528047578347209,0.02216931192184705,Chemicals,Basic Materials,MEOH
2011Q1,2011,Q1,2011-04-22,2011-03-31,34610000.0,619007000.0,47367000.0,0.37,77067000.0,0.12450101533585242,3204364000.0,1281900000.0,822932000.0,377121000.0,1748190000.0,210234000.0,835559000.0,2894513668.65,3653629668.65,13.830902729394165,2.1821431317799855,0.3117376802385746,0.7792503315391216,0.015719340976733505,13.830902729394165,0.02699898588033388,4.676059670811477,20.9080733072089,2.257987104025275,0.4152268130598093,2.577794267340202,0.004964910048845141,0.19317624339806588,1.5507781322175112,0.010800895279063178,36.42730516800906,0.12450101533585242,0.36390445296372737,-0.6356175680861468,0.6332271198105452,0.570154183756777,0.08051988110593909,0.24197078982308823,0.1508297091766078,-0.44597611377137975,-0.11830417890089927,0.02856739224096692,Chemicals,Basic Materials,MEOH
2010Q4,2010,Q4,2010-12-31,2010-12-31,27867000.0,570337000.0,41159000.0,0.27128,71324000.0,0.12505588801007123,3070159000.0,1276627000.0,771020000.0,314090000.0,1647433000.0,230322000.0,850691000.0,2857600000.0,3610747000.0,13.581138297872341,2.45477410933172,0.3084338628715972,0.7417522894314471,0.013214152285736039,13.581138297872341,0.021828615562728974,5.010371061319886,25.63605698496429,2.2383985298759934,0.5142641834427818,2.166588515209142,0.005015047592385219,0.18576790322585898,1.6359037218631602,0.009076728599398272,-74.9829441091577,0.12505588801007123,-0.2249142857142856,-0.29385830700076826,0.5273650842367839,0.654886290316762,0.24496421714086228,-0.15065528802194453,-0.10381692686219435,-0.8282001668203475,-0.17419875342840074,0.011958821884158043,Chemicals,Basic Materials,MEOH
2010Q3,2010,Q3,2010-10-29,2010-09-30,32810000.0,480997000.0,45927000.0,0.35,57290000.0,0.11910677197570879,3017305000.0,1252322000.0,715965000.0,296717000.0,1627895000.0,185714000.0,837155000.0,2258200589.6099997,3030622589.6099997,13.581329276553204,2.4129557794127066,0.31957690720692805,0.7699784879607641,0.017560362728670544,13.581329276553204,0.026199332120652674,4.694833002305627,17.20664880836635,1.8032108272552905,0.4356598597988418,2.281502740773447,0.0063298185580886015,0.15941278723894337,1.7185196668879774,0.010873942143734227,72.06179881960621,0.11910677197570879,1.692307692307692,2.9189403142066292,0.754880335561023,0.6604696072594083,0.011565286483623202,1.7956714383094752,1.01983463805084,0.5103280500263326,0.32305103770671917,0.11906581714324055,Chemicals,Basic Materials,MEOH
2010Q2,2010,Q2,2010-07-16,2010-06-30,11736000.0,448543000.0,22738000.0,0.13,56635000.0,0.12626437153182637,2951203000.0,1239444000.0,634132000.0,265414000.0,1575832000.0,166386000.0,818639000.0,1815142280.93,2589138280.9300003,13.44503547539872,2.3892183532142237,0.32255016005337483,0.768014529095304,0.007389733392812212,13.44503547539872,0.009468761799645647,4.046751996865407,38.66611879963361,1.4644810745221246,1.2176209952283572,2.3554145180483936,0.007872661085652427,0.15198649499881914,1.6950613004589057,0.00397668340673278,279.55371645310333,0.12626437153182637,-0.5806451612903225,-0.7605564340187622,0.40161408382829117,0.5754816136942794,-0.30499822061873383,-0.5997271487039564,-0.5238713460088784,-0.6333024082831172,0.07134345959340102,0.10731529995852827,Chemicals,Basic Materials,MEOH
2010Q1,2010,Q1,2010-04-23,2010-03-31,29320000.0,466706000.0,47756000.0,0.31,81489000.0,0.17460456904346633,2964875000.0,1248431000.0,657601000.0,272438000.0,1580392000.0,169460000.0,821193000.0,2239639580.75,2999347580.75,13.551000737286822,2.4137638655400493,0.3224456343016147,0.7657699944970927,0.015161835170039493,13.551000737286822,0.023485478973207168,4.798823200794504,19.096517571197133,1.7939634475193262,0.28925648021828104,2.273203115779535,0.0037867700110746937,0.15741169526539905,1.7165336700460287,0.009889118428264261,208.66855313053202,0.17460456904346633,0.12298496649157753,-0.49786061108758456,0.3865280245044904,0.6289253624482628,0.11801830230356579,0.14005754724317598,0.16779967721426126,-0.7334447020929773,-0.08896109805542193,0.2633610023021026,Chemicals,Basic Materials,MEOH
2009Q4,2009,Q4,2010-01-15,2009-12-31,25718000.0,381729000.0,40894000.0,0.27605,72887000.0,0.19093912173295716,2923417000.0,1236086000.0,622653000.0,271604000.0,1554213000.0,171554000.0,806158000.0,1814518999.9999998,2558975000.0,13.276970998925886,2.2925030559196475,0.31273130039265695,0.7396281488504846,0.014096531350399321,13.276970998925886,0.020805995699328363,4.75342193021751,17.638609145345672,1.4679553040807838,0.5551364802861809,1.8002611422642434,0.007868200884091046,0.13057630847737425,1.5729002518372337,0.008797239668511198,492.1396799566042,0.19093912173295716,28.605,-0.49026310041767046,0.02967993430479192,0.7050018380617264,1.3489203996132775,31.948255114320098,12.16613007083065,-0.8287562973658158,-0.34400072987637575,0.17370851856659814,Chemicals,Basic Materials,MEOH
2009Q3,2009,Q3,2009-10-29,2009-09-30,-831000.0,316932000.0,3106000.0,-0.01,31030000.0,0.09790743755758333,2851600000.0,1223600000.0,579100000.0,231700000.0,1628100000.0,116600000.0,794700000.0,1593727614.84,2314027614.84,13.289922194217855,2.4993526111350883,0.31186000841632766,0.7267898005884276,0.0005405241380696832,13.289922194217855,-0.0006791435109512913,5.028610600507364,-479.46077462093865,1.30249069535796,-17.180505415162454,2.4519897084048026,0.008958243470879005,0.11114181512133539,1.8998705222270178,-0.00029141534577079535,-17.78991823320608,0.09790743755758333,0.8333333333333333,-1.0154218815429927,-0.023768259552623367,0.7821960719188605,0.25216900044388846,0.8553021069127633,1.7821707378494083,-1.0086076742399932,-0.28459008186956575,0.32740005196757377,Chemicals,Basic Materials,MEOH
2009Q2,2009,Q2,2009-07-17,2009-06-30,-5743000.0,245501000.0,-3971000.0,-0.06,24781000.0,0.10094052570050631,2806899000.0,1242736000.0,575851000.0,203100000.0,1444050000.0,102953000.0,809825000.0,1126576564.56,1741994564.56,13.50204603798136,2.8353077301821763,0.3181510984185751,0.718590271787411,-0.0011811880496395706,13.50204603798136,-0.0046212550372725985,4.588887884611467,-49.04129220616403,0.9065292745683717,-2.484067560508445,2.143890901673579,0.012663142877973661,0.08746342493976449,2.2090497291974396,-0.002046030156411043,-12.380234340974527,0.10094052570050631,0.7000000000000001,-1.1464339582523937,-0.20478445788739122,0.8746845124640782,0.8875009520907914,0.687982179724003,0.7485435663627154,-1.0833442274188756,-0.36540533064268726,0.4643804406416539,Chemicals,Basic Materials,MEOH
2009Q1,2009,Q1,2009-04-30,2009-03-31,-18406000.0,254007000.0,-15792000.0,-0.2,13129000.0,0.05168755191786053,2759025000.0,1259128000.0,610897000.0,196982000.0,1395305000.0,126783000.0,829834000.0,718785735.25,1245110735.25,13.681114131431283,3.101283365992832,0.30417230724621924,0.6665080913139887,-0.0051434040073601315,13.681114131431283,-0.014618053128832017,2.829787113150425,-9.762926970145605,0.5708599405699818,-0.775127675757905,1.8999234913198142,0.019848752278087176,0.09206404436349798,2.3537582114101796,-0.006671197252652658,-20.305829008701057,0.05168755191786053,-3.748338081671416,-1.5174680237165858,-0.1362439081239738,0.9688341935363006,-0.3740643623361144,-5.011103853690399,0.5926117015787844,-1.1951508526583499,-0.3250805988741465,0.5531494228693592,Chemicals,Basic Materials,MEOH
2008Q4,2008,Q4,2009-01-30,2008-12-31,-3062000.0,408383000.0,-38764000.0,-0.04212,20975000.0,0.05136109975194854,2817981000.0,1281900000.0,736326000.0,258699000.0,1427353000.0,177637000.0,871984000.0,1040824000.0,1507745000.0,13.84341252699784,2.846265350851762,0.2822414345589981,0.6204469927451439,-0.0011599326004592275,13.84341252699784,-0.0023886418597394493,2.5486467360296583,-84.97909862834749,0.8119385287463922,-4.658719790986283,2.180896997810141,0.013705487190917964,0.14492042352308265,2.094515247449739,-0.0010865935575860874,-13.603053036045692,0.05136109975194854,-1.05616,0.9641408314359671,0.49910238353863384,1.1112081270897731,-0.8506213723605028,-1.043168713256545,-1.355098750503829,-1.0787632612563887,0.11018622286203529,0.6868448799845502,Chemicals,Basic Materials,MEOH
2008Q3,2008,Q3,2008-10-24,2008-09-30,70931000.0,569876000.0,109164000.0,0.75,140415000.0,0.2463957071362893,2901253000.0,1340549000.0,928680000.0,332939000.0,1470580000.0,246262000.0,899902000.0,1867091723.64,2235397723.6400003,14.280776499837927,2.7893397889703517,0.25034252441962146,0.5417981737332989,0.03733815450518194,14.280776499837927,0.05291190400350901,3.2763122567716487,6.580661923700498,1.3927814079455507,0.2047200800778221,1.7439190780550795,0.007777336172692414,0.1964240967609512,1.950261158951039,0.024448402121428223,-194.65093032110093,0.2463957071362893,0.8292682926829269,12.626747884010646,1.1627146665161998,0.8967286300298747,0.7799736328372588,0.8213121068173065,1.0797104210325776,5.075061615960888,1.0423415259540727,0.745984863718975,Chemicals,Basic Materials,MEOH
2008Q2,2008,Q2,2008-07-17,2008-06-30,38945000.0,600025000.0,52490000.0,0.41,78886000.0,0.1314711887004708,2785097000.0,1302805000.0,929195000.0,329790000.0,1411537000.0,246767000.0,855814000.0,2648450708.22,2982222708.22,13.7833775749349,2.817535401315989,0.2435451978871831,0.5206435345274235,0.01858172165309067,13.7833775749349,0.029893191997267435,4.413900601174951,17.00122421504686,2.0328834385959524,0.3744511490563615,2.1118666596424966,0.005506238026155716,0.21544132933251517,1.9620667697625762,0.013983354978300576,-33.096532306365745,0.1314711887004708,-0.3880597014925374,0.04922035408056753,1.1720709277237047,0.9250196516839928,-0.37919745654004455,-0.40527457088754504,-0.49508455337732543,-0.22504591383019293,0.8286681819813443,0.6151283485752197,Chemicals,Basic Materials,MEOH
2008Q1,2008,Q1,2008-04-25,2008-03-31,65484000.0,735934000.0,103958000.0,0.67,127071000.0,0.1726662988800626,2883403000.0,1306422000.0,1150514000.0,471523000.0,1522123000.0,348332000.0,867373000.0,2542549595.0800004,2713675595.0800004,13.446763754838088,2.4399955039308794,0.22067328084211607,0.48704782987426726,0.037911157207276544,13.446763754838088,0.05012469171523443,3.4548608911668715,9.70675888415491,1.9461931864895112,0.205607476635514,1.7479387480909019,0.005295471925524568,0.25523105857904704,1.6217151655380544,0.02271066514115439,408.50732568766074,0.1726662988800626,-0.6117360036624304,0.12378530079422959,1.8336966001315462,0.7909318940901625,-0.5299690026854476,-0.6186071975631491,-0.5691324458296723,0.06346447878904139,1.073249647831437,0.6163953458312159,Chemicals,Basic Materials,MEOH
2007Q4,2007,Q4,2007-12-31,2007-12-31,171697000.0,731057000.0,241276000.0,1.72563,270346000.0,0.36980153394331766,2869899000.0,1335354000.0,1223099000.0,498267000.0,1493287000.0,312143000.0,876348000.0,2746200000.0,2896886000.0,13.420643216080402,2.454706011034245,0.2226245592614932,0.47845739781361346,0.0889521741869163,13.420643216080402,0.1285778902073907,3.75647863299305,3.998613837166637,2.0565333237478605,0.08018777264599847,1.4759613382327972,0.005013473162916029,0.2547326578391783,1.7863254038497431,0.05982684408057566,-85.66348493355792,0.36980153394331766,6.190125,8.11094952082511,1.9964291625198207,0.858539341354691,2.9411910489102704,6.272215163066497,5.459866131191433,2.184184238429245,0.845121354266222,0.7234519344238162,Chemicals,Basic Materials,MEOH
2007Q3,2007,Q3,2007-10-26,2007-09-30,23610000.0,395118000.0,37350000.0,0.24,68595000.0,0.17360636569328655,2469084000.0,1216246000.0,918010000.0,246106000.0,1223181000.0,148804000.0,751892000.0,2729869457.2799997,2765488457.2799997,12.13630965086908,3.730140671092944,0.23037936335904327,0.4676899245711805,0.014904792527101276,12.13630965086908,0.01941219128367123,6.908997963342595,28.90586041168996,2.2445043661233006,0.5919102075391783,2.194316013010403,0.00511929241258462,0.16002614734857137,3.027085889819834,0.009562250616017924,83.59216882383562,0.17360636569328655,-0.3142857142857143,-0.4976967825609957,0.658554019400921,0.6172838979708173,-0.10350911585963536,-0.3378022101307006,-0.2241701632670018,-0.5974548672267745,0.11813927151515258,0.627495110300965,Chemicals,Basic Materials,MEOH
2007Q2,2007,Q2,2007-07-20,2007-06-30,35654000.0,466414000.0,48142000.0,0.35,76515000.0,0.1640495353913047,2430062000.0,1246958000.0,951527000.0,239982000.0,1155660000.0,179529000.0,775439000.0,2578741958.88,2601630958.88,12.142011833397651,3.96499320782392,0.20865969674847804,0.40663438544040775,0.019733948148253376,12.142011833397651,0.028592783397676586,5.528869113877371,18.081715648174118,2.0680263159464873,0.4478038929713356,2.171788401873792,0.006191391094801264,0.1919350205879521,3.0928944670850314,0.014672053634845531,26.131307596773542,0.1640495353913047,-0.7054030759285695,1.8127760707184237,1.579260802991214,0.7257508700749844,-0.6275319213151144,-0.7158794794762887,-0.7395477169443844,-0.1852406245435562,0.3540081944834425,0.6858512754433824,Chemicals,Basic Materials,MEOH
2007Q1,2007,Q1,2007-04-02,2007-03-31,125489000.0,584434000.0,184840000.0,1.188064,205427000.0,0.35149734615029243,2198133000.0,1127369000.0,948339000.0,290443000.0,1070764000.0,238845000.0,709658000.0,2346988218.96,2358259218.96,10.72615088845874,3.265146689711923,0.1920966565717361,0.3745481736680714,0.08332399816478268,10.72615088845874,0.11131138074578953,4.0158310758101,4.6756851575835325,2.08182788329287,0.09033461100176111,1.586832464569072,0.004830019984089746,0.2658774514553942,2.379754375213037,0.05708890226387575,15.657966248540607,0.35149734615029243,-0.2633166327694826,9.906874121890061,2.966527535826253,0.5451345154926728,-0.26426156468919676,-0.27229551451187334,-0.26515196692309223,2.089270863322681,0.7402319622522772,0.5435886603496981,Chemicals,Basic Materials,MEOH
