Quarters,Year,Quarter,FillingDate,Date,NetIncome,Revenue,OperatingIncome,EPSDiluted,GrossProfit,GrossProfitRatio,TotalAssets,CommonStockEquity,CurrentAssets,CurrentLiability,TotalLiability,Inventory,RetainedEarnings,MarketCap,EnterpriseValue,bookValuePerShare,currentRatio,debtToAssets,debtToEquity,roic,shareholdersEquityPerShare,roe,priceToSalesRatio,peRatio,pbRatio,payoutRatio,inventoryTurnover,dividendYield,assetTurnover,quickRatio,returnOnAssets,priceToFreeCashFlowsRatio,grossProfitMargin,epsdilutedGrowth,fiveYNetIncomeGrowthPerShare,fiveYRevenueGrowthPerShare,fiveYShareholdersEquityGrowthPerShare,grossProfitGrowth,netIncomeGrowth,operatingIncomeGrowth,threeYNetIncomeGrowthPerShare,threeYRevenueGrowthPerShare,threeYShareholdersEquityGrowthPerShare,Industry,Sector,Symbol
2023Q2,2023,Q2,2023-05-15,2023-03-31,658000.0,38859000.0,694000.0,0.01,13216000.0,0.3401013922,118109000.0,102815000.0,41287000.0,11359000.0,15294000.0,0.0,-9736000.0,47496750.0,31725750.0,0.8983398864132809,3.6347389735011886,0.036644116875089956,0.042095025044983705,0.005721507144504203,0.8983398864132809,0.006399844380683753,1.2222844128773258,18.045877659574465,0.46196323493653646,0.0,0.0,0.0,0.32900964363427004,3.5680957830794964,0.005571124977774768,27.43890814558059,0.34010139221287217,0.0,1.0208274944586477,-0.9111844648024289,-0.5773805768547573,-0.0816482523799597,0.0061162079510703364,-0.08923884514435695,1.0151060420652682,-0.8603745313539773,5.490437416426653,Staffing & Employment Services,Industrials,JOB
2023Q1,2023,Q1,2023-02-14,2022-12-31,654000.0,41148000.0,762000.0,0.01,14391000.0,0.3497375328,116156000.0,102031000.0,39529000.0,10993000.0,14125000.0,0.0,-10394000.0,56080500.0,40957500.0,0.8914897335080821,3.5958337123624124,0.02883191569957643,0.032823357607001794,0.006304532894479914,0.8914897335080821,0.0064098166243592635,1.3628973461650626,21.4375,0.5496417755388068,0.0,0.0,0.0,0.3542477358035745,3.5305194214500135,0.005630359172147801,-149.1502659574468,0.349737532808399,2.4492753623188404,1.031602456728085,-0.9212697513816638,-0.6187303190674631,-0.04575293415555998,1.8288973384030418,5.141304347826087,1.020956657712201,-0.8749113426229091,0.7530619033483986,Staffing & Employment Services,Industrials,JOB
2022Q4,2022,Q4,2022-12-20,2022-09-30,-789000.0,41523000.0,-184000.0,-0.0069,15081000.0,0.3631963008,119554000.0,101003000.0,42222000.0,15579000.0,18551000.0,0.0,-11048000.0,72021709.0,56395709.0,0.8849122561087797,2.7101867899094936,0.026950164779095637,0.03190004257299288,-0.005196694470475963,0.8849122561087797,-0.0078116491589358735,1.7345015774390098,-22.820566856780736,0.7130650475728444,0.0,0.0,0.0,0.34731585726951836,2.6714166506194235,-0.00659952824665005,55.06246865443425,0.3631963008453146,-1.345,-1.0183761517777594,-0.9222640476445252,-0.6357455056826886,-0.08605539058238895,-1.2996581845803266,-1.065132743362832,0.9748181603377271,-0.8776494310866069,0.25563562282261093,Staffing & Employment Services,Industrials,JOB
2022Q3,2022,Q3,2022-08-15,2022-06-30,2633000.0,41113000.0,2825000.0,0.02,16501000.0,0.4013572349,117791000.0,101625000.0,39460000.0,12939000.0,16166000.0,0.0,-10259000.0,59560200.0,45678200.0,0.8906660823838738,3.0496947213849603,0.031055004202358415,0.03599507995079951,0.025019257568825542,0.8906660823838738,0.0259089790897909,1.4486950599567048,5.655165210786175,0.5860782287822879,0.0,0.0,0.0,0.34903345756466964,2.9902619986088568,0.022353150919849563,17.699910846953937,0.4013572349378542,1.127659574468085,1.0378688144397437,-0.9227323464370948,-0.5616991169180429,0.1369023012264021,1.422263109475621,1.4001699235344096,1.0406586352149139,-0.8861272770070214,-0.09650292350596254,Staffing & Employment Services,Industrials,JOB
2022Q2,2022,Q2,2022-05-16,2022-03-31,1087000.0,39629000.0,1177000.0,0.0094,14514000.0,0.3662469404,115622000.0,98823000.0,36191000.0,13270000.0,16799000.0,0.0,-12892000.0,63006020.0,52941020.0,0.8661086765994741,2.7272795779954784,0.03554686824306793,0.04158950851522419,0.011077105450169579,0.8661086765994741,0.010999463687603088,1.589896792752782,14.49080496780129,0.6375643321898748,0.0,0.0,0.0,0.34274619017142066,2.6657121326299924,0.009401325007351542,30.764658203125,0.3662469403719498,-0.9328571428571429,1.6930142877524816,-0.8487524504920384,-0.6854657963928226,-0.06854062379668849,-0.9347852171826254,-0.44559585492227977,1.0279532408544347,-0.8904196237231411,-0.4161145570429155,Staffing & Employment Services,Industrials,JOB
2022Q1,2022,Q1,2022-02-14,2021-12-31,16668000.0,42847000.0,2123000.0,0.14,15582000.0,0.3636660676,114933000.0,97584000.0,34218000.0,13643000.0,17349000.0,0.0,-13979000.0,65036999.99999999,57189999.99999999,0.8552497808939526,2.508099391629407,0.03723908712032228,0.043859649122807015,0.02003599037410845,0.8552497808939526,0.1708066896212494,1.517889233785329,0.9754769618430525,0.6664719626168224,0.0,0.0,0.0,0.3727998051038431,2.445063402477461,0.1450236224583018,29.833486238532107,0.3636660676360072,3.6666666666666674,25.864836830437696,-0.8323328625359158,-0.6762697677373322,0.02331385039732055,4.568994320080187,-0.05937084625609216,1.463214882353001,-0.8933539673401184,-0.5288593808925413,Staffing & Employment Services,Industrials,JOB
2021Q4,2021,Q4,2021-12-23,2021-09-30,2993000.0,41451000.0,2257000.0,0.03,15227000.0,0.3673494005,117589000.0,80769000.0,33685000.0,31157000.0,36820000.0,0.0,-30647000.0,52965220.0,64446220.0,0.7078790534618755,1.081137465096126,0.18222792948319996,0.26529980561849226,0.01882109495381421,0.7078790534618755,0.03705629635132291,1.2777790644375286,4.424091212829937,0.6557617402716389,0.0,0.0,0.0,0.3525074624327105,1.0596976602368648,0.025453061085645767,20.465695517774343,0.36734940049697234,3.9702970297029703,-0.7616045781274415,-0.8437106126201465,-0.7293768539347438,0.1013308259800376,4.194236926360726,0.3932098765432099,1.2783180219940737,-0.902691091774133,-0.6412299082184267,Staffing & Employment Services,Industrials,JOB
2021Q3,2021,Q3,2021-08-16,2021-06-30,-937000.0,38068000.0,1620000.0,-0.0101,13826000.0,0.3631921824,113258000.0,77641000.0,28516000.0,23406000.0,35617000.0,0.0,-33640000.0,52918841.99999999,67941842.0,0.8406890876410335,1.2183200888661028,0.19761959420085115,0.28827552452956556,0.015041317695293665,0.8406890876410335,-0.012068365940675674,1.3901135336765786,-14.119221451440769,0.6815837250937004,0.0,0.0,0.0,0.33611753695103214,1.1835854054515935,-0.008273146267813312,-20.933086234177214,0.36319218241042345,0.8971486761710794,-1.1801061634711232,-0.8242417320983645,-0.6618410943927815,0.2675100843417675,0.45994236311239195,1.543171114599686,0.9434053541980967,-0.892249711552071,-0.5801141951834156,Staffing & Employment Services,Industrials,JOB
2021Q2,2021,Q2,2021-05-17,2021-03-31,-1735000.0,34718000.0,637000.0,-0.0982,10908000.0,0.3141886053,120238000.0,25932000.0,34693000.0,26008000.0,94306000.0,0.0,-32703000.0,22437090.0,84415090.0,1.467821361861097,1.3339357120885882,0.634042482409887,2.93984266543267,0.006382925811053961,1.467821361861097,-0.06690575350917785,0.6462667780402097,-3.2330100864553315,0.8652279037482647,0.0,0.0,0.0,0.2887439910843494,1.2792986773300523,-0.014429714399773782,161.41791366906475,0.3141886053344087,-4.51685393258427,-1.4700867005790703,-0.16046946460638253,-0.38323249839357576,-0.13290937996820348,-4.507936507936508,-0.6776315789473685,0.644234687955263,-0.4859504258260441,-0.30947091784298364,Staffing & Employment Services,Industrials,JOB
2021Q1,2021,Q1,2021-02-16,2020-12-31,-315000.0,34643000.0,1976000.0,-0.0178,12580000.0,0.3631325232,120471000.0,27374000.0,33593000.0,22108000.0,93097000.0,0.0,-30968000.0,17587498.5,79228498.5,1.5494424633497481,1.5194952053555275,0.628865038058952,2.7675896836414116,0.00809832483176629,1.5494424633497481,-0.011507269671951486,0.5076782755535029,-13.958332142857143,0.6424891685541024,0.0,0.0,0.0,0.287562981962464,1.480866654604668,-0.002614737156660109,390.8333,0.36313252316485295,0.973030303030303,0.7706917330843129,0.02878451028824431,-0.3424948621635024,0.1950223235489693,0.9749003984063745,1.205640545322094,0.9013932514215385,-0.5706006590721333,-0.3373390501088404,Staffing & Employment Services,Industrials,JOB
2020Q4,2020,Q4,2020-12-29,2020-09-30,-12550000.0,31004000.0,-9609000.0,-0.66,10527000.0,0.339536834,120013000.0,27378000.0,31514000.0,18163000.0,92635000.0,0.0,-30653000.0,17667000.0,78737000.0,1.5496688741721854,1.7350657930958542,0.6261321690150233,2.7446855139162833,-0.09129091059040832,1.5496688741721854,-0.4583972532690481,0.5698296993936266,-0.35193227091633467,0.6452991452991453,0.0,0.0,0.0,0.2583386799763359,1.6583714144139183,-0.10457200469949089,-7.049880287310455,0.3395368339569088,-2.5348837209302326,-3.480719983326526,0.30248458164605907,-0.25509236993968926,0.08873720136518772,-2.744266851980542,-4.662345315262227,-2.888393713958121,-0.6250078446289751,-0.3621131945860659,Staffing & Employment Services,Industrials,JOB
2020Q3,2020,Q3,2020-08-14,2020-06-30,7195000.0,26594000.0,-1697000.0,0.43,9669000.0,0.3635782507,129750000.0,39660000.0,31715000.0,24835000.0,90090000.0,0.0,-18102000.0,8638224.0,66309224.0,2.5113981762917934,1.2770283873565533,0.5722389210019267,1.8721129601613717,-0.01400968791005658,2.5113981762917934,0.18141704488149268,0.3248185304956005,0.3001467685892982,0.2178069591527988,0.0,0.0,0.0,0.20496339113680154,1.2186833098449767,0.05545279383429672,3.7737981651376145,0.3635782507332481,2.1315789473684212,47.679618444956844,-0.5442858193635162,-0.3398738336240141,-0.18843377539029713,2.325534266764923,0.27879303017424567,1.7476703478274038,-0.6388806756166794,0.23587061437542345,Staffing & Employment Services,Industrials,JOB
2020Q2,2020,Q2,2020-05-15,2020-03-31,-5428000.0,34681000.0,-2353000.0,-0.38,11914000.0,0.3435310401,121198000.0,1974000.0,21224000.0,11707000.0,119224000.0,0.0,-49772000.0,5194220.4,83727220.4,0.1384097602019352,1.812932433586743,0.6676017756068582,40.98885511651469,-0.026517389940952978,0.1384097602019352,-2.7497467071935158,0.149771356073931,-0.23923270081061165,2.631317325227964,0.0,0.0,0.0,0.28615158665984586,1.677714188092594,-0.04478621759434974,-8.103307956318254,0.34353104005074825,-0.40740740740740733,-3.6184714626279626,-0.2912404268505073,-0.8808958567424456,-0.05406907502977372,-0.5234353073252876,-12.601156069364162,-26.68583942367586,0.058941716282580645,-0.949735402874034,Staffing & Employment Services,Industrials,JOB
2020Q1,2020,Q1,2020-02-13,2019-12-31,-3563000.0,37557000.0,-173000.0,-0.27,12595000.0,0.3353569241,125156000.0,6645000.0,23684000.0,13432000.0,118511000.0,0.0,-44344000.0,5096130.0,82638130.0,0.5085329455881228,1.7632519356759977,0.6366534564863051,11.99112114371708,-0.0019694527289681025,0.5085329455881228,-0.5361926260346125,0.13569055036344757,-0.3575729722144261,0.7669119638826185,0.0,0.0,0.0,0.3000814982901339,1.663936867182847,-0.028468471347757998,-3.3793965517241378,0.3353569241419709,0.0,0.8941082295643605,-0.23116539885872858,2.020968585874945,-0.05250883923869706,0.006690827989963758,0.5518134715025906,-51.14484474435676,0.28329995123019325,-0.8075094641750342,Staffing & Employment Services,Industrials,JOB
2019Q4,2019,Q4,2019-12-23,2019-09-30,-3587000.0,38853000.0,-386000.0,-0.27,13293000.0,0.3421357424,124481000.0,9209000.0,27102000.0,18568000.0,115272000.0,0.0,-40781000.0,9734915.0,79545915.0,0.7047524297849544,1.4596079276174063,0.5933917625983082,8.021066348137692,-0.004607865805062878,0.7047524297849544,-0.3895102617005104,0.2505576145986153,-0.6784858516866462,1.057108806602237,0.0,0.0,0.0,0.31211992191579435,1.3399935372684189,-0.02881564254785871,173.83776785714286,0.34213574241371325,0.5263157894736842,-2.5355271163521578,-0.1848495976096811,-0.11610735210651162,-0.021134020618556702,0.47512437810945274,0.8974495217853348,-3.494780404273028,0.2791715388702459,-0.7305721665123268,Staffing & Employment Services,Industrials,JOB
2019Q3,2019,Q3,2019-08-14,2019-06-30,-6834000.0,38101000.0,-3764000.0,-0.57,13580000.0,0.3564210913,126346000.0,11870000.0,27356000.0,15941000.0,114476000.0,0.0,-37194000.0,9443756.3,79020756.3,0.9857985217174653,1.7160780377642557,0.5836354138635177,6.212299915754001,-0.04329528688338343,0.9857985217174653,-0.5757371524852569,0.24786111388152543,-0.3454695749195201,0.7955986773378265,0.0,0.0,0.0,0.3015607933769174,1.5431905150241516,-0.05408956357937727,-11.760593150684933,0.3564210913099394,-0.6764705882352938,-1.01625202289966,-0.17983394486185766,0.5460206084495858,0.15890083632019117,-0.7568123393316195,-3.584652862362972,-11.075279726087384,0.3492276460787607,-0.6034722537096472,Staffing & Employment Services,Industrials,JOB
2019Q2,2019,Q2,2019-05-15,2019-03-31,-3890000.0,36177000.0,-821000.0,-0.34,11718000.0,0.323907455,129599000.0,16931000.0,25135000.0,13984000.0,112668000.0,0.0,-30360000.0,13175180.200000001,82540180.2,1.4833537760644822,1.7974113272311212,0.5565320720067285,4.259996456204595,-0.009181052233580752,1.4833537760644822,-0.22975606874963087,0.3641866434474943,-0.8467339460154243,0.7781690508534642,0.0,0.0,0.0,0.2791456724203119,1.6270737986270023,-0.030015663701108804,-21.995292487479134,0.32390745501285345,-0.06250000000000006,0.04259702593198979,-0.24676812933895734,0.5854988190007618,-0.07956955463042965,-0.126882966396292,-44.21052631578947,-7.5721006239477076,0.35406430238154873,-0.37670589471341714,Staffing & Employment Services,Industrials,JOB
2019Q1,2019,Q1,2019-02-14,2018-12-31,-3452000.0,38543000.0,19000.0,-0.32,12731000.0,0.330306411,130905000.0,19870000.0,24999000.0,13454000.0,111035000.0,0.0,-26470000.0,7693943.399999999,76246943.4,1.815274986296364,1.8581091125315892,0.5504220618005424,3.6262204328132865,0.00024360198720062984,1.815274986296364,-0.17372924006039256,0.19961973380380352,-0.5572091106604866,0.3872140613990941,0.0,0.0,0.0,0.2944348955349299,1.6758584807492196,-0.026370268515335547,10.355240107671602,0.3303064110214566,-2.3970276008492566,-1.0720568512651314,-0.257150700230821,0.7331011060540537,-0.1404361623117953,-2.4246031746031744,-0.9891922639362912,-3.0559006700487177,0.847403674777405,-0.22968896341230435,Staffing & Employment Services,Industrials,JOB
2018Q4,2018,Q4,2018-12-27,2018-09-30,-1008000.0,39928000.0,1758000.0,-0.0942,14811000.0,0.3709426969,133601000.0,21102000.0,26234000.0,13119000.0,112499000.0,0.0,-23018000.0,27593100.0,96680100.0,1.973071528751753,1.999695098711792,0.5411636140448051,3.426215524594825,0.008924008327188981,1.973071528751753,-0.04776798407733864,0.6910714285714286,-6.843526785714285,1.307605914131362,0.0,0.0,0.0,0.29886003847276593,1.8269685189419926,-0.007544853706184834,38.91833568406206,0.3709426968543378,0.4766666666666666,0.7895398867815152,-0.24974643749081832,0.7215483269809115,0.006113715100876299,0.465818759936407,1.9546218487394957,0.40550715708466234,1.7708590844637078,-0.051567685898660905,Staffing & Employment Services,Industrials,JOB
2018Q3,2018,Q3,2018-08-14,2018-06-30,-1887000.0,40267000.0,595000.0,-0.18,14721000.0,0.365584722,134361000.0,21075000.0,25656000.0,27783000.0,113286000.0,0.0,-22010000.0,24209799.999999996,93791800.0,2.0021850655519664,0.923442392830148,0.5374997209011544,3.426761565836299,0.005246162495669258,2.0021850655519664,-0.0895373665480427,0.6012317778826334,-3.2074456809750926,1.1487449584816132,0.0,0.0,0.0,0.2996926191379939,0.8567469315768635,-0.014044253912965815,48.32295409181636,0.3655847219807783,0.3571428571428572,-0.7061350590517715,-0.22573374305044094,0.3334995008413787,0.08036107441655659,0.3443363446838082,38.666666666666664,-20.154112640620596,0.035218257639432156,-0.473721545163491,Staffing & Employment Services,Industrials,JOB
2018Q2,2018,Q2,2018-05-15,2018-03-31,-2878000.0,39857000.0,15000.0,-0.28,13626000.0,0.3418721931,135097000.0,22162000.0,25308000.0,26268000.0,112935000.0,0.0,-20123000.0,27558003.200000003,97449003.2,2.125647419911759,0.9634536317953404,0.5390867302752836,3.2862106308094936,0.00020808796113825013,2.125647419911759,-0.1298619258189694,0.6914219133401912,-2.3938501737317583,1.2434799747315226,0.0,0.0,0.0,0.2950250560708232,0.895995127150906,-0.021303211766360467,78.73715200000001,0.3418721930902978,-0.5555555555555558,0.27484183469432216,-0.38785365523029336,0.32770360865472814,-0.13617344998098135,-0.6069235064209939,-0.9898305084745763,-2.899159792825628,0.11422947954108816,0.8291586839457666,Staffing & Employment Services,Industrials,JOB
2018Q1,2018,Q1,2018-02-14,2017-12-31,-1791000.0,45232000.0,1475000.0,-0.18,15774000.0,0.3487354086,139021000.0,23160000.0,27548000.0,26918000.0,115861000.0,0.0,-17245000.0,27535899.999999996,97584900.0,2.338213023725391,1.0234044134036704,0.5289057048935053,3.174827288428325,0.015020273424611708,2.338213023725391,-0.07733160621761657,0.6087703395825963,-3.8436487995533217,1.1889421416234887,0.0,0.0,0.0,0.3253609166960387,0.971431755702504,-0.0128829457420102,-73.0395225464191,0.34873540856031127,-1.473684210526316,-4.382383418336264,-0.32329253290401405,0.1818514885119325,-0.06235510907685906,-1.4806763285024154,5.1203319502074685,0.9297795862311391,0.22154431987166667,5.694370472981698,Staffing & Employment Services,Industrials,JOB
2017Q4,2017,Q4,2017-12-28,2017-09-30,3726000.0,46354000.0,241000.0,0.38,16823000.0,0.362924451,141815000.0,24063000.0,28977000.0,27389000.0,117752000.0,0.0,-15454000.0,29219750.0,98699750.0,2.429379101463907,1.0579794808134653,0.5095723301484328,3.003158375929851,-0.0035525771576179754,2.429379101463907,0.15484353571873832,0.6303609181516159,1.9605307300053678,1.214302040477081,0.0,0.0,0.0,0.3268624616577936,0.9479353024937018,0.026273666396361455,32.6842841163311,0.3629244509643181,1.6229508196721312,2.263559136877738,-0.222626862102629,0.28416801760451443,-0.013545209335053359,1.6189368770764119,2.004166666666667,1.1042162749140592,0.28298570301638193,2.0469002105963066,Staffing & Employment Services,Industrials,JOB
2017Q3,2017,Q3,2017-08-14,2017-06-30,-6020000.0,46069000.0,-240000.0,-0.61,17054000.0,0.3701838547,140962000.0,20075000.0,29433000.0,27868000.0,120887000.0,0.0,-19180000.0,50975640.0,121107640.0,2.0320882680433243,1.056157600114827,0.517770746726068,3.6356662515566627,-0.0026684944326706406,2.0320882680433243,-0.29987546699875467,1.1065063274653237,-2.1169285714285717,2.539259775840598,0.0,0.0,0.0,0.3268185752188533,0.9650495191617626,-0.04270654502631915,-88.65328695652174,0.3701838546528034,-43.52554744525547,-45.07597935013665,-0.2699169101978091,0.000551017206083428,2.015738284703802,-45.666666666666664,-1.7339449541284404,-1.1647906519717308,0.20871461340488578,2.186909161833799,Staffing & Employment Services,Industrials,JOB
2017Q2,2017,Q2,2017-05-15,2017-03-31,-129000.0,21549000.0,327000.0,-0.0137,5655000.0,0.2624251705,45660000.0,25840000.0,16153000.0,14763000.0,19820000.0,0.0,-13160000.0,46450800.0,58250800.0,2.753623188405797,1.0941543046806204,0.2926412614980289,0.5171052631578947,0.016554492902638406,2.753623188405797,-0.004992260061919504,2.1555895865237367,-90.02093023255814,1.7976315789473687,0.0,0.0,0.0,0.47194480946123524,0.9930908351960983,-0.0028252299605781867,126.91475409836066,0.26242517054155645,-2.3699999999999997,0.9476680912639656,-0.6077104553082041,0.40656472611152045,0.03894910894727172,-3.5294117647058822,-0.31446540880503143,0.9613824470839284,-0.4542759067550082,1.9432400979715556,Staffing & Employment Services,Industrials,JOB
2017Q1,2017,Q1,2017-02-14,2016-12-31,51000.0,21006000.0,477000.0,0.01,5443000.0,0.2591164429,46260000.0,24778000.0,16362000.0,16442000.0,21482000.0,0.0,-13031000.0,40635455.4,53322455.4,2.6418594732913956,0.995134411872035,0.3216601815823606,0.6005327306481556,0.005242903750140626,2.6418594732913956,0.0020582775042376302,1.9344689802913453,199.1934088235294,1.6399812494955204,0.0,0.0,0.0,0.45408560311284046,0.8983092081255322,0.0011024643320363165,-56.99222356241234,0.25911644292107017,-0.9090909090909092,1.4068697126007847,-0.6197268245360853,0.21375627166948952,-0.09749626927541039,-0.9505813953488372,-0.19015280135823429,1.0357272808558453,-0.5275047222564762,1.5222677609535396,Staffing & Employment Services,Industrials,JOB
2016Q4,2016,Q4,2016-12-22,2016-09-30,1032000.0,21801000.0,589000.0,0.11,6031000.0,0.2766386863,45926000.0,24533000.0,15597000.0,16194000.0,21393000.0,0.0,-13082000.0,49052170.00000001,59937170.00000001,2.6157372854248853,0.9631344942571323,0.29205678700518223,0.5467329719153793,0.01548387333429045,2.6157372854248853,0.04206578893734969,2.249996330443558,11.88279312015504,1.9994362695145318,0.0,0.0,0.0,0.47469842790576144,0.8705075954057058,0.022470931498497583,-12263.042500000001,0.2766386862987936,1.2,-0.46942062053523825,-0.5650754310565758,0.20917944943405595,-0.03873127191584316,0.9545454545454546,0.06896551724137931,1.2457045607651411,-0.5328770796004371,1.2822883417681576,Staffing & Employment Services,Industrials,JOB
2016Q3,2016,Q3,2016-08-15,2016-06-30,528000.0,21982000.0,551000.0,0.05,6274000.0,0.2854153398,46283000.0,23302000.0,16175000.0,17670000.0,22981000.0,0.0,-14114000.0,39347854.00000001,50149854.00000001,2.48607702976635,0.9153933220147142,0.31026510813905755,0.6162561153549052,0.014602474964109676,2.48607702976635,0.022658999227534116,1.7900033663906836,18.630612689393942,1.6886041541498586,0.0,0.0,0.0,0.4749476049521423,0.8441426146010187,0.011408076399541948,-634.6428064516131,0.28541533982349193,2.3297872340425534,-0.20556315462241143,-0.5906976562499076,0.22915351019565033,0.039430086149768055,2.4347826086956523,0.4424083769633508,1.5361177402056299,-0.525328660108871,0.6557822427532237,Staffing & Employment Services,Industrials,JOB
2016Q2,2016,Q2,2016-05-16,2016-03-31,-368000.0,21666000.0,382000.0,-0.0376,6036000.0,0.2785931875,45288000.0,22028000.0,14673000.0,17914000.0,23260000.0,0.0,-14642000.0,39800800.0,50303800.0,2.3798617113223854,0.8190800491235904,0.29630365659777425,0.6091792264390775,-0.5665440154113384,2.3798617113223854,-0.01670601053205012,1.837016523585341,-27.03858695652174,1.8068276738696205,0.0,0.0,0.0,0.478404875463699,0.7742547728033939,-0.008125772831655184,72.62919708029197,0.2785931874826918,0.5167095115681234,0.3698203721198234,-0.39446666228536736,0.2442094710153111,0.14145234493192133,0.48817802503477054,6.536231884057971,0.8955558438894946,-0.6251791273875759,0.486488752849293,Staffing & Employment Services,Industrials,JOB
2016Q1,2016,Q1,2016-02-16,2015-12-31,-719000.0,17625000.0,-69000.0,-0.0778,5288000.0,0.3000283688,41334000.0,21791000.0,14232000.0,14258000.0,19543000.0,0.0,-14649000.0,54927180.0,61087180.0,2.356548069644209,0.9981764623369337,0.2605603135433299,0.4942407415905649,-0.003867087732404482,2.356548069644209,-0.03299527327795879,3.1164357446808513,-19.09846314325452,2.5206360424028267,0.0,0.0,0.0,0.4264044128320511,0.9425585636134101,-0.017394880727730197,453.94363636363636,0.30002836879432626,0.51375,-58.99352763058289,-0.5239090142086233,-0.123157207411258,0.42418529490977647,0.509549795361528,0.9420168067226891,-2.454486730085806,-0.717552376162265,0.1911189509249871,Staffing & Employment Services,Industrials,JOB
2015Q4,2015,Q4,2015-12-29,2015-09-30,-1466000.0,12459000.0,-1190000.0,-0.16,3713000.0,0.2980174974,26874000.0,19237000.0,13030000.0,7394000.0,7637000.0,0.0,-14255000.0,36960259.0,33963259.0,2.0803503839082946,1.7622396537733298,0.10921336607873781,0.15257056713624786,-0.05902231381382113,2.0803503839082946,-0.07620730883193845,2.966551007303957,-6.302909106412005,1.9213109632479075,0.0,0.0,0.0,0.46360794820272383,1.6348390586962402,-0.05455086700900499,49.611085906040266,0.29801749739144395,-18.02127659574468,0.09041926279624996,-0.5075102193451643,0.9492830827110573,0.018097066081710994,-51.55172413793103,-6.748792270531401,0.46747461564808396,-0.7761901886475555,0.09967169258041617,Staffing & Employment Services,Industrials,JOB
2015Q3,2015,Q3,2015-08-14,2015-06-30,29000.0,11450000.0,207000.0,0.0094,3647000.0,0.3185152838,17520000.0,11788000.0,7241000.0,5732000.0,5732000.0,0.0,-12927000.0,29990381.5,32074381.5,3.8044214942714216,1.2632588974180041,0.1824771689497717,0.27120800814387513,0.0033949203440728866,3.8044214942714216,0.0024601289446895148,2.619247292576419,258.5377715517241,2.544145020359688,0.0,0.0,0.0,0.6535388127853882,1.175505931612003,0.0016552511415525114,196.01556535947714,0.31851528384279476,-0.9373333333333334,1.047367280377013,0.33585064117438507,2.065422014007077,0.3123425692695214,-0.9301204819277108,1.4099009900990098,-0.3230369533645312,-0.4214638838650457,0.8732049467709458,Staffing & Employment Services,Industrials,JOB
2015Q2,2015,Q2,2015-05-15,2015-03-31,415000.0,9796000.0,-505000.0,0.15,2779000.0,0.2836872193,10110000.0,3318000.0,7216000.0,6792000.0,6792000.0,0.0,-13045000.0,25970899.2,28525899.2,1.1620902213505184,1.0624263839811543,0.34055390702274974,1.037673297166968,0.6888362996926819,1.1620902213505184,0.12507534659433395,2.6511738668844425,15.645119999999999,7.827275226039783,0.0,0.0,0.0,0.9689416419386746,0.9540636042402827,0.0410484668644906,-29.88595995397008,0.2836872192731727,1.0581395348837208,1.1389119601328903,1.2636037475897812,0.1374372466473984,-0.07796947577969476,1.062228220122957,-2.4827586206896552,1.5533200734394126,-0.4138890260209252,-0.4063984060008263,Staffing & Employment Services,Industrials,JOB
2015Q1,2015,Q1,2015-02-17,2014-12-31,-6669000.0,9682000.0,-145000.0,-2.58,3014000.0,0.3112993183,9621000.0,-1290000.0,6609000.0,10911000.0,10911000.0,0.0,-13000000.0,31337790.0,35054790.0,-0.4980887292945674,0.6057189991751444,0.43114021411495684,-3.2155038759689925,-0.09931031550528971,-0.4980887292945674,5.169767441860465,3.236706259037389,-1.174755960413855,-24.292860465116277,0.0,0.0,0.0,1.0063402972663964,0.5095774906058107,-0.6931711880261927,-36.22865895953757,0.3112993183226606,-15.333333333333336,-1.9247486202605906,1.5364790843381533,-1.330249117837528,-0.303121387283237,-15.40388768898488,-1.2234206471494606,-191.6723718529939,-0.3652671890643448,-1.22883818202335,Staffing & Employment Services,Industrials,JOB
2014Q4,2014,Q4,2014-12-22,2014-09-30,463000.0,9447000.0,649000.0,0.18,4325000.0,0.4578172965,9844000.0,2065000.0,6725000.0,7634000.0,7779000.0,0.0,-9593000.0,4143840.0,6925840.0,0.7973280821653346,0.8809274299187844,0.29967492889069486,1.4285714285714286,0.1212927908599809,0.7973280821653346,0.22421307506053267,0.43864083836138457,2.2374946004319654,2.0067021791767554,0.0,0.0,0.0,0.9596708655018286,0.664789101388525,0.04703372612759041,12.869068322981366,0.4578172964962422,1.6428571428571428,2.733305130129248,0.9405687961884663,-0.5903129900394709,0.4646122587199458,1.6395027624309393,2.193014705882353,-0.13796440016989064,-0.317496343599369,-0.6314183626990713,Staffing & Employment Services,Industrials,JOB
2014Q3,2014,Q3,2014-08-14,2014-06-30,-724000.0,9923000.0,-544000.0,-0.28,2953000.0,0.2975914542,10259000.0,1640000.0,7005000.0,8580000.0,8619000.0,0.0,-9826000.0,4629600.0,7829600.0,0.6376360808709176,0.8164335664335665,0.3183546154595965,1.9914634146341463,-0.12662535156204788,0.6376360808709176,-0.44146341463414634,0.46655245389499145,-1.5986187845303867,2.8229268292682925,0.0,0.0,0.0,0.9672482698118725,0.7102564102564103,-0.07057218052441759,-771.6,0.29759145419731936,0.22222222222222213,0.9683243713936239,-0.2092452448838529,-0.8785175080155555,0.010955152345087298,0.1116564417177914,0.1486697965571205,-4.969827854346544,-0.3266704537053272,-0.6847432249098309,Staffing & Employment Services,Industrials,JOB
2014Q2,2014,Q2,2014-05-20,2014-03-31,-815000.0,9634000.0,-639000.0,-0.36,2921000.0,0.3031970106,10593000.0,2142000.0,7311000.0,8399000.0,8451000.0,0.0,-9192000.0,5252113.0,8359113.0,0.9355754531557109,0.8704607691391832,0.3399414707825923,1.681139122315593,-0.12473411204981077,0.9355754531557109,-0.38048552754435105,0.5451643138883122,-1.611077607361963,2.4519668534080297,0.0,0.0,0.0,0.9094685169451524,0.7736635313727824,-0.07693760030208628,13.1302825,0.3031970105875026,-1.4,0.9155055086841464,-0.12079964746899284,-0.8508565674213195,-0.08575899843505477,-1.3487031700288183,-4.97196261682243,-4.642308753646154,0.08855069526168126,-0.5108741679704725,Staffing & Employment Services,Industrials,JOB
2014Q1,2014,Q1,2014-02-19,2013-12-31,-347000.0,10807000.0,-107000.0,-0.15,3195000.0,0.2956417137,10218000.0,2388000.0,6804000.0,7749000.0,7830000.0,0.0,-8465000.0,4878986.0,8914986.0,1.0474143602789596,0.8780487804878049,0.4022313564298297,1.721105527638191,-0.025171418382884333,1.0474143602789596,-0.14530988274706869,0.4514653465346535,-3.5151195965417874,2.0431264656616417,0.0,0.0,0.0,1.0576433744372675,0.804361853142341,-0.03395967899784694,-8.470461805555555,0.2956417137040807,0.6666666666666667,0.9493485030316486,-0.15196672208640463,-0.8744512608298718,0.12777973879279916,0.6601371204701273,0.8748538011695907,-114.51811482959776,0.18399820387887303,-0.6102698924349903,Staffing & Employment Services,Industrials,JOB
2013Q4,2013,Q4,2014-01-13,2013-09-30,-1021000.0,11345000.0,-855000.0,-0.45,2833000.0,0.2497135302,11232000.0,2613000.0,7712000.0,8493000.0,8619000.0,0.0,-8238000.0,5243770.0,8688770.0,1.146102899249967,0.9080419168727187,0.33885327635327633,1.4565633371603521,-0.14681984931773184,1.146102899249967,-0.3907386146192116,0.4622097840458352,-1.283978942213516,2.006800612323,0.0,0.0,0.0,1.0100605413105412,0.8310373248557635,-0.09090099715099716,-10.445756972111553,0.24971353018951079,-3.0909090909090913,0.756010053368615,-0.3164485914369144,-0.8833801915952308,-0.2307901167526473,-3.4780701754385963,-76.72727272727273,-1.5693193358683073,0.8188781112469425,0.07389553694169348,Staffing & Employment Services,Industrials,JOB
2013Q3,2013,Q3,2013-08-15,2013-06-30,-228000.0,10721000.0,-11000.0,-0.11,3683000.0,0.343531387,11399000.0,3258000.0,7769000.0,7970000.0,8141000.0,0.0,-7217000.0,6292710.0,9246710.0,1.5014516798009125,0.9747804265997491,0.2592332660759716,0.9069981583793738,-0.006841859741875291,1.5014516798009125,-0.06998158379373849,0.5869517768864845,-6.8999013157894735,1.9314640883977898,0.0,0.0,0.0,0.9405210983419598,0.7319949811794229,-0.020001754539871918,-18.23973913043478,0.3435313869974816,0.7105263157894737,0.95337568409015,-0.2954408553817072,-0.8598663186452528,0.02333981661572659,0.7239709443099274,0.9857512953367875,0.4682260240725547,0.7860741841848811,0.2097983988262204,Staffing & Employment Services,Industrials,JOB
2013Q2,2013,Q2,2013-05-15,2013-03-31,-826000.0,13551000.0,-772000.0,-0.38,3599000.0,0.2655892554,11211000.0,3474000.0,7546000.0,7524000.0,7737000.0,0.0,-6989000.0,6943680.0,9498680.0,1.6009954375777686,1.0029239766081872,0.23120149852823121,0.7461139896373057,-0.12851139502957284,1.6009954375777686,-0.2377662636729994,0.5124108921850786,-2.101598062953995,1.9987564766839379,0.0,0.0,0.0,1.2087235750602088,0.9311536416799575,-0.07367763803407368,17.668396946564886,0.26558925540550515,-8.238095238095239,0.8120341431353023,-0.17060004364869064,-0.8644180777981771,-0.14431764146457443,-8.120689655172415,-4.015625,0.6361952163694179,3.1202141401547974,0.56703137928241,Staffing & Employment Services,Industrials,JOB
2013Q1,2013,Q1,2013-04-16,2012-12-31,116000.0,14643000.0,256000.0,0.0525,4206000.0,0.2872362221,11868000.0,4293000.0,8074000.0,7384000.0,7575000.0,0.0,-6162000.0,10367782.2,13215782.2,1.9784321858150145,1.0934452871072589,0.26078530502190767,0.7209410668530165,0.02161016702470149,1.9784321858150145,0.027020731423247145,0.7080367547633681,22.34435818965517,2.4150436058700206,0.0,0.0,0.0,1.2338220424671384,1.064192849404117,0.00977418267610381,-12.831413613861384,0.2872362220856382,1.175,1.0607474349190456,-0.12174177719759886,-0.845493011707241,0.14293478260869566,1.1795665634674923,1.4654545454545456,1.0607196266311005,3.5786721273271676,0.3117652451043059,Staffing & Employment Services,Industrials,JOB
2012Q4,2012,Q4,2013-03-29,2012-09-30,-646000.0,13063000.0,-550000.0,-0.3,3680000.0,0.2817117048,11199000.0,4105000.0,7371000.0,6841000.0,7094000.0,0.0,-6348000.0,13019400.0,15059400.0,1.891792248490714,1.0774740535009502,0.21466202339494597,0.5856272838002436,-0.09128086606093647,1.891792248490714,-0.15736906211936663,0.9966623287146903,-5.038467492260062,3.171595615103532,0.0,0.0,0.0,1.1664434324493258,1.0415143984797544,-0.057683721760871505,-107.59834710743802,0.2817117048151267,-22.8978102189781,-1.223238907162156,-0.3815678960405912,-0.8667428152653798,-0.02309530130076984,-22.533333333333335,-5.296875,-1.8864884576929006,2.2027373983666094,-0.027950065867674675,Staffing & Employment Services,Industrials,JOB
2012Q3,2012,Q3,2012-08-14,2012-06-30,30000.0,13860000.0,128000.0,0.0137,3767000.0,0.2717893218,11841000.0,4407000.0,7622000.0,6904000.0,7434000.0,0.0,-5750000.0,8629692.299999999,10548692.299999999,2.030969169086133,1.103997682502897,0.2127354108605692,0.571590651236669,0.00701813383435011,2.030969169086133,0.0068073519400953025,0.622632922077922,71.9141025,1.95817842069435,0.0,0.0,0.0,1.1705092475297694,1.0698146002317497,0.002533569799847986,25.760275522388056,0.2717893217893218,1.0526923076923076,-0.9806480262564695,-0.32357212829356674,-0.8496691738760933,0.15410539215686275,1.0526315789473684,1.2782608695652173,1.001555747727298,0.30916171252131447,-0.6130595441412808,Staffing & Employment Services,Industrials,JOB
2012Q2,2012,Q2,2012-05-15,2012-03-31,-570000.0,12702000.0,-460000.0,-0.26,3264000.0,0.2569674067,11160000.0,4248000.0,6841000.0,6339000.0,6912000.0,0.0,-5829000.0,12370599.899999999,14574599.899999999,1.9576939029448361,1.079192301624862,0.2060035842293907,0.541195856873823,-0.07776481038525018,1.9576939029448361,-0.134180790960452,0.9739096126594236,-5.425701710526315,2.9120997881355932,0.0,0.0,0.0,1.1381720430107527,1.0378608613345954,-0.051075268817204304,39.776848553054656,0.2569674067076051,-18.6969696969697,-1.7512788607769942,-0.39243989242851984,-0.8506710888670912,-0.05610179294389821,-18.655172413793103,-7.133333333333334,0.9376485481168826,0.22307826363972746,-0.68791700590401,Staffing & Employment Services,Industrials,JOB
2012Q1,2012,Q1,2012-02-14,2011-12-31,-29000.0,12780000.0,75000.0,-0.0132,3458000.0,0.2705790297,11933000.0,4723000.0,7669000.0,6578000.0,7210000.0,0.0,-5314000.0,9113580.0,11428580.0,2.17659799990783,1.1658558832471877,0.19777088745495683,0.49968240525089985,-0.013351011914627182,2.17659799990783,-0.006140165149269532,0.713112676056338,-78.5653448275862,1.9296167690027524,0.0,0.0,0.0,1.07097963630269,1.1415323806628155,-0.002430235481438029,-13.188972503617945,0.2705790297339593,-1.0628571428571427,-1.0116218458192743,-0.3740703306925559,-0.8313496913978701,0.09465020576131687,-1.0644444444444445,-0.7564935064935064,0.9955522856533366,0.05369440980082485,-0.7391012144459517,Staffing & Employment Services,Industrials,JOB
2011Q4,2011,Q4,2011-12-29,2011-09-30,450000.0,11597000.0,308000.0,0.21,3159000.0,0.272398034,11496000.0,4694000.0,7108000.0,6121000.0,6802000.0,0.0,-5337000.0,4990770.0,7295770.0,2.163233328724826,1.1612481620650221,0.22781837160751567,0.557946314443971,0.08423355667988514,2.163233328724826,0.09586706433745207,0.4303500905406571,2.77265,1.0632232637409458,0.0,0.0,0.0,1.0087856645789839,1.1302074824375101,0.03914405010438413,-6.699020134228188,0.2723980339743037,2.004291845493562,-0.8214704344219429,-0.4534482812602218,-0.8374733628681347,0.18403298350824587,2.103448275862069,0.030100334448160536,1.112988640321172,-0.26584388877612747,-0.7798837639309747,Staffing & Employment Services,Industrials,JOB
2011Q3,2011,Q3,2011-08-15,2011-06-30,145000.0,11717000.0,299000.0,0.0699,2668000.0,0.227703337,9974000.0,4136000.0,5050000.0,3914000.0,5838000.0,0.0,-5562000.0,4723719.0,5402719.0,2.022592791823561,1.2902401635155851,0.09785442149588931,0.23597678916827852,0.03820281549154789,2.022592791823561,0.03505802707930367,0.40315089186651876,8.144343103448277,1.1420984042553193,0.0,0.0,0.0,1.1747543613394826,1.2391415431783341,0.014537798275516342,-393.64325,0.2277033370316634,2.1077654516640254,-0.9543706293706293,-0.4456428743216941,-0.8411062461115872,0.2698714897667777,2.124031007751938,4.784810126582278,1.0314639521437878,-0.1829168869536012,-0.8112271093283576,Staffing & Employment Services,Industrials,JOB
2011Q2,2011,Q2,2011-05-16,2011-03-31,-129000.0,7904000.0,-79000.0,-0.0631,2101000.0,0.2658147773,9889000.0,3911000.0,4822000.0,3943000.0,5978000.0,0.0,-5785000.0,10019030.0,10686030.0,1.9127500366801975,1.2229267055541466,0.12802103347153404,0.3237023779084633,-0.018928024843613025,1.9127500366801975,-0.032983891587829196,1.2675898279352227,-19.416724806201554,2.561756583993864,0.0,0.0,0.0,0.7992719182930529,1.1706822216586354,-0.013044797249469107,-15.413892307692308,0.26581477732793524,-49.53846153846154,-1.092796288662675,-0.6019974372768622,-0.8399668911290483,0.13139472267097468,-65.5,-3.8214285714285716,0.9688470803731627,-0.4866072666492728,-0.8380168234226395,Staffing & Employment Services,Industrials,JOB
2011Q1,2011,Q1,2011-02-22,2010-12-31,2000.0,5972000.0,28000.0,0.0013,1857000.0,0.3109511052,8877000.0,4009000.0,3607000.0,2658000.0,4868000.0,0.0,-5680000.0,7458500.0,7479500.0,2.6875377086545553,1.357035364936042,0.02973977695167286,0.06585183337490647,0.0008737030969654417,2.6875377086545553,0.0004988775255674732,1.2489115874079035,932.3124999999999,1.8604390122224992,0.0,0.0,0.0,0.672749802861327,1.273890142964635,0.00022530134054297624,-7.721014492753623,0.3109511051574012,1.0076470588235293,-0.9973038311993028,-0.5627000700289106,-0.7685606536608622,0.26326530612244897,1.0076923076923077,1.2314049586776858,1.0015235551549706,-0.4789610483085451,-0.7901149403731631,Staffing & Employment Services,Industrials,JOB
2010Q4,2010,Q4,2010-12-28,2010-09-30,-260000.0,4081000.0,-121000.0,-0.17,1470000.0,0.3602058319,3394000.0,1592000.0,2580000.0,1371000.0,1802000.0,0.0,-5695000.0,4027590.0000000005,3082590.0000000005,1.0672387209224374,1.8818380743982495,0.0,0.0,-0.15201005025125627,1.0672387209224374,-0.16331658291457288,0.9869125214408234,-3.8726826923076922,2.5298932160804024,0.0,0.0,0.0,1.2024160282852092,1.724288840262582,-0.07660577489687684,10.327153846153847,0.3602058319039451,0.15,-1.1649420913367694,-0.7389448926630973,-0.9060829925588255,0.056793673616103525,0.051094890510948905,0.0546875,-1.1306980018115744,-0.7189562546101704,-0.9248240775363346,Staffing & Employment Services,Industrials,JOB
2010Q3,2010,Q3,2010-08-16,2010-06-30,-274000.0,3836000.0,-128000.0,-0.2,1391000.0,0.3626173097,3858000.0,1721000.0,2966000.0,1669000.0,2137000.0,0.0,-5565000.0,3881373.3,3794373.3,1.2410759356746233,1.7771120431396046,0.12130637636080871,0.27193492155723414,-0.11694837825491092,1.2410759356746233,-0.15920976176641488,1.0118282846715327,-3.541398996350365,2.255301162115049,0.0,0.0,0.0,0.9942975635044065,1.6087477531455963,-0.07102125453602903,-4.420698519362187,0.36261730969760164,0.8095238095238095,-1.1961800368809816,-0.7325253567473438,-0.8855298863490928,0.43550051599587203,0.8042857142857143,0.8147612156295224,-1.2765742723575835,-0.7070496194107175,-0.9081364830484268,Staffing & Employment Services,Industrials,JOB
2010Q2,2010,Q2,2010-05-13,2010-03-31,-1400000.0,2028000.0,-691000.0,-1.05,969000.0,0.4778106509,3050000.0,1367000.0,2580000.0,1179000.0,1683000.0,0.0,-5428000.0,6823799.999999999,5894799.999999999,1.0216741405082213,2.188295165394402,0.16524590163934427,0.3686905632772495,-0.7386424371993586,1.0216741405082213,-1.024140453547915,3.3647928994082834,-1.2185357142857143,4.991806876371617,0.0,0.0,0.0,0.6649180327868852,1.9482612383375741,-0.45901639344262296,-8.383046683046683,0.47781065088757396,-0.19318181818181823,-13.807673143996016,-0.8360229726261117,-0.9011400949303074,-0.007172131147540984,-0.18845500848896435,-0.21015761821366025,-3.992526158445441,-0.8426855200347173,-0.92206877351702,Staffing & Employment Services,Industrials,JOB
2010Q1,2010,Q1,2010-02-05,2009-12-31,-1178000.0,1972000.0,-571000.0,-0.88,976000.0,0.4949290061,3779000.0,2018000.0,3259000.0,1221000.0,1761000.0,0.0,-4728000.0,9226848.0,7519848.0,1.508221225710015,2.6691236691236693,0.14289494575284467,0.267591674925669,-0.4464425332290852,1.508221225710015,-0.5837462834489594,4.678929006085193,-1.9581595925297115,4.57227353815659,0.0,0.0,0.0,0.5218311722677957,2.4963144963144965,-0.3117226779571315,-16.38871758436945,0.4949290060851927,-7.8,-2.90029832560827,-0.8449175734172509,-0.8535953810190411,-0.20907617504051865,-7.536231884057971,-7.27536231884058,-1.7656071991273785,-0.8433663021703147,-0.8831378255575684,Staffing & Employment Services,Industrials,JOB
2009Q4,2009,Q4,2010-01-08,2009-09-30,-138000.0,2515000.0,-69000.0,-0.1,1234000.0,0.4906560636,4667000.0,2604000.0,4097000.0,1488000.0,2063000.0,0.0,-4139000.0,9767400.0,7532400.0,1.946188340807175,2.7533602150537635,0.12320548532247697,0.2208141321044547,-0.04340987731991192,1.946188340807175,-0.052995391705069124,3.883658051689861,-17.694565217391304,3.750921658986175,0.0,0.0,0.0,0.5388900792800514,2.586021505376344,-0.029569316477394473,-43.02819383259912,0.4906560636182903,0.9887514060742407,0.9445789631686586,-0.7446212456349879,-0.8065485776562218,-0.1662162162162162,0.9699346405228758,0.970373550880206,-1.0887892376681616,-0.8077761802701272,-0.8537802454980248,Staffing & Employment Services,Industrials,JOB
2009Q3,2009,Q3,2009-08-13,2009-06-30,-4590000.0,2520000.0,-2329000.0,-8.89,1480000.0,0.5873015873,5312000.0,2711000.0,4683000.0,1936000.0,2601000.0,0.0,-4070000.0,2685800.0,269800.0,5.248789932236205,2.418904958677686,0.1251882530120482,0.2452969383991147,-1.379739336492891,5.248789932236205,-1.6931021763187015,1.0657936507936507,-0.14628540305010893,0.9907045370711915,0.0,0.0,0.0,0.4743975903614458,2.1616735537190084,-0.8640813253012049,-2.794797086368366,0.5873015873015873,-1.1116389548693588,-189.17618586640853,-0.5076913713847739,-0.522279193833685,0.01718213058419244,-1.109375,-1.1665116279069767,-6.7186156824782195,-0.5279635949032428,-0.587658010511949,Staffing & Employment Services,Industrials,JOB
2009Q2,2009,Q2,2009-05-13,2009-03-31,-2176000.0,2472000.0,-1075000.0,-4.21,1455000.0,0.588592233,4610000.0,3240000.0,3745000.0,1370000.0,1370000.0,0.0,-1775000.0,1859400.0,-604600.0,6.2729912875121006,2.7335766423357666,0.0,0.0,-0.6635802469135802,6.2729912875121006,-0.671604938271605,0.7521844660194175,-0.21362591911764708,0.5738888888888889,0.0,0.0,0.0,0.5362255965292841,2.3313868613138684,-0.4720173535791757,-3.72625250501002,0.5885922330097088,-0.4033333333333333,-3.9250505527170567,-0.45981834133800126,-0.429909840844482,-0.21393841166936792,-0.4020618556701031,-0.524822695035461,-7.196679850643065,-0.5072272604065827,-0.4751607484460866,Staffing & Employment Services,Industrials,JOB
2009Q1,2009,Q1,2009-02-06,2008-12-31,-1552000.0,2887000.0,-705000.0,-3.0,1851000.0,0.6411499827,5665000.0,4309000.0,4579000.0,1005000.0,1356000.0,0.0,-687000.0,2169300.0,-987700.0,8.34269119070668,4.556218905472637,0.0,0.0,-0.3272220932931075,8.34269119070668,-0.36017637502900907,0.7514028403186699,-0.3494362113402062,0.5034346716175447,0.0,0.0,0.0,0.5096204766107679,4.199004975124378,-0.2739629302736099,-2.152083333333333,0.6411499826809837,-0.6304347826086956,-2.4579296692300163,-0.3726920881139363,-0.29627867587532686,-0.2709728239464356,-0.6371308016877637,-0.5771812080536913,-7.042545982575024,-0.38945517218856046,-0.28156282620010065,Staffing & Employment Services,Industrials,JOB
2008Q4,2008,Q4,2008-11-26,2008-09-30,-948000.0,3760000.0,-447000.0,-1.84,2539000.0,0.6752659574,7002000.0,5076000.0,5792000.0,1507000.0,1926000.0,0.0,89000.0,2324250.0,-1840750.0,9.827686350435624,3.8433974784339746,0.0,0.0,-0.17612293144208038,9.827686350435624,-0.1867612293144208,0.6181515957446808,-0.6129351265822784,0.45789007092198586,0.0,0.0,0.0,0.536989431590974,3.6357000663570007,-0.1353898886032562,-22.78676470588235,0.6752659574468085,0.18222222222222217,-0.04785295936438665,-0.18638825354315866,-0.2285778387403307,0.05134575569358178,0.18556701030927836,0.25,-2.7369113376231424,-0.3053522900896908,-0.1351636011616651,Staffing & Employment Services,Industrials,JOB
2008Q3,2008,Q3,2008-08-06,2008-06-30,-1164000.0,3622000.0,-596000.0,-2.25,2415000.0,0.6667586969,7549000.0,5534000.0,6259000.0,1574000.0,2015000.0,0.0,563000.0,4390250.0,123250.0,10.714424007744434,3.9764930114358323,0.0,0.0,-0.2153957354535598,10.714424007744434,-0.21033610408384532,1.2121065709552734,-0.9429231099656357,0.7933230936031803,0.0,0.0,0.0,0.47979864882765927,3.687420584498094,-0.15419260829248907,-8.99641393442623,0.6667586968525676,-0.1083743842364533,-0.3887894429669289,-0.218806911616461,-0.260929884918383,-0.039761431411530816,-0.11281070745697896,-0.13957934990439771,-3.237532844696446,-0.321945419505628,-0.011759636444949349,Staffing & Employment Services,Industrials,JOB
2008Q2,2008,Q2,2008-05-07,2008-03-31,-1046000.0,3889000.0,-523000.0,-2.03,2515000.0,0.6466958087,8002000.0,6099000.0,6704000.0,1476000.0,1903000.0,0.0,1145000.0,7127700.0,2372700.0,11.808325266214908,4.542005420054201,0.0,0.0,-0.17150352516806033,11.808325266214908,-0.17150352516806033,1.8327847775777835,-1.7035611854684511,1.168666994589277,0.0,0.0,0.0,0.4860034991252187,4.342818428184282,-0.13071732066983255,-14.635934291581108,0.6466958086911803,-1.3068181818181817,0.052020791043640206,-0.14881455030355878,-0.26835530927662987,-0.07841700256504214,-1.303964757709251,-0.8880866425992779,-25.789037938505512,-0.18541053484180295,0.14260493494467982,Staffing & Employment Services,Industrials,JOB
2008Q1,2008,Q1,2008-02-04,2007-12-31,-454000.0,3964000.0,-277000.0,-0.88,2729000.0,0.6884460141,8901000.0,6606000.0,7541000.0,1849000.0,2295000.0,0.0,1668000.0,8409170.0,2650170.0,12.804807133165342,4.078420767982693,0.0,0.0,-0.08386315470784135,12.804807133165342,-0.06872540115046927,2.1213849646821394,-4.630600220264317,1.2729594308204664,0.0,0.0,0.0,0.44534321986293673,3.9599783666846946,-0.05100550499943827,-14.133058823529412,0.6884460141271443,-1.6616541353383458,0.28010233055295275,-0.19697916460633483,-0.298979930201628,-0.24299583911234396,-1.6598837209302326,-2.033582089552239,-2.8994284280876528,-0.19150021531599912,0.24297608169067192,Staffing & Employment Services,Industrials,JOB
2007Q4,2007,Q4,2007-11-21,2007-09-30,688000.0,5022000.0,268000.0,1.33,3605000.0,0.7178414974,9876000.0,7324000.0,8511000.0,2116000.0,2552000.0,0.0,2412000.0,8512350.0,2168350.0,14.196549718937778,4.022211720226843,0.0,0.0,0.07318405243036592,14.196549718937778,0.0939377389404697,1.6950119474313023,3.0931504360465114,1.162254232659749,0.0,0.0,0.0,0.508505467800729,3.903119092627599,0.06966383151073309,31.295404411764707,0.7178414974113899,0.9558823529411764,1.7121296676025637,0.013007337998921533,-0.27219410240584285,0.013209668353007308,0.8695652173913043,1.6534653465346534,1.7165963369048363,0.322555996230733,0.4111392396707306,Staffing & Employment Services,Industrials,JOB
2007Q3,2007,Q3,2007-08-01,2007-06-30,368000.0,4864000.0,101000.0,0.68,3558000.0,0.7314967105,9576000.0,6959000.0,8614000.0,2617000.0,2617000.0,0.0,2068000.0,10353510.0,4281510.0,13.509998058629392,3.2915552158960644,0.0,0.0,0.02902715907457968,13.509998058629392,0.05288116108636298,2.128599917763158,7.0336345108695655,1.4877870383675817,0.0,0.0,0.0,0.5079365079365079,3.002674818494459,0.03842940685045948,19.608920454545455,0.7314967105263158,1.0606060606060606,1.4666539883280043,0.021476873699447747,-0.36276411478086834,0.01137009664582149,1.0444444444444445,2.2580645161290325,16.288681809357406,-0.04718354419516835,0.22961811144994793,Staffing & Employment Services,Industrials,JOB
2007Q2,2007,Q2,2007-05-04,2007-03-31,180000.0,4960000.0,31000.0,0.33,3518000.0,0.7092741935,9273000.0,6749000.0,8345000.0,2524000.0,2524000.0,0.0,1884000.0,11891880.0,6352880.0,13.10994560994561,3.306259904912837,0.0,0.0,0.009186546154985924,13.10994560994561,0.026670617869313972,2.3975564516129033,16.5165,1.762021040154097,0.0,0.0,0.0,0.5348862288364068,3.027733755942948,0.019411193788417987,29.879095477386933,0.709274193548387,-0.7027027027027026,1.1944147058153574,-0.04268800659953169,-0.4232795166348985,0.04453681710213777,-0.6959459459459459,-0.8544600938967136,1.4087484269716615,0.08743881781049141,0.19143334284117008,Staffing & Employment Services,Industrials,JOB
2007Q1,2007,Q1,2007-02-06,2006-12-31,592000.0,4844000.0,213000.0,1.11,3368000.0,0.6952931462,9101000.0,6644000.0,8185000.0,2457000.0,2457000.0,0.0,1794000.0,,,,,,,,,,,,,,,,,,,,,,,,,,,,,,,Staffing & Employment Services,Industrials,JOB
