Quarters,Year,Quarter,FillingDate,Date,NetIncome,Revenue,OperatingIncome,EPSDiluted,GrossProfit,GrossProfitRatio,TotalAssets,CommonStockEquity,CurrentAssets,CurrentLiability,TotalLiability,Inventory,RetainedEarnings,MarketCap,EnterpriseValue,bookValuePerShare,currentRatio,debtToAssets,debtToEquity,roic,shareholdersEquityPerShare,roe,priceToSalesRatio,peRatio,pbRatio,payoutRatio,inventoryTurnover,dividendYield,assetTurnover,quickRatio,returnOnAssets,priceToFreeCashFlowsRatio,grossProfitMargin,epsdilutedGrowth,fiveYNetIncomeGrowthPerShare,fiveYRevenueGrowthPerShare,fiveYShareholdersEquityGrowthPerShare,grossProfitGrowth,netIncomeGrowth,operatingIncomeGrowth,threeYNetIncomeGrowthPerShare,threeYRevenueGrowthPerShare,threeYShareholdersEquityGrowthPerShare,Industry,Sector,Symbol
2023Q1,2023,Q1,2023-05-03,2023-03-31,43800000.0,627200000.0,72100000.0,0.25,362700000.0,0.5782844388,6575000000.0,4279000000.0,1414300000.0,1149600000.0,2296000000.0,307200000.0,775200000.0,6687968000.0,7637068000.0,26.15525672371638,1.2302540013917884,0.23335361216730038,0.3585650853003038,0.009508004327102712,26.15525672371638,0.01023603645711615,10.663214285714286,38.17333333333334,1.5629745267585886,0.0,0.8610026041666666,0.0,0.0953916349809886,0.8585594989561587,0.0066615969581749045,-464.4422222222222,0.5782844387755102,-0.40476190476190477,0.1308870094993787,-0.11879819726681927,0.0,-0.009557618787547788,-0.40408163265306124,-0.1806818181818182,3.478023540114857,0.11537196699981417,0.1952570170840335,Medical Instruments & Supplies,Healthcare,NVST
2022Q4,2022,Q4,2023-02-16,2022-12-31,73500000.0,660800000.0,88000000.0,0.42,366200000.0,0.5541767554,6587000000.0,4206900000.0,1424600000.0,1236700000.0,2380100000.0,300800000.0,731400000.0,5498311000.0,6420511000.0,25.761788120024494,1.1519366054823321,0.23213906178837104,0.3634742922341867,0.014520178153696042,25.761788120024494,0.017471297154674464,8.320688559322035,18.701738095238095,1.3069744942832016,0.0,0.9793882978723404,0.0,0.10031880977683316,0.808926983100186,0.011158342189160468,58.868426124197,0.5541767554479419,0.5555555555555554,0.35906642299448854,-0.17576403024897394,-0.17422976024635883,0.004112969564025226,0.5441176470588235,1.6993865030674846,0.2732545002636138,-0.10869407981546472,0.15484881493923713,Medical Instruments & Supplies,Healthcare,NVST
2022Q3,2022,Q3,2022-11-03,2022-09-30,47600000.0,631100000.0,32600000.0,0.27,364700000.0,0.5778798923,6411900000.0,3957900000.0,1366000000.0,1258300000.0,2454000000.0,291300000.0,657900000.0,5351311000.0,6363611000.0,24.266707541385653,1.085591671302551,0.2465415867371606,0.3994037241971753,0.0044975582966955445,24.266707541385653,0.012026579751888629,8.479339248930438,28.105625,1.3520581621566994,0.0,0.9145211122554068,0.0,0.09842636348040362,0.7634904235873798,0.007423696564200939,270.2682323232323,0.5778798922516242,0.03846153846153849,-0.2961105568686266,-0.11963200120548845,0.0,-0.013791238507301243,0.010615711252653927,-0.5,-0.38623153849875247,-0.23351383492683053,-0.09741918807707503,Medical Instruments & Supplies,Healthcare,NVST
2022Q2,2022,Q2,2022-08-03,2022-07-01,47100000.0,645800000.0,65200000.0,0.26,369800000.0,0.5726231031,6461000000.0,4016000000.0,1388300000.0,1256200000.0,2445000000.0,286000000.0,610300000.0,6375906000.0,7372706000.0,24.65316144874156,1.1051584142652444,0.23524222256616623,0.37846115537848607,0.008638430188761936,24.65316144874156,0.011728087649402391,9.872880148652834,33.84238853503185,1.5876259960159362,0.0,0.965034965034965,0.0,0.09995356755920136,0.7131826142334023,0.007289893205386163,631.2778217821782,0.5726231031279033,-0.3333333333333333,-0.4327387796692562,-0.16430935543612898,0.0,-0.011494252873563218,-0.3309659090909091,-0.28743169398907104,-0.2729984877749331,-0.1391121514461632,-0.2145163650662216,Medical Instruments & Supplies,Healthcare,NVST
2022Q1,2022,Q1,2022-05-04,2022-04-01,70400000.0,631400000.0,91500000.0,0.39,374100000.0,0.592492873,6572300000.0,4030900000.0,1908900000.0,1255700000.0,2541400000.0,280400000.0,563200000.0,7801820000.0,8252320000.0,24.85141800246609,1.5201879429800111,0.23261263180317393,0.3792701381825399,0.01314729175300938,24.85141800246609,0.01746508223969833,12.356382641748496,27.705326704545456,1.9355032374903869,0.0,0.9176176890156919,0.0,0.09606986899563319,1.1315600860078043,0.010711623023903351,-478.639263803681,0.5924928729806779,0.6250000000000001,0.8333703920815562,-0.1052404255638993,0.0,0.09003496503496504,0.6564705882352941,0.005494505494505495,0.7704843364164896,-0.08774399004741334,-0.20810659703170897,Medical Instruments & Supplies,Healthcare,NVST
2021Q4,2021,Q4,2022-02-24,2021-12-31,42500000.0,651800000.0,91000000.0,0.24,343200000.0,0.526541884,6574200000.0,4057600000.0,1835800000.0,1207800000.0,2516200000.0,263800000.0,466900000.0,7286202000.0,7672502000.0,25.093382807668522,1.5199536347077331,0.22206504213440417,0.3597939668769716,0.018363193048509408,25.093382807668522,0.010474171924290222,11.178585455661246,42.86001176470589,1.7956925276025237,0.0,1.1698256254738437,0.0,0.09914514313528643,1.163686040735221,0.006464664902193423,46.37938892425207,0.5265418840135011,-0.5384615384615385,-0.2063693375077305,-0.17894537860658685,-0.19565487299339565,-0.03676676957619983,-0.470074812967581,0.11383108935128519,-0.2063693375077305,-0.17894537860658685,-0.19565487299339565,Medical Instruments & Supplies,Healthcare,NVST
2021Q3,2021,Q3,2021-11-03,2021-10-01,80200000.0,607300000.0,81700000.0,0.52,356300000.0,0.5866952082990284,6562000000.0,3946700000.0,1766400000.0,1269200000.0,2614900000.0,274300000.0,381100000.0,6908970000.0,7748870000.0,24.437770897832817,1.3917428301292152,0.22534288326729657,0.374667443687131,0.01677021068966626,24.437770897832817,0.02032077431778448,11.376535484933312,21.53668952618454,1.7505688296551551,0.0,0.915056507473569,0.0,0.09254800365742152,0.7455089820359282,0.012221883572081682,97.5843220338983,0.5866952082990284,0.01960784313725492,0.19771448443077047,-0.14443938700146036,0.0,-0.13498421947074532,-0.10987791342952276,-0.17055837563451776,0.19771448443077047,-0.14443938700146036,0.0,Medical Instruments & Supplies,Healthcare,NVST
2021Q2,2021,Q2,2021-08-03,2021-07-02,90100000.0,740100000.0,98500000.0,0.51,411900000.0,0.5565464126469396,6481300000.0,3868500000.0,1301700000.0,1163200000.0,2612400000.0,311500000.0,288200000.0,6984796000.0,7913796000.0,23.998138957816376,1.1190680880330124,0.22879669202166233,0.38332687088018613,0.018871821527517645,23.998138957816376,0.023290681142561716,9.43763815700581,19.38067702552719,1.805556675714101,0.0,1.0536115569823434,0.0,0.11419005446438214,0.781378954607978,0.013901532100041658,69.50045771144279,0.5565464126469396,0.24390243902439035,0.09658682974140637,-0.03218143038203382,0.0,0.03674804933299773,0.25662482566248257,-0.0904893813481071,0.09658682974140637,-0.03218143038203382,0.0,Medical Instruments & Supplies,Healthcare,NVST
2021Q1,2021,Q1,2021-05-05,2021-04-02,71700000.0,709200000.0,108300000.0,0.41,397300000.0,0.5602086858432036,6321900000.0,3746900000.0,1163300000.0,1136300000.0,2574600000.0,283200000.0,198100000.0,6553215000.0,7590415000.0,23.345171339563862,1.0237613306345155,0.233853746500261,0.39456617470442235,0.015886195973019913,23.345171339563862,0.019135818943660093,9.240291878172588,22.849424686192467,1.7489698150471056,0.0,1.1013418079096045,0.0,0.11218146443316092,0.7034233917099357,0.011341527072557301,789.5439759036144,0.5602086858432036,-0.35937500000000006,0.88700270670548,0.01565524773441591,0.0,0.02265122265122265,-0.3385608856088561,0.11880165289256199,0.88700270670548,0.01565524773441591,0.0,Medical Instruments & Supplies,Healthcare,NVST
2020Q4,2020,Q4,2021-02-19,2020-12-31,108400000.0,732300000.0,96800000.0,0.64,388500000.0,0.5305202785743548,6875930000.0,3720600000.0,1590500000.0,1684700000.0,3155000000.0,266900000.0,126400000.0,5396799999.999999,6488699999.999999,23.25375,0.9440850002967888,0.28807739462152754,0.5323872493683814,0.024019007692358048,23.25375,0.029135085738859322,7.369657244298783,12.446494464944648,1.4505187335376013,0.0,1.2881228924690895,0.0,0.10650195682620388,0.7419125066777468,0.015765140133770995,29.93233499722684,0.5305202785743548,1.9090909090909092,1.0457324218749997,-0.06774061264822123,-0.25462259749953353,0.1402993836219548,2.044943820224719,0.39481268011527376,1.0457324218749997,-0.06774061264822123,-0.25462259749953353,Medical Instruments & Supplies,Healthcare,NVST
2020Q3,2020,Q3,2020-10-29,2020-10-02,35600000.0,640500000.0,69400000.0,0.22,340700000.0,0.5319281811085089,6605700000.0,3557600000.0,1416200000.0,678900000.0,3045900000.0,257500000.0,18000000.0,3923829000.0,5176929000.0,22.276768941765813,2.086021505376344,0.2957899995458468,0.5492185743197662,0.009371910109717017,22.276768941765813,0.010006746120980436,6.126196721311476,27.55497893258427,1.102942714189341,0.0,1.164271844660194,0.0,0.09696171488260139,1.5704816615112682,0.005389285011429523,29.086945885841363,0.5319281811085089,1.3728813559322033,-0.4623538479422708,-0.08749711448480257,0.0,1.2637873754152824,1.3807486631016044,1.6431881371640409,-0.4623538479422708,-0.08749711448480257,0.0,Medical Instruments & Supplies,Healthcare,NVST
2020Q2,2020,Q2,2020-07-30,2020-07-03,-93500000.0,362000000.0,-107900000.0,-0.59,150500000.0,0.4157458563535912,6665200000.0,3493400000.0,1517700000.0,830200000.0,3169300000.0,280800000.0,-17600000.0,3413300000.0,4769000000.0,21.90219435736677,1.8281137075403517,0.3267868931164856,0.6234900097326387,-0.014043651700510805,21.90219435736677,-0.02676475639777867,9.429005524861878,-9.126470588235295,0.9770710482624377,0.0,0.7532051282051282,0.0,0.054311948628698314,1.3596723681040712,-0.01402808617895937,-1101.0645161290322,0.4157458563535912,-4.363636363636363,-2.150096271661124,-0.5215721340807149,0.0,-0.4647937411095306,-4.436046511627907,-3.316,-2.150096271661124,-0.5215721340807149,0.0,Medical Instruments & Supplies,Healthcare,NVST
2020Q1,2020,Q1,2020-05-12,2020-04-03,-17200000.0,547200000.0,-25000000.0,-0.11,281200000.0,0.5138888888888888,6240900000.0,3483700000.0,1114200000.0,608900000.0,2757200000.0,312300000.0,75900000.0,2066416000.0,3263016000.0,21.882537688442213,1.8298571193956314,0.2483936611706645,0.4449866521227431,-0.002909911442597395,21.882537688442213,-0.0049372793294485745,3.7763450292397662,-30.03511627906977,0.5931670350489422,0.0,0.8517451168747999,0.0,0.08767966158727107,1.1816390211857448,-0.002756012754570655,-27.22550724637681,0.5138888888888888,-1.3142857142857143,-1.4563665321141226,-0.20994804531130237,0.0,-0.2778633795582948,-1.3065953654188949,-1.3205128205128205,-1.4563665321141226,-0.20994804531130237,0.0,Medical Instruments & Supplies,Healthcare,NVST
2019Q4,2019,Q4,2020-02-21,2019-12-31,56100000.0,720500000.0,78000000.0,0.35,389400000.0,0.5404580152671755,6158300000.0,3540200000.0,1001900000.0,709200000.0,2615500000.0,277900000.0,93100000.0,4703868000.0,5817568000.0,22.307498424700693,1.4127185561195714,0.21514054203270383,0.37424439297214845,0.011551624022436095,22.307498424700693,0.015846562341110672,6.528616238723109,20.96197860962567,1.3287012033218462,0.0,1.1914357682619647,0.0,0.11699657372976309,0.9232938522278624,0.009109656885828881,27.491922852133257,0.5404580152671755,-0.27083333333333337,0.06739573487712654,-0.075249079933883,-0.28495381467132613,0.06103542234332425,-0.0966183574879227,-0.008894536213468869,0.06739573487712654,-0.075249079933883,-0.28495381467132613,Medical Instruments & Supplies,Healthcare,NVST
2019Q3,2019,Q3,2019-10-24,2019-09-30,62100000.0,659300000.0,78700000.0,0.48,367000000.0,0.5566509934779311,6118400000.0,3511300000.0,978500000.0,760700000.0,2604400000.0,278400000.0,37000000.0,3641128000.0,5118228000.0,26.885911179173046,1.2863152359668726,0.21320933577405857,0.37151482356961807,0.012346906314617465,26.885911179173046,0.017685757411784808,5.522718034278781,14.658325281803542,1.0369743399880387,0.0,1.0499281609195403,0.0,0.107756929916318,0.8539503089259892,0.010149712343096234,46.6811282051282,0.5566509934779311,0.20691562654007456,0.1468322132579025,0.14857650263063887,0.0,-0.06758130081300813,0.00975609756097561,0.03689064558629776,0.1468322132579025,0.14857650263063887,0.0,Medical Instruments & Supplies,Healthcare,NVST
2019Q2,2019,Q2,2019-06-30,2019-06-30,61500000.0,712100000.0,75900000.0,0.397708,393600000.0,0.5527313579553433,6009000000.0,4853400000.0,804200000.0,623900000.0,1152700000.0,279700000.0,0.0,4322076200.0,4322076200.0,31.385964458470212,1.2889886199711493,0.0,0.0,0.01245814856355173,31.385964458470212,0.012671529237235753,6.069479286617049,17.56941544715447,0.8905254460790374,0.0,1.1387200572041474,0.0,0.11850557497087702,0.7557300849495111,0.010234648027958064,45.399960084033616,0.5527313579553433,0.6223113290284684,-0.219724841294237,-0.02926885776386939,0.0,0.08399889837510328,0.6226912928759895,0.6904231625835189,-0.219724841294237,-0.02926885776386939,0.0,Medical Instruments & Supplies,Healthcare,NVST
2019Q1,2019,Q1,2019-03-31,2019-03-31,37900000.0,659700000.0,44900000.0,0.245149,363100000.0,0.5504016977413976,5981600000.0,4851700000.0,798800000.0,600300000.0,1126700000.0,285300000.0,0.0,4321070000.0,4321070000.0,31.38227684346701,1.3306679993336665,0.0,0.0,0.007794335547906461,31.38227684346701,0.0078116948698394376,6.550053054418675,28.503100263852243,0.8906300884226147,0.0,1.0396074307746233,0.0,0.11028821719941152,0.7606196901549226,0.0063360973652534435,-175.65325203252033,0.5504016977413976,-0.25976493359375,0.035519125683060114,-0.019179304192685254,0.0,-0.13998105163429655,-0.259765625,-0.33579881656804733,0.035519125683060114,-0.019179304192685254,0.0,Medical Instruments & Supplies,Healthcare,NVST
2018Q4,2018,Q4,2018-12-31,2018-12-31,51200000.0,759000000.0,67600000.0,0.3311772315653299,422200000.0,0.5562582345191041,5841600000.0,4823100000.0,786800000.0,641000000.0,1015200000.0,278700000.0,0.0,4321070000.0,4321070000.0,31.197283311772317,1.2274570982839315,0.0,0.0,0.010491420370849302,31.197283311772317,0.0106155791918061,5.693109354413703,21.098974609375,0.8959113433269059,0.0,1.2084678866164333,0.0,0.12993015612161052,0.7173166926677067,0.008764721993974253,27.417956852791878,0.5562582345191041,-0.20124733715050983,0.0,0.0,0.0,0.1084274087687057,-0.20124804992199688,-0.16953316953316952,0.0,0.0,0.0,Medical Instruments & Supplies,Healthcare,NVST
2018Q3,2018,Q3,2018-09-30,2018-09-30,64100000.0,679500000.0,81400000.0,0.414618,380900000.0,0.5605592347314201,,,,,,,,4321070000.0,,,0.0,0.0,0.0,0.0,,0.0,6.359190581309787,16.852847113884557,0.0,0.0,0.0,0.0,0.0,0.0,0.0,61.204957507082156,0.5605592347314201,-0.18654894923857873,0.0,0.0,0.0,-0.09995274102079395,-0.1865482233502538,-0.19246031746031747,0.0,0.0,0.0,Medical Instruments & Supplies,Healthcare,NVST
2018Q2,2018,Q2,2018-06-30,2018-06-30,78800000.0,733400000.0,100800000.0,0.5097024579560155,423200000.0,0.5770384510499046,,,,,,,,4321070000.0,,,0.0,0.0,0.0,0.0,,0.0,5.891832560676302,13.708978426395939,0.0,0.0,0.0,0.0,0.0,0.0,0.0,50.956014150943396,0.5770384510499046,1.1530052291797563,0.0,0.0,0.0,0.12703062583222371,1.1530054644808743,1.0740740740740742,0.0,0.0,0.0,Medical Instruments & Supplies,Healthcare,NVST
2018Q1,2018,Q1,2018-03-31,2018-03-31,36600000.0,672600000.0,48600000.0,0.23674,375500000.0,0.5582812964614927,,,,,,,,4321070000.0,,,0.0,0.0,0.0,0.0,,0.0,6.424427594409753,29.515505464480874,0.0,0.0,0.0,0.0,0.0,0.0,0.0,290.0046979865772,0.5582812964614927,0.0,0.0,0.0,0.0,0.0,0.0,0.0,0.0,0.0,0.0,Medical Instruments & Supplies,Healthcare,NVST
