Quarters,Year,Quarter,FillingDate,Date,NetIncome,Revenue,OperatingIncome,EPSDiluted,GrossProfit,GrossProfitRatio,TotalAssets,CommonStockEquity,CurrentAssets,CurrentLiability,TotalLiability,Inventory,RetainedEarnings,MarketCap,EnterpriseValue,bookValuePerShare,currentRatio,debtToAssets,debtToEquity,roic,shareholdersEquityPerShare,roe,priceToSalesRatio,peRatio,pbRatio,payoutRatio,inventoryTurnover,dividendYield,assetTurnover,quickRatio,returnOnAssets,priceToFreeCashFlowsRatio,grossProfitMargin,epsdilutedGrowth,fiveYNetIncomeGrowthPerShare,fiveYRevenueGrowthPerShare,fiveYShareholdersEquityGrowthPerShare,grossProfitGrowth,netIncomeGrowth,operatingIncomeGrowth,threeYNetIncomeGrowthPerShare,threeYRevenueGrowthPerShare,threeYShareholdersEquityGrowthPerShare,Industry,Sector,Symbol
2023Q1,2023,Q1,2023-05-10,2023-04-01,1377000.0,223880000.0,292000.0,0.01,28203000.0,0.1259737359,878125000.0,343501000.0,306726000.0,175583000.0,534624000.0,200557000.0,-155015000.0,847107800.0,1262244800.0,3.1223389750395403,1.7469003263413885,0.4737901779359431,1.2111958917150167,-0.00014305369370666565,3.1223389750395403,0.004008721954230118,3.783758263355369,153.79589687726943,2.466099953129685,0.5940450254175744,0.9756677652737127,0.0009656386117563785,0.2549523131672598,0.5178747373037254,0.0015681138790035586,-38.54870534698521,0.12597373592996247,2.2345679012345676,1.2490408144707987,-0.4349643005229509,-0.15056034941793622,-0.0004961548002976929,2.5809414466130884,-0.9170925610448609,-0.6716825394222229,-0.4659640449708623,0.273536405553961,Packaged Foods,Consumer Defensive,STKL
2022Q4,2022,Q4,2023-03-01,2022-12-31,-871000.0,221293000.0,3522000.0,-0.0081,28217000.0,0.1275096817,855852000.0,347269000.0,302357000.0,161033000.0,508583000.0,207047000.0,-155688000.0,910346840.0,1308782840.0,3.2195974448595877,1.877608937298566,0.46633646938956735,1.1492963667934655,-0.008852662848578458,3.2195974448595877,-0.002508142103095871,4.1137624778009245,-261.2935820895522,2.6214457380301726,-0.6991963260619977,0.9325225673397828,0.0006689757938853284,0.25856456490140817,0.49444523793259765,-0.0010176993218453658,-2725.5893413173653,0.12750968173417143,0.9325,0.9940392185477465,-0.3914831717482141,-0.1289160794536612,-0.10088264346939425,0.9310863201202627,1.291483903004221,0.8731473185250821,-0.3895238666434442,0.3459322629566427,Packaged Foods,Consumer Defensive,STKL
2022Q3,2022,Q3,2022-11-10,2022-10-01,-12639000.0,229665000.0,-12083000.0,-0.12,31383000.0,0.1366468552,858950000.0,333859000.0,340800000.0,168602000.0,525091000.0,225059000.0,-165096000.0,980543200.0,1369963200.0,3.0984018858118643,2.021328335369687,0.4539018569183305,1.167795386675213,-0.011194060359141377,3.0984018858118643,-0.03785729903941484,4.269449850869745,-19.39518949283962,2.936997954226185,-0.04818419178732495,0.881022309705455,0.000621084313266361,0.26737877641306246,0.4933334124150366,-0.014714476977705337,-54.33576415826222,0.13664685520214226,-6.217391304347825,-0.6842559556684947,-0.42485834787095156,-0.3866023749990402,-0.10072210441859132,-6.059647718174539,-2.8756597330021734,0.1221634386248948,-0.36672618120617945,0.2666270596949416,Packaged Foods,Consumer Defensive,STKL
2022Q2,2022,Q2,2022-08-11,2022-07-02,2498000.0,243531000.0,6442000.0,0.023,34898000.0,0.1433000316,843922000.0,343034000.0,385201000.0,176801000.0,500888000.0,261899000.0,-151693000.0,898643700.0,1241655700.0,3.1873966289420377,2.178726364669883,0.407105159007586,1.00154795151501,0.006382117971821377,3.1873966289420377,0.007282076995283267,3.6900587604863446,89.9363190552442,2.6196928001305992,0.24379503602882305,0.7966162528302896,0.0006776879423958573,0.28857050770094866,0.5329042256548323,0.002959989193314074,-22.755082041932543,0.14330003161815127,2.7704918032786883,5.904604250315465,-0.4201705691029562,-0.3752415058794296,0.24675788646350613,2.819571865443425,0.8852794849282997,1.224759636620476,-0.32283415537905985,0.23070367966676072,Packaged Foods,Consumer Defensive,STKL
2022Q1,2022,Q1,2022-05-12,2022-04-02,654000.0,240173000.0,3417000.0,0.0061,27991000.0,0.116545157,785815000.0,338530000.0,340860000.0,163486000.0,447285000.0,217975000.0,-152617000.0,552030860.0,848510860.0,3.1520777660872077,2.0849491699595073,0.3779197393788614,0.8772486928780315,0.0029780729957592247,3.1520777660872077,0.0019318819602398606,2.298471768267041,211.0209709480122,1.630670428027058,0.9311926605504587,0.9734235577474482,0.0011031991943348965,0.30563555035218215,0.6535421993320529,0.0008322569561538022,-54.232327340603206,0.11654515703263897,1.3505747126436782,1.0459080256653186,-0.4177507099901453,-0.3787817361180634,0.5209193653553575,1.3508583690987124,1.8321967851924013,-0.9792321745824925,-0.35920862657226443,0.17550659567651272,Packaged Foods,Consumer Defensive,STKL
2021Q4,2021,Q4,2022-03-02,2022-01-01,-1864000.0,204232000.0,-4106000.0,-0.0174,18404000.0,0.0901132046,755119000.0,304984000.0,329969000.0,143393000.0,450135000.0,220143000.0,-156082000.0,746019950.0,1021626950.0,2.841262891159948,2.3011513811692343,0.36528547156143604,0.9044212155391759,-0.0021447329830913383,2.841262891159948,-0.006111796028644125,3.6528063672685964,-100.05632376609442,2.446095368937387,-0.3267167381974249,0.8441240466424097,0.0008163320565354854,0.27046333094518876,0.649878306472422,-0.0024684850996995176,-204.7817595388416,0.09011320459085746,0.5650000000000001,0.957645806949322,-0.4778876642603923,-0.47969648117936203,-0.212022606610721,0.38562953197099537,-1.964529011040639,0.9843721614318472,-0.48147518459051825,0.1727021022113932,Packaged Foods,Consumer Defensive,STKL
2021Q3,2021,Q3,2021-11-10,2021-10-02,-3034000.0,198479000.0,4257000.0,-0.04,23356000.0,0.11767491774948483,749134000.0,308266000.0,341814000.0,135242000.0,440868000.0,230891000.0,-153466000.0,941698899.9999999,1212785900.0,2.8741410656845834,2.5274249123792907,0.36224627369736256,0.8803144037941258,0.19503687821107266,2.8741410656845834,-0.009842149312606645,4.744577008146957,-77.5954927488464,3.0548257024777303,-0.2007251153592617,0.7584661160460997,0.0006467035269978546,0.2649445893525057,0.6978971029709705,-0.004050009744585081,-70.69280834772164,0.11767491774948483,-1.0,0.27810339988804766,-0.5456665557439547,-0.3891171659752803,-0.11315309842041313,-2.3050108932461875,2.927121771217712,0.46465817247046365,-0.47690500057196844,-0.1888798036293436,Packaged Foods,Consumer Defensive,STKL
2021Q2,2021,Q2,2021-08-11,2021-06-30,-918000.0,202273000.0,1084000.0,-0.02,26336000.0,0.13020027388727115,742246000.0,339932000.0,336325000.0,137826000.0,402314000.0,229856000.0,-149684000.0,1293474240.0,1547855240.0,3.2167379537454104,2.440214473321434,0.34336325153655256,0.7497381829307038,0.00033848075052316504,3.2167379537454104,-0.0027005401080216042,6.394695485803839,-352.2533333333334,3.805097019403881,-0.6633986928104575,0.7654226994292078,0.0004708249930048858,0.2725147727303347,0.6579019923671876,-0.0012367867256947158,-18.08397282107206,0.13020027388727115,-2.149425287356322,0.8198141968281872,-0.5297020871870185,-0.31914672022480906,-0.12181133082130115,-1.549043062200957,-0.84337523479266,0.7619770270451087,-0.47867178198305216,-0.10712103320184464,Packaged Foods,Consumer Defensive,STKL
2021Q1,2021,Q1,2021-05-12,2021-03-31,1672000.0,207640000.0,6921000.0,0.0174,29989000.0,0.14442785590445,643625000.0,333230000.0,279885000.0,129702000.0,310395000.0,165342000.0,-148022000.0,1419692400.0,1591536400.0,3.4668123179359136,2.1579081278623304,0.2681654690231113,0.5179545659154338,0.007613399326805112,3.4668123179359136,0.005017555442187078,6.837277981121171,212.2745813397129,4.26039792335624,2.0454545454545454,1.0744456943789238,0.0024089725351773383,0.32261021557583996,0.7408829470632681,0.0025977859778597784,-87.03361942128494,0.14442785590445,-0.9776923076923077,1.1452142775128926,-0.4762100775813397,-0.28425905029619664,2.8495744418403848,-0.977115013481885,1.315006144463156,1.3461043471808152,-0.4002009091525282,-0.056845567530417,Packaged Foods,Consumer Defensive,STKL
2020Q4,2020,Q4,2021-03-03,2020-12-31,73061000.0,-172661000.0,-21971000.0,0.78,-16214000.0,-0.09390655677889043,585615000.0,332929000.0,249323000.0,136451000.0,252686000.0,147748000.0,-147741000.0,1050194970.0,1156998970.0,3.699581069218033,1.8271980417878946,0.18280781742270946,0.32155504627112685,-0.04244916491948817,3.699581069218033,0.219449191869738,-6.082409866733078,3.593555282572097,3.154411210798699,0.03254814470100327,-1.0588772775265993,0.0022643414489025787,-0.2948370516465596,0.585631472103539,0.12475944092962099,28.17953659976387,0.09390655677889043,27.000000000000004,3.3048437391445824,-1.7168987163400007,-0.24995086049149717,-1.3871630172640226,819.9101123595506,-3.1844303042354345,1.5992886060759588,-1.5690684822855652,0.000946744848098653,Packaged Foods,Consumer Defensive,STKL
2020Q3,2020,Q3,2020-10-30,2020-09-26,89000.0,314981000.0,10058000.0,-0.03,41879000.0,0.132957225991409,921362000.0,247403000.0,488771000.0,365454000.0,672137000.0,310344000.0,-217947000.0,657920900.0,1162341900.0,2.760116026105874,1.3374350807488768,0.5484912553372073,2.042655101191174,0.010825832473160988,2.760116026105874,0.00035973694740969186,2.0887637667033885,1848.092415730337,2.6593084966633387,0.0,0.8799976799938133,0.0,0.341864544012017,0.4058376704044832,9.659612616973568e-05,79.0865368433706,0.132957225991409,-0.4999999999999999,-0.7812391656324534,-0.2055579766917946,-0.5785844788196454,0.055099264335382446,-0.9116186693147964,0.14451524806554392,1.01425716256541,-0.0517735190314614,-0.4535735913106682,Packaged Foods,Consumer Defensive,STKL
2020Q2,2020,Q2,2020-08-05,2020-06-27,1007000.0,310944000.0,8788000.0,-0.02,39692000.0,0.12764999485437892,909425000.0,243443000.0,477669000.0,360203000.0,664345000.0,318002000.0,-215192000.0,416936520.0,927215520.0,2.732582024716856,1.3261105543263105,0.5628875388294802,2.102767382919205,0.006789322925071051,2.732582024716856,0.00413649190981051,1.3408733405372029,103.50956305858986,1.7126658807195114,0.0,0.8529883459852454,0.0,0.34191274706545344,0.3652495953670569,0.0011072930697968496,-112.53347368421052,0.12764999485437892,-3.0,-0.6254574002283217,-0.22877951628317492,-0.47430095215276374,-0.09213174748398902,-0.7003867896459387,-0.36286522148916117,3.3884600473331474,-0.10565484459560034,-0.46438927138173636,Packaged Foods,Consumer Defensive,STKL
2020Q1,2020,Q1,2020-05-06,2020-03-28,3361000.0,335949000.0,13793000.0,0.01,43720000.0,0.13013880082988788,894416000.0,216145000.0,462144000.0,373614000.0,676394000.0,272475000.0,-213595000.0,156044970.0,688573970.0,2.4517076711924775,1.2369557885946458,0.5983781596035849,2.476110944042194,0.012617119101621943,2.4517076711924775,0.015549746697818594,0.46449005652643705,11.607034364772389,0.7219457771403456,0.5058018446890806,1.0724983943481052,0.010894295407279068,0.3756071000518774,0.41268528481266764,0.0037577592529650632,6.226854349561053,0.13013880082988788,1.1111111111111112,-0.5090715701178538,-0.15348905713048067,-0.5212590549521883,0.3091780206617757,1.5998572193467786,2.97492795389049,1.287410817420112,-0.007839649577349122,-0.5168121803876589,Packaged Foods,Consumer Defensive,STKL
2019Q4,2019,Q4,2020-02-27,2019-12-28,-5603000.0,295802000.0,3470000.0,-0.09,33395000.0,0.11289646452694709,923359000.0,210545000.0,489954000.0,405664000.0,710926000.0,323546000.0,-214931000.0,219162330.00000003,777626330.0,2.392094708976675,1.2077827956141043,0.6064401819877209,2.6595834619677503,0.004118761558197528,2.392094708976675,-0.0266118881949227,0.740908884997397,-9.77879394966982,1.0409286850791994,-0.303408888095663,0.8110345978624369,0.00775680747690536,0.32035427174046066,0.32150498935079275,-0.006068062367941397,7.734686077289572,0.11289646452694709,0.43750000000000006,-1.291215274246385,-0.106601381474179,-0.5291907909685315,0.2685660018993352,0.5231083496467784,1.842846733058052,0.8447362034960189,-0.07776766544248523,-0.5619499700977411,Packaged Foods,Consumer Defensive,STKL
2019Q3,2019,Q3,2019-11-06,2019-09-28,-11749000.0,295941000.0,-4117000.0,-0.16,26325000.0,0.08895354141534968,958610000.0,215088000.0,520280000.0,431541000.0,741707000.0,345685000.0,-207311000.0,173218160.0,758231160.0,2.446183240833409,1.205632836740889,0.6125765431197254,2.7301476604924497,-0.003528193135479848,2.446183240833409,-0.05462415383470951,0.585313153635353,-3.6858064516129034,0.8053362344714721,-0.14469316537577667,0.7799470616312539,0.009814213475076747,0.3087188742032735,0.32112823578756133,-0.012256287749971312,-52.44267635482894,0.08895354141534968,-0.23076923076923075,-22.28579329427083,-0.29294092155020823,-0.5214832319967643,-0.03666703260511582,-0.29751518498067364,-0.551828119110441,-2.4099709260496427,-0.17366597927369248,-0.48007724166866667,Packaged Foods,Consumer Defensive,STKL
2019Q2,2019,Q2,2019-08-08,2019-06-29,-9055000.0,293004000.0,-2653000.0,-0.13,27327000.0,0.0932649383626162,971693000.0,227090000.0,542773000.0,442887000.0,742805000.0,377377000.0,-193553000.0,288477070.0,857988070.0,2.5898976996681227,1.2255338269129596,0.5887054861978012,2.519005680567176,-0.0024113685385275694,2.5898976996681227,-0.03987405874322956,0.984549937884807,-7.964579514080619,1.2703204456382933,-0.18774157923799006,0.7040095183331258,0.005893016037635157,0.3015396838301809,0.29617487079096927,-0.009318786900800973,-7.035854491353869,0.0932649383626162,-1.5,-1.7911892833334129,-0.340981936533863,-0.49788901831152593,-0.03116358221654967,-1.353035206050918,-2.3839285714285716,-1.1420386815943195,-0.17894991449641073,-0.4518234408717945,Packaged Foods,Consumer Defensive,STKL
2019Q1,2019,Q1,2019-05-09,2019-03-30,25649000.0,305275000.0,-784000.0,0.26,28206000.0,0.09239538121365981,921726000.0,234561000.0,494832000.0,381626000.0,685707000.0,329930000.0,-182497000.0,302663500.0,827231500.0,2.6814632752214917,1.2966412141730386,0.575640700164691,2.26202565643905,-0.0006795224433945048,2.6814632752214917,0.10934895400343621,0.9914454180656785,2.9500516589340715,1.29034025264217,0.0662793871106086,0.8397811657018155,0.0056167988541730345,0.33119929349936966,0.34967743287931113,0.027827141688527828,-43.324291440022904,0.09239538121365981,1.2300884955752214,1.9397915359638038,-0.3034145163946115,-0.4642288472268881,0.3234797297297297,1.26425377593703,0.917098445595855,3.447785139551675,-0.1538114019533451,-0.4463983350718036,Packaged Foods,Consumer Defensive,STKL
2018Q4,2018,Q4,2019-02-27,2018-12-29,-97062000.0,320521000.0,-9457000.0,-1.13,21312000.0,0.0664917431307153,896738000.0,211637000.0,533421000.0,446346000.0,683597000.0,361957000.0,-206151000.0,335427840.0,841344840.0,2.4228343121429634,1.1950840827519458,0.5678325218737246,2.4059923359336977,-0.01291649657540271,2.4228343121429634,-0.4586249096330037,1.046508153911912,-0.8639525251900847,1.5849205951700316,-0.017514578310770437,0.8266423912232669,0.005068154152022683,0.357429929366214,0.31912462529069374,-0.10823897281034148,-210.96090566037736,0.0664917431307153,-13.124999999999998,-56.67425936174967,-0.14459430426821182,-0.504796035154583,-0.3755274261603376,-20.072948328267476,-3.276600866634569,-2.154541951135759,0.37104350753542287,-0.5087971429752695,Packaged Foods,Consumer Defensive,STKL
2018Q3,2018,Q3,2018-11-07,2018-09-29,-4606000.0,308371000.0,4154000.0,-0.08,34128000.0,0.11067188548858356,999159000.0,308873000.0,551110000.0,449481000.0,688552000.0,378758000.0,-107102000.0,640684800.0,1144525800.0,3.5434218979442,1.2261029943423638,0.5061236499896413,1.6372360160972308,0.004278923797193855,3.5434218979442,-0.014912277861774905,2.077642839307198,-34.774468085106385,2.0742661223221193,-0.36908380373425964,0.7240586337450298,0.0026534108503900827,0.3086305582995299,0.32331956189471855,-0.004609876906478349,235.2,0.11067188548858356,-0.3333333333333334,-2.3210122980910426,-0.14895696405446687,-0.2044244604145249,-0.006347172887672509,-0.45116572148708256,-0.10280777537796976,-12.641904687163873,-0.2002174546692489,-0.45898905272080137,Packaged Foods,Consumer Defensive,STKL
2018Q2,2018,Q2,2018-08-08,2018-06-30,-3174000.0,319308000.0,4630000.0,-0.06,34346000.0,0.1075638568404174,1018831000.0,313316000.0,568287000.0,462437000.0,703853000.0,382931000.0,-100515000.0,730531200.0,1237529200.0,3.602658449084721,1.228896044217915,0.49967560861418625,1.624829245873176,0.00398526559797894,3.602658449084721,-0.010130347636252219,2.287857491826074,-57.540264650283554,2.3316115359573084,-0.5356017643352237,0.7441601750707046,0.0023270737786421714,0.3134062469634316,0.3230667096274736,-0.0031153351242747818,-16.36164751730162,0.1075638568404174,0.14285714285714296,0.8413209466735837,-0.21607135529331645,-0.24798218889135235,0.019653247832798953,0.2725189090075636,0.7638095238095238,-2.209325676477762,-0.18871998848245974,-0.306914083723111,Packaged Foods,Consumer Defensive,STKL
2018Q1,2018,Q1,2018-05-09,2018-03-31,-4363000.0,312652000.0,2625000.0,-0.07,33684000.0,0.10773639701649118,979887000.0,319093000.0,528282000.0,416394000.0,659198000.0,334481000.0,-95367000.0,616351000.0,1077824000.0,3.6757631609261607,1.2687070418882116,0.47392913672698994,1.4553656770910048,0.0024288313431563304,3.6757631609261607,-0.013673129777212287,1.9713643283906708,-35.31692642677057,1.9315716734619686,-0.3896401558560623,0.8340324263560561,0.0027581686409205147,0.319069443721572,0.37325705941968423,-0.004452554223088989,799.4176394293125,0.10773639701649118,0.9492753623188406,-1.628239834120493,-0.18421156948140552,-0.28857361139342835,0.19146828905946023,0.9628639764399466,2.013904982618772,-1.6472046590710163,-0.19993147293819463,-0.28223974248210065,Packaged Foods,Consumer Defensive,STKL
2017Q4,2017,Q4,2018-03-01,2017-12-30,-117487000.0,292395000.0,-2589000.0,-1.38,28271000.0,0.09668769985806872,982173000.0,320539000.0,528577000.0,410052000.0,660059000.0,354978000.0,-89291000.0,672111000.0,1131006000.0,3.6960818227941514,1.2890487060177733,0.4705107959595713,1.4417060014538012,-0.002790284508565174,3.6960818227941514,-0.3665295018702872,2.2986405376288923,-1.430181637117298,2.0968150521465407,-0.01446968600781363,0.7440573782037196,0.0025293441113149466,0.29770213597808126,0.34236145659574885,-0.11961945604287635,22.105278737049826,0.09668769985806872,-14.333333333333332,-20.353186222318275,-0.2183772764853676,-0.29042828526714837,-0.22449595391578658,-18.493446158951386,-1.3435509554140128,-47.75984863772642,-0.10372481275396636,-0.27254161259788534,Packaged Foods,Consumer Defensive,STKL
2017Q3,2017,Q3,2017-11-08,2017-09-30,-6027000.0,320713000.0,7536000.0,-0.09,36455000.0,0.11366860713472793,1133094000.0,437137000.0,564304000.0,426155000.0,694478000.0,370599000.0,30157000.0,752906699.9999999,1239865700.0,5.051212719982436,1.3241754760591804,0.4322801109175408,1.1205045557799957,0.005097855630729326,5.051212719982436,-0.013787439635629105,2.347602685266889,-31.230574912891985,1.7223586655899636,-0.28206404513024724,0.7670231166301043,0.002257915887851709,0.283041830598344,0.36418204643850244,-0.005319064437725379,-42.73023269012485,0.11366860713472793,-2.0,-1.7738143398163515,-0.14444491671682227,0.01730160931627161,-0.12498199798377418,-13.772058823529411,0.9758783429470372,-11.136588055715645,-0.22147526428450745,-0.011893326339963121,Packaged Foods,Consumer Defensive,STKL
2017Q2,2017,Q2,2017-08-09,2017-07-01,-408000.0,336454000.0,3814000.0,-0.03,41662000.0,0.12382673411521337,1149795000.0,439842000.0,571850000.0,430774000.0,706413000.0,381979000.0,38138000.0,879372599.9999999,1343598600.0,5.101805992135756,1.3274942313138676,0.4067533777760383,1.0632977296392796,7.543008669138579e-05,5.101805992135756,-0.0009276058220906598,2.6136488197495047,-538.83125,1.9992920184975513,-4.166666666666667,0.7717492322876388,0.0019331964630237514,0.2926208585008632,0.3683555646348201,-0.00035484586382789974,-26.714034874536726,0.12382673411521337,0.8125,-1.038263369449502,-0.08963270512143046,0.07398171203517034,0.0765652859247009,0.9642042463590104,2.605218855218855,-1.036257240491645,-0.23035206599103614,-0.010898069285252302,Packaged Foods,Consumer Defensive,STKL
2017Q1,2017,Q1,2017-05-10,2017-04-01,-11398000.0,330031000.0,-2376000.0,-0.16,38699000.0,0.11725868176019828,1123928000.0,436006000.0,545135000.0,399401000.0,684429000.0,343842000.0,40500000.0,597206550.0,1019598550.0,5.074026230958117,1.3648814099113422,0.3789415336213708,0.9768283005279744,-0.0019086618194021096,5.074026230958117,-0.02614184208474195,1.8095468304492608,-13.098932926829269,1.3697209442071898,-0.13958589226180032,0.8472845085824303,0.0026640699101508516,0.29364069584528546,0.43856675371368625,-0.010141219010470421,57.110696184374106,0.11725868176019828,0.6097560975609756,-2.481544774109243,-0.07934946757896366,0.08852486974103557,1.2706683095699114,0.6595172661010873,0.7981651376146789,-2.329899870402954,-0.2333765340585208,0.013818428200134712,Packaged Foods,Consumer Defensive,STKL
2016Q4,2016,Q4,2017-03-02,2016-12-31,-33476000.0,297539000.0,-11772000.0,-0.41,17043000.0,0.05727988599813806,1129558000.0,445866000.0,549697000.0,392038000.0,680961000.0,368482000.0,53838000.0,575623899.0,1006953899.0,5.460779695667222,1.4021523423749738,0.38296484111484314,0.970204052338595,-0.010770100000404875,5.460779695667222,-0.07508085388883656,1.9346166351301846,-4.298780462122117,1.291024431107104,0.0,0.7612203581178999,0.0,0.2634118832322023,0.41174835092516543,-0.02963637104070796,20.39050297555792,0.05727988599813806,-9.25,-2.610301928349155,-0.06258526262800346,0.2139852966645837,-0.5846210090177919,-8.977943368107303,-1.8251787466704052,-20.280632445640805,-0.1504719384742609,0.11613069985373052,Packaged Foods,Consumer Defensive,STKL
2016Q3,2016,Q3,2016-11-09,2016-10-01,-3355000.0,348732000.0,14266000.0,-0.04,41030000.0,0.11765481802645011,1204248000.0,402828000.0,602053000.0,410944000.0,798820000.0,393689000.0,89126000.0,604469222.1999999,1149124222.1999998,4.704897413385624,1.4650487657685718,0.4536391175239652,1.3561470404242009,0.006256184107169871,4.704897413385624,-0.008328616680071892,1.7333345440051384,-45.04241596125186,1.5005640675424745,0.0,0.7815864806992321,0.0,0.2895848695617514,0.4499615519389503,-0.002785970996007467,52.20392280853268,0.11765481802645011,0.20000000000000004,-1.7636823392035965,-0.019184893244213443,0.008766733151507706,0.14041914503307576,0.18646944713870028,0.6681478016838166,-1.979632176878765,-0.02015499402620652,0.056352138174746574,Packaged Foods,Consumer Defensive,STKL
2016Q2,2016,Q2,2016-08-10,2016-07-02,-4124000.0,348146000.0,8552000.0,-0.05,35978000.0,0.1033417014700729,1215164000.0,404143000.0,597924000.0,416240000.0,807939000.0,400162000.0,92481000.0,369535919.04,923060919.04,4.724568492653125,1.4364885642898328,0.45904668011889754,1.3802465958831405,0.0031941110235663493,4.724568492653125,-0.010204308870869965,1.061439508252285,-22.401546983511157,0.9143692184202127,0.0,0.7801040578565681,0.0,0.2865012459223611,0.42326302133384586,-0.00339378059257845,-9.425253629198869,0.1033417014700729,0.5833333333333333,-1.7183363347727174,-0.08210759385192427,0.013362090918834004,0.12780163631234132,0.5969901299716603,0.8157112526539279,0.790387148412535,-0.13101012727672137,-0.013795033170424817,Packaged Foods,Consumer Defensive,STKL
2016Q1,2016,Q1,2016-05-11,2016-04-02,-10233000.0,352314000.0,4710000.0,-0.12,31901000.0,0.09054706880793838,1222625000.0,413775000.0,601641000.0,400975000.0,803469000.0,357146000.0,96605000.0,375874149.20000005,888980149.2,4.843669094761998,1.5004451649105306,0.4241537675084347,1.2532922482025255,0.0037909337182539904,4.843669094761998,-0.02473083197389886,1.0668725886567099,-9.182892338512657,0.9084022698326386,0.0,0.8971485050931551,0.0,0.2881619466312238,0.4049230001870441,-0.008369696350066456,-17.33496975510769,0.09054706880793838,0.6571428571428571,-2.5445985904681803,0.035569838576189644,0.06203711761440605,1.429996953077392,0.6596714114673407,1.4620364920541495,-2.4973495814965716,-0.06582937546889504,-0.06253100082118916,Packaged Foods,Consumer Defensive,STKL
2015Q4,2015,Q4,2016-03-09,2016-01-02,-30068000.0,228453000.0,-10194000.0,-0.35,13128000.0,0.05746477393599559,1219203000.0,421039000.0,597055000.0,379669000.0,793024000.0,371223000.0,106838000.0,583869240.0,1064363240.0,4.932451587961715,1.5725671571816504,0.3959701542729144,1.1466111215350596,-0.005687275592545261,4.932451587961715,-0.07141381202216422,2.5557521240692833,-4.854573300518823,1.3867343405242745,0.0,0.5800421848861735,0.0,0.18737896806356283,0.37246654322580985,-0.02466201280672702,34.16437916910474,0.05746477393599559,-36.0,-13.328580967889318,-0.2193807629270036,0.13887599284992297,-0.5714285714285714,-96.75796178343948,-3.287188691945255,-6.032073887406398,-0.37955411712659615,-0.05307071138893037,Packaged Foods,Consumer Defensive,STKL
2015Q3,2015,Q3,2015-11-12,2015-10-03,314000.0,306007000.0,4457000.0,0.01,30632000.0,0.10010228524184088,793608000.0,453110000.0,537773000.0,292717000.0,329646000.0,282127000.0,136906000.0,352131290.0,401594290.0,6.5496306789436405,1.837177205287018,0.18705960625396922,0.32762905254794644,0.019445082842501994,6.5496306789436405,0.0006929884575489396,1.1507295257951615,280.35930732484076,0.777143055770122,0.0,0.9760675156932871,0.0,0.3855896109918247,0.7929706849960884,0.00039566133405913247,23.210816030584667,0.10010228524184088,-0.6666666666666666,-0.9913238487288728,0.32189062801262136,0.47859558726442775,-0.0913082171462474,-0.846754514397267,-0.5568701531119506,-0.9495686836718163,0.02116952791358395,0.3190792388841938,Packaged Foods,Consumer Defensive,STKL
2015Q2,2015,Q2,2015-08-13,2015-07-04,2049000.0,307268000.0,10058000.0,0.03,33710000.0,0.10970878841923012,699923000.0,352918000.0,455247000.0,301107000.0,336204000.0,286331000.0,136592000.0,714255400.0,867756400.0,5.197996906988733,1.511911048232024,0.22557767068663268,0.4473758776826345,0.003935488544842767,5.197996906988733,0.005805881252868938,2.3245355845711235,87.14682772083943,2.023856533245683,0.0,0.9553907889819824,0.0,0.43900257599764547,0.4756315861139064,0.002927464878279468,-47.40842957652993,0.10970878841923012,-0.625,-0.9041022324230149,0.24743265260071629,0.34969283318123184,0.02486926912319105,-0.6085212074894918,0.24295600593178449,-0.7559943000817668,0.0557066325434982,0.09423087156324203,Packaged Foods,Consumer Defensive,STKL
2015Q1,2015,Q1,2015-05-13,2015-04-04,5234000.0,303406000.0,8092000.0,0.08,32892000.0,0.1084091942809305,671372000.0,345166000.0,430699000.0,252629000.0,314349000.0,269300000.0,134543000.0,727920000.0,869174000.0,5.1211572700296735,1.7048676121902078,0.2155958246694828,0.41934895093954794,0.010505647914105878,5.1211572700296735,0.015163718326834046,2.3991615195480644,34.76881925869316,2.108898327181704,0.0,1.0045079836613442,0.0,0.45191935320507853,0.5314710504336398,0.007795976001382244,-42.47651280854292,0.1084091942809305,3.666666666666667,0.09429034311496165,0.09966801506439317,0.389909943584249,0.36685505319148937,3.809447128287708,1.9576023391812865,-0.13263936522589598,0.07905628693621213,0.09863583602913036,Packaged Foods,Consumer Defensive,STKL
2014Q4,2014,Q4,2015-03-04,2015-01-03,-1863000.0,252240000.0,2736000.0,-0.03,24064000.0,0.0954012052013955,640950000.0,340689000.0,429365000.0,236328000.0,287622000.0,264256000.0,129309000.0,791237200.0,912564200.0,5.080815462164822,1.8168181510443113,0.2047975661128013,0.3852927449961695,0.004116201128814753,5.080815462164822,-0.005468330354076592,3.1368426895020614,-106.17783145464306,2.322461834693812,0.0,0.8634657302010172,0.0,0.3935408378188626,0.5842176974374598,-0.002906622981511818,-37.40897357098955,0.0954012052013955,-1.9999999999999996,0.18556722030369402,-0.005636166146956146,0.4161076880886094,-0.3622727513648169,-3.8515625,-0.7738469168457597,0.755348530440682,-0.03233096204948992,0.1295154922708392,Packaged Foods,Consumer Defensive,STKL
2014Q3,2014,Q3,2014-11-12,2014-10-04,-384000.0,318545000.0,12098000.0,-0.01,37734000.0,0.11845736081244408,677519000.0,342090000.0,413021000.0,249829000.0,317753000.0,240122000.0,131172000.0,882659802.9699999,1026003802.9699999,5.112011541499143,1.653214798922463,0.2225369325435892,0.44074074074074077,-0.00254546693240753,5.112011541499143,-0.001122511619749189,2.770910869641652,-574.6483092252604,2.580197617498319,0.0,1.1694513622242027,0.0,0.47016393636193227,0.5909321976231743,-0.0005667737731340376,69.2716844270915,0.11845736081244408,-1.076923076923077,0.9203286535545557,0.21655684844351625,0.41875406537505955,-0.14375184369965283,-1.0440973817179604,-0.30057235358732726,-1.1118336206335113,0.14627039727934682,0.09605518026376322,Packaged Foods,Consumer Defensive,STKL
2014Q2,2014,Q2,2014-08-13,2014-07-05,8708000.0,338288000.0,17297000.0,0.13,44069000.0,0.13027065695502058,702994000.0,344119000.0,423389000.0,268658000.0,341219000.0,255883000.0,131556000.0,938684960.4300001,1105957960.43,5.158018434408549,1.5759404149513507,0.2475127810479179,0.5056390376584844,0.020566820749356157,5.158018434408549,0.02530519965477059,2.774810103905548,26.948925138665597,2.7277917244615963,0.0,1.1498184717234048,0.0,0.48121036594906924,0.5333546739721132,0.01238701895037511,32.23616746557231,0.13027065695502058,0.3,3.7470385304984566,0.2736625606032957,0.4469190390532873,0.17746546610735564,0.31144578313253013,0.4707082731060284,0.9447991117814805,0.14357356851068723,0.1063317959763351,Packaged Foods,Consumer Defensive,STKL
2014Q1,2014,Q1,2014-05-15,2014-04-05,6640000.0,333527000.0,11761000.0,0.1,37427000.0,0.11221580261867854,720113000.0,333189000.0,438601000.0,297945000.0,369577000.0,268687000.0,122848000.0,791885835.0,988515835.0,5.00486683790726,1.4720871301750322,0.2822709769161229,0.6100651582135065,0.013102252861809714,5.00486683790726,0.01992862909639874,2.3742780494532676,29.81497872740964,2.3766866103022606,0.0,1.1020257772054471,0.0,0.463159254172609,0.4940945476514122,0.009220775072801075,-50.05599462705436,0.11221580261867854,6.0,4.884725844760591,0.39321875875733114,0.4587957750566878,0.31175522220664514,6.183450429352069,1.4425752855659397,0.28609305458148215,0.25797538207184084,0.09738180841524488,Packaged Foods,Consumer Defensive,STKL
2013Q4,2013,Q4,2013-12-31,2013-12-31,-1281000.0,285211000.0,4815000.0,-0.02,28532000.0,0.10003821731980884,705935000.0,325304000.0,419729000.0,287156000.0,363323000.0,274286000.0,116208000.0,665554890.0,847878890.0,4.89259877573734,1.4616758834919,0.2703662518503828,0.5867158104419251,0.005530245525337203,4.89259877573734,-0.003937855052504734,2.3335526680247254,-129.88971311475407,2.0459474522292993,0.0,0.9358078793667923,0.0,0.4040187835990566,0.4338060148490716,-0.0018146146599899425,427.7345051413882,0.10003821731980884,-1.5,0.9261899491920095,0.1431362179346048,0.4086031985029311,-0.09373312581393133,-1.439752832131823,-0.49974025974025976,-1.6743220683120517,0.2511758364323155,0.1296741972964357,Packaged Foods,Consumer Defensive,STKL
2013Q3,2013,Q3,2013-09-30,2013-09-30,2913000.0,302723000.0,9625000.0,0.04,31483000.0,0.10399936575681398,689080000.0,324356000.0,395464000.0,309768000.0,347681000.0,248887000.0,117489000.0,707859000.0,892442000.0,4.45391005835908,1.2766457477854394,0.2777645556394033,0.5900985337098743,0.01158194664633041,4.45391005835908,0.008980872868083217,2.338305976090353,60.75,2.182352106944222,0.0,1.0898118423220176,0.0,0.4393147384919022,0.41361599648769404,0.0042273756312764844,-898.2982233502538,0.10399936575681398,1.173913043478261,-0.34153943647540985,-0.0716030438942248,0.12184347309736425,-0.1487169780710056,1.1906288855441398,-0.2564122373300371,-0.9235382393518655,0.2422697871514713,0.0054813898948780386,Packaged Foods,Consumer Defensive,STKL
2013Q2,2013,Q2,2013-06-30,2013-06-30,-15281000.0,311170000.0,12944000.0,-0.23,36983000.0,0.11885143169328663,694858000.0,318287000.0,406758000.0,278876000.0,358891000.0,249407000.0,114576000.0,511581301.0,700613301.0,4.790655747599344,1.458562228373901,0.28134093584588504,0.614200391470591,0.03419341484131214,4.790655747599344,-0.048010129222996856,1.6440572709451424,-8.369565162620248,1.6072956199907629,0.0,1.0993556716531614,0.0,0.44781811535594324,0.45832556404997205,-0.021991543595957737,52.07464383143323,0.11885143169328663,-3.875,-21.540466504376614,0.030111168108254475,0.189343404224116,0.07979562043795621,-3.981658536585366,0.28272718263799423,-1.7308565952254653,0.29095573124250795,0.24392412009323397,Packaged Foods,Consumer Defensive,STKL
2013Q1,2013,Q1,2013-03-31,2013-03-31,5125000.0,282825000.0,10091000.0,0.08,34250000.0,0.12109961990630248,715131000.0,330995000.0,411454000.0,284552000.0,366777000.0,258798000.0,129857000.0,457406250.0,656927250.0,5.166751219512195,1.4459712108858838,0.28838073024382943,0.6230607713107449,0.011647944722572983,5.166751219512195,0.015483617577304792,1.6172765844603554,22.3125,1.3819128687744529,0.0,0.9604981491356193,0.0,0.3954869807070313,0.4438064044533161,0.007166519141248247,-31.012695775984813,0.12109961990630248,0.14285714285714277,3.0,0.4234339563370987,0.5024387036556394,0.1817679939272652,0.16929044033766827,0.15444457155931815,0.1273239453717755,0.07847787018780782,0.4022843895173783,Packaged Foods,Consumer Defensive,STKL
2012Q4,2012,Q4,2013-03-06,2012-12-29,4383000.0,270089000.0,8741000.0,0.07,28982000.0,0.10730536971146548,707310000.0,326151000.0,407492000.0,279520000.0,363775000.0,255738000.0,124732000.0,350013858.74,532432858.74,5.208891146662601,1.4578277046365198,0.26757574472296447,0.5802802996158222,0.014862212317793885,5.208891146662601,0.013438560666685063,1.2959204511846096,19.96428580538444,1.073165063850793,0.0,0.9427891044741102,0.0,0.3818537840550819,0.4363480251860332,0.006196717139585189,-25.474079966521106,0.10730536971146548,-0.22222222222222213,1.2921054339473652,0.32685161570266535,0.3033616959846337,-0.12654832584913053,-0.24483115093039284,-0.28917622184272584,3.051942176725342,0.14022226397136794,0.45180450936171224,Packaged Foods,Consumer Defensive,STKL
2012Q3,2012,Q3,2012-11-07,2012-09-29,5804000.0,279339000.0,12297000.0,0.09,33181000.0,0.11878398648237447,669308000.0,320207000.0,373625000.0,247077000.0,332188000.0,224556000.0,120349000.0,412084000.71,572894000.71,4.965304953540136,1.5121804133933956,0.2465187925439409,0.5152823017610483,0.015427971372633761,4.965304953540136,0.01812577488936844,1.4752111259437457,17.750000030582356,1.2869300193624749,0.0,1.0961987210317248,0.0,0.4173549397287945,0.4908267463179495,0.008671642950629605,38.18067272398777,0.11878398648237447,-0.25,0.12499999806168151,0.3416017305550278,0.21499965634930218,-0.10534404659188956,-0.2874155923879681,-0.051888974556669236,2.2495740410833482,0.10702351890985916,0.37803808373173453,Packaged Foods,Consumer Defensive,STKL
2012Q2,2012,Q2,2012-08-09,2012-06-30,8145000.0,282308000.0,12970000.0,0.12,37088000.0,0.1313742437337943,643512000.0,312834000.0,357555000.0,242905000.0,314198000.0,222712000.0,114545000.0,369444967.98,525334967.98,4.750365797633512,1.471995224470472,0.24729453374606844,0.5086947070970547,0.02017225092519192,4.750365797633512,0.02603617253879054,1.3086592231888576,11.33962455432781,1.1809616856863385,0.0,1.1010632565824923,0.0,0.43869888984199207,0.45865667647845865,0.01265710662738224,16.944685042425355,0.1313742437337943,0.3333333333333333,0.12437584360571813,0.2648297342403341,0.17295213092344397,-0.006695591622475762,0.38238289205702647,-0.008182304809971706,3.4981537198530415,0.07678709890786221,0.33256497673832563,Packaged Foods,Consumer Defensive,STKL
2012Q1,2012,Q1,2012-05-09,2012-03-31,5892000.0,274542000.0,13077000.0,0.09,37338000.0,0.1360010490198221,669323000.0,306763000.0,382687000.0,277634000.0,346132000.0,237965000.0,106400000.0,359977992.34999996,553333992.3499999,4.661378322173978,1.3783866529315574,0.29445424705261886,0.6424666599296526,0.0164792460483127,4.661378322173978,0.01920700997186753,1.3111946163064303,15.274015289799728,1.173472655926562,0.0,0.9968020507217448,0.0,0.4101786431961848,0.42664443115756717,0.008802924746348176,-29.470159013507978,0.1360010490198221,1.7874704698573802,0.4921856730289929,0.45926984670333076,0.27733719913033383,0.265995320923609,1.7801906779661016,6.543450614667232,4.487101090552107,0.16012988212206228,0.35867730802036485,Packaged Foods,Consumer Defensive,STKL
2011Q4,2011,Q4,2012-03-07,2011-12-31,-7552000.0,258514000.0,-2359000.0,-0.11429,29493000.0,0.11408666455201652,631503000.0,299132000.0,365308000.0,269630000.0,316555000.0,240852000.0,100508000.0,320530000.0,480134000.0,4.498225563909775,1.3548492378444534,0.25650234440691494,0.5415067595576535,-0.004538165440214254,4.498225563909775,-0.025246379524758302,1.239894164339262,-10.610765360169493,1.0715336373239908,0.0,0.950878547821899,0.0,0.4093630592412071,0.3636761487964989,-0.011958771375591247,-65.4276382935293,0.11408666455201652,-3.2857999999999996,-4.166685945633314,0.37897604456629813,0.4764722880017144,-0.10469916823507984,-3.243612596553773,-1.3234608528726175,0.5649326307849413,0.03596226575694986,0.2950612153877382,Packaged Foods,Consumer Defensive,STKL
2011Q3,2011,Q3,2011-11-09,2011-10-01,3366000.0,272420000.0,7293000.0,0.05,32942000.0,0.12092357389325306,624327000.0,305959000.0,351013000.0,235606000.0,302584000.0,204760000.0,108060000.0,323407990.14,477567990.14,4.664009288536868,1.4898304796991588,0.25897646585843637,0.5284564271683461,0.011331694482266882,4.664009288536868,0.01100147405371308,1.1871668384846927,24.020201287878784,1.057030484934256,0.0,1.1695546005079116,0.0,0.4363418529072105,0.5137560164002615,0.005391405465405149,69.59500540994189,0.12092357389325306,-0.28571428571428575,0.7103659058038387,0.4502615556917661,0.34691440282463415,-0.022550590469408344,-0.23517382413087934,-0.3502895322939866,-0.15534362637336874,-0.0725212991361299,0.17476291848117367,Packaged Foods,Consumer Defensive,STKL
2011Q2,2011,Q2,2011-08-10,2011-07-02,4401000.0,290757000.0,11225000.0,0.07,33702000.0,0.11591122483723522,631399000.0,305725000.0,356158000.0,241820000.0,310020000.0,208946000.0,104694000.0,473446222.18,635646222.1800001,4.6622708062517635,1.4728227607311224,0.26571629033305405,0.5487709542889851,0.01370649322296463,4.6622708062517635,0.014395289884700303,1.6283226962033588,26.89424120540786,1.5486015935235913,0.0,1.2302460922917884,0.0,0.4604964531144332,0.5032214043503432,0.006970235936388876,31.229961885224274,0.11591122483723522,-0.12499999999999993,-0.1610657527878808,0.5455478331505675,0.46871986951930666,-0.05211643931936436,-0.1338319228498327,0.05240952559534971,4.993774153553669,-0.02477004181597724,0.1574701511167597,Packaged Foods,Consumer Defensive,STKL
2011Q1,2011,Q1,2011-05-12,2011-04-02,5081000.0,260923000.0,10666000.0,0.08,35555000.0,0.13626625479547605,657372000.0,298804000.0,378797000.0,272796000.0,343654000.0,227462000.0,100293000.0,501202318.95000005,687816318.95,4.560734285485292,1.388572413085236,0.29258015248595926,0.6436794688156785,0.01419028258371768,4.560734285485292,0.017004457771649644,1.920882095292481,24.66061400068884,1.6773614775906616,0.0,0.9907940667012513,0.0,0.39691833543260135,0.4316705523541401,0.007729261361907718,-13.226778532974429,0.13626625479547605,1.8298549699327908,0.5510562713049874,0.7996019121456396,0.6760633810457238,-0.02924152241577022,1.6463541666666666,0.3794619762027936,2.8776406782624684,0.2840565053521277,0.3262151430332049,Packaged Foods,Consumer Defensive,STKL
2010Q4,2010,Q4,2011-03-10,2011-01-01,1920000.0,230392000.0,7732000.0,0.02827,36626000.0,0.15897253376853362,609684000.0,291042000.0,332707000.0,234264000.0,304449000.0,200278000.0,95212000.0,525504000.0,670966000.0,4.330982142857143,1.4202224840351056,0.24292092296993195,0.5088784436610524,0.008844245048825316,4.330982142857143,0.006596986002020327,2.2809125316851278,68.42500000000001,1.8055950687529636,0.0,0.9674851955781464,0.0,0.3778875614252629,0.43334870061127617,0.0031491723581396265,-23.765557163531113,0.15897253376853362,-0.9456346153846154,0.036126902622409626,0.5868563899714058,0.528575567023741,0.10296021923088505,-0.9436404731851938,7.697412823397076,1.11922670827766,0.05459817417958498,0.08369249271222784,Packaged Foods,Consumer Defensive,STKL
2010Q3,2010,Q3,2010-11-12,2010-10-02,34067000.0,217905000.0,889000.0,0.52,33207000.0,0.15239209747366972,517366000.0,288460000.0,292480000.0,181834000.0,214738000.0,158049000.0,93292000.0,407654768.2,484270768.2,4.429629531805388,1.608500060494737,0.18880830978456256,0.33863620605976563,-0.00022279895806609482,4.429629531805388,0.11809956319767038,1.870791253986829,2.991566385358264,1.4132107335505788,0.0,1.1686122658162974,0.0,0.42118152333164527,0.6362121495429898,0.0658470019290019,35.668454650450606,0.15239209747366972,0.6774193548387097,12.07843282084294,0.5195343769041134,0.45819009503781455,-0.13944749663107703,0.6645656210300009,-0.9247630331753555,5.539216410421469,0.03639648909428855,0.08392100973798983,Packaged Foods,Consumer Defensive,STKL
2010Q2,2010,Q2,2010-08-12,2010-07-03,20466000.0,235939000.0,11816000.0,0.31,38588000.0,0.1635507482866334,500774000.0,250460000.0,298889000.0,174954000.0,236870000.0,146599000.0,59225000.0,271189803.42,343161803.42,3.851244356641527,1.708386204373721,0.2203129555448166,0.440497484628284,0.026003241965637112,3.851244356641527,0.08171364688972291,1.149406428865088,3.3126869371152154,1.0827669225425216,0.0,1.3461960859214592,0.0,0.471148661871423,0.7890016804417161,0.040868735197913626,22.012159368506495,0.1635507482866334,3.428571428571428,4.24498705579791,0.9440494365777312,0.38306805455341736,-0.2107986501687289,3.4365922393236508,0.1516569200779727,1.8609019961796323,0.07042984380107943,-0.04905738478498611,Packaged Foods,Consumer Defensive,STKL
2010Q1,2010,Q1,2010-05-13,2010-04-03,4613000.0,266100000.0,10260000.0,0.07,48895000.0,0.1837467117624953,571142000.0,239510000.0,330292000.0,254128000.0,317930000.0,172051000.0,38759000.0,270417958.72,423421958.72,3.6845245216560003,1.2997072341497198,0.3070059634906906,0.73209469333222,0.016077786798364732,3.6845245216560003,0.01926015615214396,1.0162268272078168,14.655211289833082,1.129046631539393,0.0,1.2624454376899872,0.0,0.4659086531895746,0.5561921551344204,0.008076800515458503,-13.070615240949298,0.1837467117624953,3.064896755162242,-0.40862901613949587,1.6131908217517987,0.34536076059972576,0.2556497175141243,3.0835591689250226,23.450765864332602,0.1827419667024156,0.4319178887179562,0.00965420683214195,Packaged Foods,Consumer Defensive,STKL
2009Q4,2009,Q4,2010-03-11,2009-12-31,-2214000.0,245521000.0,-457000.0,-0.0339,38940000.0,0.15860150455561847,551290000.0,232853000.0,309816000.0,225903000.0,304779000.0,178140000.0,34146000.0,218064000.0,351970000.0,3.587873651771957,1.3714558903600218,0.28048576974006423,0.6640627348584729,-0.0006969111621481782,3.587873651771957,-0.00950814462343195,0.8881684255114634,-24.62330623306233,0.9364878270840401,0.0,1.159655327270686,0.0,0.4453572529884453,0.5108652828869028,-0.004016035117633187,13.273114614401363,0.15860150455561847,0.5157142857142858,-6.634128775147644,1.6680953112258736,0.4516529872950462,0.019318360295272497,0.5261130136986302,0.8333333333333334,-1.9512563707478963,0.3419559088665307,0.17766349073175616,Packaged Foods,Consumer Defensive,STKL
2009Q3,2009,Q3,2009-11-06,2009-09-30,-4672000.0,253812000.0,-2742000.0,-0.07,38202000.0,0.15051297810978204,564477000.0,233726000.0,327526000.0,192272000.0,318229000.0,178217000.0,36360000.0,262710446.85,411486446.85,3.603169616397004,1.7034513605725223,0.30027264175511137,0.7251953141712946,-0.007001143409224066,3.603169616397004,-0.019989218144322838,1.0350592046475344,-14.057707986408388,1.1240103661980267,0.0,1.2098172452684088,0.0,0.4496409951158329,0.6580989431638512,-0.00827668797842959,15.510122024442083,0.15051297810978204,-3.3333333333333335,-2.4404908694631153,1.7018971289200016,0.42310233357653787,0.003177437567290775,-3.6247191011235955,-1.4687980851427593,-3.400818115771859,0.36647283826370886,0.04055561468826033,Packaged Foods,Consumer Defensive,STKL
2009Q2,2009,Q2,2009-08-07,2009-06-30,1780000.0,257725000.0,5849000.0,0.03,38081000.0,0.14775826947327578,594008000.0,230775000.0,351172000.0,223543000.0,348605000.0,194933000.0,41032000.0,154720550.48000002,323386550.48,3.5648286429235307,1.5709371351373114,0.3202953495575817,0.8244307225652692,0.009027770961855565,3.5648286429235307,0.007713140504820712,0.6003319448249104,21.730414393258428,0.6704389577727223,0.0,1.1267666326378807,0.0,0.4338746279511387,0.583328487136703,0.0029965926384829832,21.847013623270264,0.14775826947327578,2.0,-0.7500361453099817,1.6934153433868482,0.5088532534949044,0.1317799506642494,2.0742305371152687,34.61494252873563,-0.6562996975190184,0.3876890987694323,0.12300097460503549,Packaged Foods,Consumer Defensive,STKL
2009Q1,2009,Q1,2009-05-11,2009-03-31,-1657000.0,232074000.0,-174000.0,-0.03,33647000.0,0.1449839275403535,573677000.0,221417000.0,335147000.0,197673000.0,337779000.0,190435000.0,39252000.0,111650079.14,293508079.14,3.430820765650198,1.6954616968427656,0.3299121282533551,0.8547807982223588,-0.00027536211718543467,3.430820765650198,-0.007483616885785645,0.48109688780302834,-16.845214112854556,0.504252515118532,0.0,1.041967075380051,0.0,0.4045377451074385,0.6368446879442311,-0.0028883849274068856,-12.172926203663323,0.1449839275403535,0.884766075132519,-1.6418737053480965,1.6896839801941226,0.30119800423600385,0.17163451493836618,0.9027867409797594,0.9886103292531256,-1.513498964278477,0.6249098634214854,0.26082176515698563,Packaged Foods,Consumer Defensive,STKL
2008Q4,2008,Q4,2009-03-11,2008-12-31,-17045000.0,245037000.0,-15277000.0,-0.26034,28718000.0,0.11719862714610446,581047000.0,226811000.0,336109000.0,193354000.0,339134000.0,200689000.0,40909000.0,102521000.0,256457000.0,3.473369065849923,1.7383090083473836,0.30753278134126844,0.787840977730357,-0.0349584387738582,3.473369065849923,-0.07515067611359237,0.4183898758146729,-1.5036814315048401,0.45201070494817275,0.0,1.0778816975519336,0.0,0.4217163155476235,0.6231006340701511,-0.029334976344426528,5.682667257912533,0.11719862714610446,-5.339,-5.626409777877148,2.8168036090494506,0.6100387676328357,-0.30478357703108355,-5.366034836065574,-2.6193555225779095,-10.465963352710018,0.7368327062611,0.22588985920217294,Packaged Foods,Consumer Defensive,STKL
2008Q3,2008,Q3,2008-11-07,2008-09-30,3904000.0,287747000.0,9434000.0,0.06,41308000.0,0.1435566660990384,634762000.0,255146000.0,374337000.0,215390000.0,363982000.0,206321000.0,57954000.0,395877026.16,590963026.1600001,3.9701706745790615,1.7379497655415757,0.32169852637681523,0.8003339264577928,0.016608080680193343,3.9701706745790615,0.015301043324214371,1.3757815934136586,25.350731695696723,1.55157057590556,0.0,1.1944445790782325,0.0,0.45331478569920697,0.7039463299131807,0.0061503366616149045,26.68534048938322,0.1435566660990384,4.999999999999999,0.2149550699251923,2.7323972824268283,0.4498619093490125,-0.09941571465945757,4.429763560500695,0.7180841376798397,0.5186938374064904,1.0332591943041098,0.3069407975798035,Packaged Foods,Consumer Defensive,STKL
2008Q2,2008,Q2,2008-08-11,2008-06-30,719000.0,291945000.0,5491000.0,0.01,45868000.0,0.15711178475397763,676889000.0,258642000.0,410156000.0,251006000.0,403212000.0,239033000.0,54050000.0,333256563.96000004,553930563.96,4.027983617334299,1.6340485884799567,0.33948993114085174,0.8884751896443733,0.00842847797677367,4.027983617334299,0.0027799042692215493,1.1415046120330885,115.87502223922115,1.2884858760758113,0.0,1.0294687344425246,0.0,0.4313040986040547,0.6407894632000829,0.0010622125636551931,-138.39558303986712,0.15711178475397763,-0.5,-0.8133765206547573,2.449062913043281,1.7829341530053313,0.14096664262083033,-0.5161507402422612,0.01722860318636532,-0.8133765179683081,1.4363212822725633,0.44653907919199093,Packaged Foods,Consumer Defensive,STKL
2008Q1,2008,Q1,2008-07-30,2008-03-31,1486000.0,230444000.0,5398000.0,0.02,40201000.0,0.1744501918036486,578295000.0,255511000.0,331255000.0,174816000.0,308477000.0,183126000.0,53331000.0,378930000.0,512115000.0,3.4389098250336474,1.8948780431997072,0.2873723618568378,0.6504064404272223,0.009474948234862085,3.4389098250336474,0.005815796580186372,1.6443474336498238,63.74999999999999,1.4830281279475246,0.0,1.0388639515961688,0.0,0.39848866063168453,0.7746430532674354,0.0025696227703853568,-53.32535885167464,0.1744501918036486,1.1797106658280168,-0.33333332706766916,1.6563252500052572,1.3232189109791925,1.625114274520047,1.0971940610896722,1.2317434422358648,-0.833333332323997,0.9799081364402852,0.25567744512166674,Packaged Foods,Consumer Defensive,STKL
2007Q4,2007,Q4,2008-07-22,2007-12-31,-15289000.0,207411000.0,-23293000.0,-0.11129,15314000.0,0.07383407823114492,564540000.0,254977000.0,314201000.0,167991000.0,295700000.0,182729000.0,51845000.0,851730000.0,978948000.0,3.996504702194357,1.870344244632153,0.27902362985793744,0.6177812116386968,-0.03159864180063822,3.996504702194357,-0.059962271106805715,4.1064842269696396,-13.927169860684153,3.3404189397475066,0.0,1.0512671770764357,0.0,0.3673982357317462,0.7114785911150002,-0.02708222623729054,228.6523489932886,0.07383407823114492,-2.391125,-19.441008277821318,2.8472853406540413,2.1793220923225243,-0.5955204564063284,-4.000196232339089,-3.677664099321761,-40.57785484028524,1.29281227852014,0.6169850314583708,Packaged Foods,Consumer Defensive,STKL
2007Q3,2007,Q3,2007-11-08,2007-09-30,5096000.0,205666000.0,8699000.0,0.08,37861000.0,0.1840897377301061,571603000.0,260321000.0,331950000.0,177172000.0,297350000.0,188585000.0,67034000.0,953589000.0,1094038000.0,4.086671899529042,1.8736030524010565,0.30407992960148916,0.6676872015703689,0.015222079626962854,4.086671899529042,0.019575831377414806,4.636590394134179,46.78125,3.663127446498746,0.0,0.8898109605748071,0.0,0.35980566931944025,0.7404499582326779,0.00891527861120393,-48.86691606026442,0.1840897377301061,-0.2727272727272727,1.0,2.7577533550943825,2.2100555507103126,-0.05625903584425943,-0.24503703703703703,-0.22156599552572706,0.6,1.2294721296699926,0.6140656521734648,Packaged Foods,Consumer Defensive,STKL
2007Q2,2007,Q2,2007-08-10,2007-06-30,6750000.0,207977000.0,11175000.0,0.11,40118000.0,0.19289632988263125,525424000.0,248518000.0,310734000.0,155418000.0,266097000.0,171626000.0,61938000.0,684204541.4,794740541.4,4.049922986962507,1.9993437053623133,0.26686257194189833,0.5642086287512373,0.02170153105161617,4.049922986962507,0.027161010470066554,3.2898086874990984,25.340908940740743,2.7531387722418494,0.0,0.9780511111370073,0.0,0.3958269892505862,0.8325161821668018,0.012846767562958676,-41.91145735987749,0.19289632988263125,0.8333333333333334,1.7500000162962963,3.601384918309314,2.734344572394,0.1514594873855515,0.7532467532467533,0.4156321256650621,-7.141803515257096e-10,1.2929844351748656,0.7141748138195886,Packaged Foods,Consumer Defensive,STKL
2007Q1,2007,Q1,2007-05-10,2007-03-31,3850000.0,183440000.0,7894000.0,0.06,34841000.0,0.18993131269079808,428270000.0,234163000.0,231143000.0,101727000.0,183674000.0,132779000.0,55188000.0,763583337.3000001,866649337.3000001,3.649293487536138,2.2721892909453736,0.24170499918275853,0.44206386149818716,0.01612460823475695,3.649293487536138,0.016441538586369323,4.162578157980811,49.58333359090909,3.2609051699030163,0.0,1.1191453467792347,0.0,0.42832792397319447,0.869336557649395,0.008989656058094193,-22.16240022348639,0.18993131269079808,0.6570008285004142,106.3711159639671,4.053702554128092,2.4370940023883017,0.24130682627903663,0.8509615384615384,0.47111442415206856,0.49999999220779223,1.1383178484346357,0.384057555671684,Packaged Foods,Consumer Defensive,STKL
