Quarters,Year,Quarter,FillingDate,Date,NetIncome,Revenue,OperatingIncome,EPSDiluted,GrossProfit,GrossProfitRatio,TotalAssets,CommonStockEquity,CurrentAssets,CurrentLiability,TotalLiability,Inventory,RetainedEarnings,MarketCap,EnterpriseValue,bookValuePerShare,currentRatio,debtToAssets,debtToEquity,roic,shareholdersEquityPerShare,roe,priceToSalesRatio,peRatio,pbRatio,payoutRatio,inventoryTurnover,dividendYield,assetTurnover,quickRatio,returnOnAssets,priceToFreeCashFlowsRatio,grossProfitMargin,epsdilutedGrowth,fiveYNetIncomeGrowthPerShare,fiveYRevenueGrowthPerShare,fiveYShareholdersEquityGrowthPerShare,grossProfitGrowth,netIncomeGrowth,operatingIncomeGrowth,threeYNetIncomeGrowthPerShare,threeYRevenueGrowthPerShare,threeYShareholdersEquityGrowthPerShare,Industry,Sector,Symbol
2023Q2,2023,Q2,2023-04-04,2023-03-31,-9501000.0,58120000.0,8003000.0,-0.26,43211000.0,0.7434790089,225543000.0,81802000.0,49492000.0,68170000.0,143741000.0,20377000.0,-161449000.0,339892671.43020004,445119671.43020004,2.2812761447933516,0.7260085081414112,0.4758028402566251,1.3118750152808,0.4932049461728053,2.2812761447933516,-0.11614630449133273,5.8481189165554035,-8.943602553157563,4.155065541553996,0.0,0.7316582421357413,0.0,0.25768922112413156,0.39977996186005577,-0.042125004987962386,53.543268971361066,0.7434790089470062,-27.0,-0.6969768739553008,1.1189673340151294,1.97079489583775,0.4056929082628497,-30.233846153846155,1.0447112927950946,-5.792026193670148,0.9947306283164332,2.1882389353374636,Medical Devices,Healthcare,QIPT
2023Q1,2023,Q1,2022-12-31,2022-12-31,325000.0,40815000.0,3914000.0,0.01,30740000.0,0.7531544775,131725000.0,80443000.0,38955000.0,37100000.0,51282000.0,16866000.0,-160699000.0,227031650.78999996,250045650.78999996,2.2593175115854516,1.05,0.2024672613399127,0.3315391022214487,0.016006944324725655,2.2593175115854516,0.004040127792349863,5.562456224182285,174.63973137692307,2.8222673295376848,0.0,0.5973556267046128,0.0,0.30985006642626683,0.5615633423180593,0.002467261339912697,64.2967008751062,0.7531544775205194,-0.7999999999999999,-0.9904085266550318,0.47023769766254986,1.5972475465443676,-0.0018832391713747645,-0.8163841807909604,-0.08530030380930125,1.0307616370158392,0.37431708292896193,2.6504059495744277,Medical Devices,Healthcare,QIPT
2022Q4,2022,Q4,2022-09-30,2022-09-30,1770000.0,40092000.0,4279000.0,0.05,30798000.0,0.7681831787,132214000.0,79547000.0,41536000.0,41740000.0,52667000.0,15585000.0,-161024000.0,201860234.10000002,219905234.10000002,2.247090395480226,0.9951126018207954,0.20089400517343095,0.33390322702301783,-0.10971581257348835,2.247090395480226,0.022250996266358253,5.0349255237952715,28.5113325,2.537622212025595,0.0,0.5963426371511068,0.0,0.3032356633941943,0.5965261140392909,0.013387387114828989,50.936218546555644,0.7681831786890153,10.627906976744187,1.057425280125982,2.7047428727156997,-0.40872553260938194,0.10839991362556683,9.858895705521473,-0.01632183908045977,-0.6458071434537737,0.9955868738728965,2.2439497026218787,Medical Devices,Healthcare,QIPT
2022Q3,2022,Q3,2022-06-30,2022-06-30,163000.0,36692000.0,4350000.0,0.0043,27786000.0,0.7572767906,130478000.0,67725000.0,47335000.0,46479000.0,62753000.0,13239000.0,-162794000.0,198225039.38160002,216467039.38160002,2.018087547304747,1.0184169194690076,0.2818866015726789,0.543078626799557,0.019552746335649056,2.018087547304747,0.002406792174234035,5.402404867044588,304.02613402085893,2.9269108804961244,0.0,0.6727094191404185,0.0,0.28121215837152624,0.7186471309623701,0.0012492527475896319,40.42933701439935,0.7572767905810531,-0.9692857142857143,1.039880984066541,-0.19873038950828803,-0.5492777919854159,0.06057483110042368,-0.9676330420969023,-0.5090847534138359,1.010619193873095,0.41900077776904204,2.5391691121596094,Medical Devices,Healthcare,QIPT
2022Q2,2022,Q2,2022-03-31,2022-03-31,5036000.0,33553000.0,8861000.0,0.14,26199000.0,0.7808243674,110526000.0,65710000.0,43950000.0,28515000.0,44816000.0,11780000.0,-162958000.0,183492492.92819998,190627492.92819998,1.965129493390753,1.5412940557601262,0.2219296817038525,0.37329173641759245,0.08682459276224144,1.965129493390753,0.07663978085527318,5.4687358188001065,9.109039561566718,2.792459183201948,0.0,0.6242784380305603,0.0,0.3035756292637027,1.0907943187795897,0.0455639397064944,44.85272376636519,0.7808243674187108,3.1909233176838816,188.60572551818254,-0.2063624194859174,-0.5703878951954652,0.19816152931491815,3.363209760675739,7.577928363988383,8.794726627637809,0.25608941178895117,1.2006200220810355,Medical Devices,Healthcare,QIPT
2022Q1,2022,Q1,2021-12-31,2021-12-31,-2131000.0,29525000.0,1033000.0,-0.0639,21866000.0,0.740592718,107376000.0,58602000.0,52431000.0,30874000.0,48774000.0,9846000.0,-167995000.0,238410841.70640004,235210841.70640004,1.7573921909674324,1.6982250437261126,0.2504190880643719,0.4588409951878775,0.011867367891234912,1.7573921909674324,-0.03636394662298215,8.074880328751906,-27.969362002158615,4.068305547701444,0.0,0.7778793418647166,0.0,0.27496833556846967,1.3131437455464146,-0.019846148115035017,53.95131063733877,0.740592718035563,-0.3175257731958762,0.6019106727073469,-0.2802357622952841,-0.6274561129675822,0.04702164336334036,-0.42351369405477624,6.1393034825870645,-14.032530688209459,0.12333488868519454,0.8845813645143913,Medical Devices,Healthcare,QIPT
2021Q4,2021,Q4,2021-09-30,2021-09-30,-1497000.0,29118000.0,-201000.0,-0.0485,20884000.0,0.7172195893,108573000.0,58622000.0,57233000.0,32737000.0,49951000.0,9253000.0,-165863000.0,245670518.20409998,238112518.20409998,1.8975819764995305,1.7482664874606715,0.24917797242408335,0.46149909590256216,-0.0011878206266859625,1.8975819764995305,-0.025536488007915116,8.43706704458067,-41.02714064864729,4.190756340692914,0.0,0.8898735545228574,0.0,0.26818822359150063,1.4219384793964016,-0.013787958332182035,61.741773863809996,0.717219589257504,-1.2552631578947369,0.9782086327323801,-0.2714999642173375,-0.6170822831172975,0.12941430966416095,-1.2365302575446357,-1.051750772399588,0.9402978567365142,0.10425526029083232,1.4115924385408516,Medical Devices,Healthcare,QIPT
2021Q3,2021,Q3,2021-06-30,2021-06-30,6329000.0,26238000.0,3884000.0,0.19,18491000.0,0.704741215,106542000.0,56118000.0,61690000.0,32330000.0,50424000.0,10914000.0,-164366000.0,240876843.36192,237840843.36192,1.8165280160554171,1.9081348592638416,0.25865855718871433,0.4910723831925585,0.04731441769773821,1.8165280160554171,0.11278021312234933,9.18045748006403,9.514806579314268,4.292327655331979,0.0,0.7098222466556716,0.0,0.24626907698372472,1.5198267862666255,0.05940380319498414,57.06629788247335,0.7047412150316336,1.2676056338028168,1.651610702528185,-0.3735047422850814,-0.744753349889985,0.020587261287117783,1.3034909369905054,2.064401205809811,2.8133900569246113,0.07389752234040987,1.483948662935279,Medical Devices,Healthcare,QIPT
2021Q2,2021,Q2,2021-03-31,2021-03-31,-20854000.0,24240000.0,-3649000.0,-0.71,18118000.0,0.7474422442,89728000.0,32094000.0,48701000.0,34339000.0,57634000.0,9851000.0,-170814000.0,285197478.62399995,288302478.62399995,1.0955827131835871,1.4182416494365007,0.33727487517831667,0.9429488377889949,-0.08938766324316953,1.0955827131835871,-0.6497787748488814,11.765572550495047,-3.418978117195741,8.886317648906337,0.0,0.6214597502791595,0.0,0.27014978601997147,1.1074288709630449,-0.23241351640513552,95.28816526027396,0.7474422442244224,-6.282051282051281,-0.20202457787237593,-0.4597490404874381,-0.8555756002911797,0.08595061136418125,-6.021548821548822,-1.9402215923730997,-3.5593544976570026,0.08177927586738054,0.4267240464168815,Medical Devices,Healthcare,QIPT
2021Q1,2021,Q1,2020-12-31,2020-12-31,-2970000.0,22755000.0,3881000.0,-0.0975,16684000.0,0.7332014942,78562000.0,28978000.0,41253000.0,29525000.0,49584000.0,7807000.0,-166325000.0,180752418.6174,181943418.6174,1.0302647835245806,1.3972226926333615,0.3154705837427764,0.8552695148043343,-0.8419793381212606,1.0302647835245806,-0.10249154531023535,7.9434154523137765,-15.214850051969698,6.237573973959556,0.0,0.7776354553605739,0.0,0.2896438481708714,1.1172226926333615,-0.03780453654438533,73.68626930998776,0.7332014941771039,-0.231060606060606,-2.378793562608144,-0.5283980751988001,-0.8697989149241301,0.1625181102582821,-0.779992806347237,17.326090129080885,-1.1109557592616779,0.03761449534950818,0.18436327235056502,Medical Devices,Healthcare,QIPT
2020Q4,2020,Q4,2020-09-30,2020-09-30,-1668546.069068,19772540.965816,-237717.663526,-0.0792,14351604.377409,0.7258351065,71819716.710495,28142929.715515,45124611.522831,24299246.951948,43676786.99498,6391943.581162,-165923828.59192,109815878.30639999,103556166.37716298,1.335988403437652,1.8570374469655528,0.3183647995007026,0.8124552042685436,-0.004384364613588581,1.335988403437652,-0.059288286114296845,5.553958820783658,-16.453827727954174,3.9020769840411913,0.0,0.848088929380306,0.0,0.27530797768973436,1.5713582979770075,-0.02323242342759305,-128.99756235101012,0.72583510648535,0.39076923076923076,-0.05300050245738163,-0.38131304085400103,-0.8693860622138696,0.06344516377303175,0.3891985470025816,-1.1210569667575738,0.9090286368124413,2.412863774610302,-0.6484628151713396,Medical Devices,Healthcare,QIPT
2020Q3,2020,Q3,2020-06-30,2020-06-30,-2731732.318055,18940547.664373,1963684.2875969997,-0.13,13495387.318788,0.7125130465,71145116.415288,33535656.757944,48958119.783277,22009078.928101,37609459.657344,6116561.722068,-159092107.189925,94217835.8826,84159994.32453799,1.5919894972973974,2.2244510978043563,0.31842132345373425,0.6755234373294223,0.02946838149731908,1.5919894972973974,-0.08145754644891222,4.974398710752324,-8.622535529916354,2.809482353742229,0.0,0.8902322240842196,0.0,0.26622414325409643,1.904524284763819,-0.03839662447256875,9.652522613661688,0.7125130465035445,-3.3049645390070923,0.9279299047003936,-0.2620011163280118,-0.7762011807652606,0.08751396644721873,-3.3622821789420514,0.03127551648167039,-0.06477732921979518,-0.3410655513308273,-0.6444430657548893,Medical Devices,Healthcare,QIPT
2020Q2,2020,Q2,2020-03-31,2020-03-31,1156395.430828,16994076.999013,1904131.5887109996,0.0564,12409392.18728,0.7302186631,45628966.295304,14964744.041743,21262163.305599,16479340.008461,30664222.253561,5505570.441405,-150583133.54957,54309846.65876,70201117.283495,0.7155286009176997,1.2902314834624657,0.44423668309871694,1.3545210384960296,0.03971546918524995,0.7155286009176997,0.07727465485559419,3.1958103203789334,11.741192763939143,3.629186473705589,0.0,0.8327356557376108,0.0,0.3724405433388479,0.9095460185700598,0.025343450108950043,67.87253026054358,0.7302186631260248,1.188,1.1249961576334166,-0.1975736330223522,-0.5876749187593823,-0.031659693400360275,1.1864894641268557,-0.37504774613434616,68.60975280327303,-0.35733233774758466,-0.8435727776098405,Medical Devices,Healthcare,QIPT
2020Q1,2020,Q1,2019-12-31,2019-12-31,-6200861.996371999,17430546.517948,3046843.301921,-0.3,12815114.792501003,0.7352101542,46378620.040268,12933773.262802,20904560.312952,18020776.71538,33444846.777466,4832079.126061,-164742358.011743,81551670.25698,98548921.9737,0.6189222631112706,1.1600254885301813,0.5045309740356126,1.8091743119265642,0.28955620405564403,0.6189222631112706,-0.47943178455168245,4.678663986410715,-3.2879166761288294,6.305327037974723,0.0,0.9551647655259723,0.0,0.3758315038872226,0.8556074766355523,-0.13370087318225796,24.200022786590083,0.7352101541569823,-3.142857142857143,0.5346650720828263,-0.16690568071238404,-0.7696623892186714,0.5215816205915352,-3.1035099412600986,1.008099571631301,-0.8484331906392559,-0.3219433652704569,-0.86879667108146,Medical Devices,Healthcare,QIPT
2019Q4,2019,Q4,2019-09-30,2019-09-30,2947864.3645760003,11851166.830038,1517277.0040710005,0.14,8422232.904942,0.710666977,41671702.67412,14465176.00846,23253512.615199,14329203.807222,27206526.665659,3579090.497054,-161232814.624566,71956474.69500001,81565176.91588001,0.6927019841473021,1.6228056302387923,0.4636091724825587,1.3355788814037939,0.0344640744715185,0.6927019841473021,0.20379042486948884,6.071678487608404,6.1024241447205885,4.974462436745744,0.0,0.9580461650574089,0.0,0.28439363091823233,1.330855606515804,0.07074019479426638,7.7254547624125545,0.7106669769929308,1.3255813953488373,1.2372231830548184,-0.5311255710906296,-0.6304724941337149,-0.2522178170155181,1.3086335702859568,2.673849790710163,1.0634823464249976,-0.5613562546107732,-0.8602179692183283,Medical Devices,Healthcare,QIPT
2019Q3,2019,Q3,2019-06-30,2019-06-30,-9551340.645947,16090036.563071,-906459.475929,-0.43,11262949.421084,0.6999952658,39292352.224254,11907373.552712,20716026.812919,14577239.488117,27384978.671542,4855271.176112,-166810633.759902,67900870.27575,83923112.81079,0.57021506555625,1.421121387887342,0.48888199600643045,1.6132292732855367,-0.02267558778587965,0.57021506555625,-0.8021366427839668,4.2200569283722125,-1.7772601981419995,5.702422114764764,0.0,0.9941951678695793,0.0,0.40949537638367955,1.051679991639234,-0.24308396177033256,-13.752793944612662,0.6999952658239526,-22.756906077348063,-4.669635192372566,0.003214334234608556,-0.7259820989103413,-0.033342542454718654,-23.062169868795326,-1.6772829839171486,-0.4547897790368724,-0.43163557757670135,-0.9198771039922925,Medical Devices,Healthcare,QIPT
2019Q2,2019,Q2,2019-03-31,2019-03-31,-396944.278011,16411773.517076,1338376.2732179998,-0.0181,11651437.986818,0.7099438689,52463301.378070995,18345566.20731,33463151.587777,21272468.544038,34117735.170761,5683792.690234,-154621030.55722,77370262.87872,82511814.70616099,0.8929890093122079,1.5730732669084453,0.37108309897359,1.0611961624821726,0.04127504956353097,0.8929890093122079,-0.02163706878956034,4.714314561934355,-48.728667450759886,4.2173821186228055,0.0,0.8375280010541726,0.0,0.312823880426555,1.279090236946851,-0.007566132278837446,87.29819034915715,0.7099438689362243,-4.067796610169491,-1.2470103871994822,0.5511166542675713,-0.4549333720158772,0.019701091125471182,-5.004814925762308,0.0440484738888102,0.9673752497778488,-0.4784305838177174,-0.8822823689489173,Medical Devices,Healthcare,QIPT
2019Q1,2019,Q1,2018-12-31,2018-12-31,99116.759543,15932101.348722,1281910.0900870003,0.0059,11426326.879731,0.7171889401,41076187.749168,18849070.872154,21399675.484387,13764014.008502,22227116.877014,4893431.128536,-151186097.222528,8811036.528,18409944.041050002,0.9325106488147131,1.5547554275350541,0.34538044935385603,0.7526584349316404,0.053681171962551434,0.9325106488147131,0.005258442721939498,0.5530366858171399,22.223881633704675,0.46745203451999695,0.0,0.9207801950487494,0.0,0.38786708849446977,1.1314877046994498,0.002412998015985736,4.99205327879756,0.7171889400921723,1.007283950617284,-0.8158413885113495,0.7573645470168701,-0.2940487437007441,0.036370734675941464,1.0064425247411297,1.0841655661696883,1.1569046120577775,-0.5405320791976134,-0.8821527239773091,Medical Devices,Healthcare,QIPT
2018Q4,2018,Q4,2018-09-30,2018-09-30,-15384769.717721,16178981.815636,-15230814.077844,-0.81,11025327.614354,0.6814599176,38006671.774986,14914745.24191,17787788.020217,14237505.901657,23091926.533076,4365291.290315,-159483285.733083,63096359.144,76073812.878878,0.7868584866055036,1.2493612394672868,0.42965074839629297,1.0948624805396818,-0.3633592730805162,0.7868584866055036,-1.031514080072266,3.8998967835553913,-1.0253055505816613,4.230468447204922,0.0,1.1805980079075344,0.0,0.42568794003910015,0.9161728730633153,-0.404791290560897,5.703565070522184,0.6814599175640764,-7.1000000000000005,0.510914442528684,1.539440053955079,1.2688917295600635,0.05243945989243791,-6.184358780894735,-62.37067020866732,-9.790182434780155,-0.43739048071857456,-0.9230721725192159,Medical Devices,Healthcare,QIPT
2018Q3,2018,Q3,2018-06-30,2018-06-30,-2141425.586739001,14990875.912409,248177.41155600036,-0.1,10475973.23601,0.6988232907,36080444.03893,13861770.072993,16792883.211679,14106599.756691,22218673.965937,4425942.822384,-157735705.596107,52034807.94304,63109169.256908,0.731306585824857,1.19042742413627,0.39871030282596326,1.0377927705556644,0.012927943167918317,0.731306585824857,-0.15448428126153657,3.4710985700286625,-6.074785911926022,3.7538357416863986,0.0,1.0200996392373372,0.0,0.4154847954818454,0.7602544062954745,-0.05935141996668473,-244.85272210131686,0.6988232907283491,0.375,-8.43836891033163,1.95742144432349,0.12117532264129299,-0.0017873093252243537,0.2764368349107278,1.4331141448345839,0.9372133438243989,-0.3508611630999098,-0.8971943277992509,Medical Devices,Healthcare,QIPT
2018Q2,2018,Q2,2018-03-31,2018-03-31,-2959555.83432,14498881.06798,-573006.9417400002,-0.16,10494730.565816,0.7238303781,36242556.585438,14555408.429546,17956342.292533,13574310.250037,21687148.155892,7367141.341634,-159524086.076459,36658772.747999996,47481826.619349994,0.7679009237526115,1.3228180262407112,0.38332193829587435,0.9544608182156882,-0.01580298692004097,0.7679009237526115,-0.2033303186678295,2.5283863338226094,-3.0966448007917777,2.518567096584278,0.0,0.5435148202648569,0.0,0.4000512776685723,0.7462635482030763,-0.08165968720620356,265.01681435645344,0.7238303781243539,-1.1839080459770115,-7.830607574072359,1.683113729309168,0.8064403020954409,0.04382849691633336,-1.1646015684059023,-1.0350379882926346,0.6470282708736356,-0.24462051609542754,-0.5574952414690979,Medical Devices,Healthcare,QIPT
2018Q1,2018,Q1,2017-12-31,2017-12-31,17980119.284294,14730815.109344,16353876.739563,0.87,10054075.54672,0.6825199741,38642544.73161,16434990.059642,18357057.654076,14157455.26839,22207554.671968,8053280.318091,-160788071.570577,116046719.91360001,126863419.71479301,0.8698891696293904,1.296635398528339,0.3425390488342074,0.8053902356413917,0.46918185472751994,0.8698891696293904,1.0940146126675332,7.877820680811455,1.6135421305987825,7.060954676119094,0.0,0.580724795102203,0.0,0.38120716975696584,0.6988709768016934,0.4652933550099789,-132.7832122759415,0.6825199740876887,2.0,30.617149540506862,1.4017776157081892,1.212733729348084,1.6598858822450278,2.09358461968549,3.0902194196782973,2.4924155683432447,-0.22125806153092384,-0.676262747489881,Medical Devices,Healthcare,QIPT
2017Q4,2017,Q4,2017-09-30,2017-09-30,-16441452.230248999,-12544948.111317,-7824000.0,-0.87,-15236082.203357,1.2145193482,102550522.760433,71763681.652197,81373283.999581,23323901.880648,30786841.108236,7889369.866106,-106011946.506735,138693827.83474,148865286.80792102,3.800418451006297,3.488836662749682,0.12584009998663911,0.17982589160348522,-0.08895779015074295,3.800418451006297,-0.2291054730153418,-11.055751415155084,-2.108904765413164,1.9326464952971651,0.0,0.34110887659121475,0.0,-0.12232944088079488,0.44618787585539577,-0.1603253868208714,-7.169812532766645,1.2145193481997973,-6.25,-8.479663655479996,-2.8137807866499878,9.83037754429583,-1.7469068628118143,-6.149145808283397,-39.25406556392255,-0.46316668653320936,-1.5488684955377627,1.0273641242377798,Medical Devices,Healthcare,QIPT
2017Q3,2017,Q3,2017-06-30,2017-06-30,-2299778.5569289997,25766592.85231,204527.28055599984,-0.12,20398905.08704,0.7916803438,114253859.875745,84548194.623854,35348619.056406,21762932.890447,29705665.251891,6710186.381251,-88249677.062189,159471367.289,165871687.151213,4.477453099536305,1.624258055398523,0.1470045896873336,0.1986540560203672,0.0015113894360069995,4.477453099536305,-0.027200800291011205,6.189074675222464,-17.33551332676454,1.8861593437739421,0.0,0.7999312478514623,0.0,0.22552054591706625,1.276815997738817,-0.020128672759328115,31.368774826869384,0.7916803437677332,-150.99999999999997,0.3595374045820263,3.1928791545505737,10.28548943433605,0.055547565030821575,-154.34693440033223,-0.9410645006906071,-1.9771215145122318,0.7766328610345894,1.151648342306549,Medical Devices,Healthcare,QIPT
2017Q2,2017,Q2,2017-03-31,2017-03-31,14997.225513,23871833.710764,3470357.9837730005,0.0008,19325424.796412997,0.8095492383,113235051.51547,86363772.70205,34082694.70148,19567629.988452,26871278.81342,6753250.64863,-83820993.116273,98173243.78875001,104164635.38130501,4.574194887466798,1.7417896148687495,0.13139038991311264,0.17227127885875512,0.0038933668402162626,4.574194887466798,0.00017365181075101427,4.112513725515896,1636.5234306780742,1.1367410282948383,0.0,0.6732178547635144,0.0,0.21081664547574003,1.3528262119180217,0.00013244331425902255,22.46084756526519,0.8095492382597743,1.005,1.0034899814758156,3.4169093290159176,10.056186869229334,0.07132324791138349,1.0049772273609932,3.8137339174267733,-0.9898453570579424,1.4549507907790253,1.792017546749057,Medical Devices,Healthcare,QIPT
2017Q1,2017,Q1,2016-12-31,2016-12-31,-3013168.663046,23089799.866081,720928.5023440002,-0.16,18038836.396100998,0.7812469792,110549066.28970999,88543263.150063,30429283.535451,13841232.051187,22005803.139647,6440741.016293,-83179822.929842,60895064.274000004,68317875.076767,4.717275607355513,2.198451945818034,0.11998869364489319,0.14980968145802476,0.0076981088284247086,4.717275607355513,-0.034030467771887805,2.63731451234686,-5.052410857449432,0.6877436194190759,0.0,0.7842208617304576,0.0,0.20886472080705598,1.6688346592130932,-0.0272563917921256,23.8210290717928,0.7812469792170055,0.9279279279279279,0.3057363292281208,3.7308739094658154,8.875457406373052,0.009338526414391887,0.9263817297397743,10.597658266162615,-7.028930170136149,1.7427160233715078,2.571183498607053,Medical Devices,Healthcare,QIPT
2016Q4,2016,Q4,2016-09-30,2016-09-30,-40929631.359105,23814007.019077,-75115.04185200017,-2.22,17871938.823323,0.7504801191,111536033.46643901,91212778.094695,30826392.850352,14681878.68416,20323255.371744,6192051.720859,-81956265.449705,72626776.1505,78469712.069877,4.955586782318585,2.0996218204425032,0.0987029636802493,0.12069511849368052,-0.0005840066477027509,4.955586782318585,-0.4487269460931537,3.0497503461857516,-0.44360756338905927,0.7962346687335908,0.0,0.9596283208903298,0.0,0.21350953838826078,1.5996477231519028,-0.3669633040287438,28.497772810713386,0.7504801190747148,-6.161290322580646,-6.465270973781095,6.240278299649099,14.539094394710506,-0.007368549375854806,-6.0727846213142636,0.9629216562963375,-0.3399552061904025,2.849265477057191,13.289341802774377,Medical Devices,Healthcare,QIPT
2016Q3,2016,Q3,2016-06-30,2016-06-30,-5786918.950672,24952464.87038,-2025846.7436499996,-0.31,18004606.656464,0.721556237,161399155.961601,130991358.654485,40409497.750777,16124070.552953,30407797.307116,6946312.356042,-41425126.373881,69369531.1062,75194323.574781,7.116755558877923,2.5061598197594286,0.07357230084045857,0.09065107332098377,-0.01416128967986534,7.116755558877923,-0.044177867991552905,2.7800672785855953,-2.9968248949704286,0.529573338415212,0.0,1.000222543674221,0.0,0.15460096257452874,1.9880159148650831,-0.03585470392452848,-14.914470715252735,0.7215562370287713,0.47457627118644063,-0.06873199608046571,7.932263896655283,14.762949477815194,0.009795179068319783,0.42448266359715325,0.730183654101427,-21.70049520273047,4.069419955642489,9.910787437917481,Medical Devices,Healthcare,QIPT
2016Q2,2016,Q2,2016-03-31,2016-03-31,-10055160.087517,26004591.538011,-7508243.197436,-0.59,17829959.01513,0.6856465709,173282795.599519,128794181.997473,47388370.158084,27152476.0408,44488613.602046,6477458.321777,-35521247.419186,98072799.77592002,97304718.66902003,7.585856097670719,1.7452688324584846,0.0675327215820177,0.09086015073573435,-0.05279159775549386,7.585856097670719,-0.07807153965785728,3.7713647465897195,-2.4383699245542765,0.7614691770614627,0.0,1.2620123691723584,0.0,0.1500702447005257,1.4688040856859164,-0.05802745767534761,-45.00895536351734,0.685646570878373,-17.84984025559105,-1.0976832507973182,16.84027186015898,12.335941521164868,-0.05124414925349744,-18.06502657085571,-4.926564645235209,-26.908922278196044,4.372571350508465,16.845265914986125,Medical Devices,Healthcare,QIPT
2016Q1,2016,Q1,2015-12-31,2015-12-31,-527413.903681,28950632.345841,-1266879.4903759998,-0.0313,18792989.788786,0.6491391816,171478565.09739202,133539758.879865,49574844.525795,26719132.515187,37938806.217527,6503661.48059,-24143539.263092,220997525.38752,214474985.050701,7.9128740203987675,1.8554062149142359,0.06408718826416829,0.0822944355811848,-0.010416794464304035,7.9128740203987675,-0.003949489710816926,7.633599250873293,-104.75526140148351,1.654919308236386,0.0,1.5618344508505257,0.0,0.16882945299547125,1.5798035124614738,-0.003075684143854673,-70.837167124782,0.6491391816346895,0.5837765957446809,0.8664503836656892,37.45596856921347,10.475443390218725,0.5237520144863476,0.4521370142625548,0.40449570042841304,-2.0382714326734384,4.284370435331304,19.12794715961131,Medical Devices,Healthcare,QIPT
2015Q4,2015,Q4,2015-09-30,2015-09-30,-962674.824566,19416078.214847,-2127406.1182890004,-0.0752,12333365.016170997,0.6352140159,158977281.936685,130903052.513966,62613592.55121,20160182.495345,28074229.422719,5393045.810056,-24411069.646182,148721842.7475984,116630590.60607141,10.228528640069205,3.105804849021953,0.041561667260649714,0.05047522396889915,0.04532452660545115,10.228528640069205,-0.007354105241077496,7.659726186819461,-38.62203491574797,1.1361220375799206,0.0,1.313304846302141,0.0,0.12213114967319502,2.8269957799810923,-0.006055423849486867,-59.98538739819387,0.635214015914912,0.9582222222222223,0.8505752904497558,42.321611322851844,3.1859056594228936,0.22763993426381116,0.9581951586690305,0.1627947747345101,-1.6461869650921583,3.142038442315397,28.149113004979657,Medical Devices,Healthcare,QIPT
2015Q3,2015,Q3,2015-06-30,2015-06-30,-23027831.08168,15592179.230007,-2541080.7936780006,-1.8,10046402.590811,0.6443231855,220797505.860744,91037225.995118,95108619.925724,123689830.098847,129760279.865626,3862658.804005,-24273962.990711,383521818.4643844,321300478.9118154,7.1134847929093965,0.7689283738987897,0.03264122271227324,0.07916652209395628,-0.046277544259016604,7.1134847929093965,-0.2529496129738718,24.597063233232998,-4.163677172896003,4.212802117728755,0.0,1.4357407476544028,0.0,0.07061755144933982,0.7303777073293686,-0.10429389132775599,-63.54226460683152,0.644323185528601,-3.0909090909090913,-0.7484479903447652,309.489871156849,0.0,0.4910475313777218,-4.126715127399375,-3.190040366839694,-8.462316498671992,2.7436811561197714,16.929647879506106,Medical Devices,Healthcare,QIPT
2015Q2,2015,Q2,2015-03-31,2015-03-31,-4491732.134405,10282448.3357,1160289.477835,-0.44,6737815.112794,0.6552734225,62202912.920019,17621127.149393,35543090.392806,37281686.385865,44581785.770626,2590853.446916,-10448504.495977,317485310.20455647,302191401.07062346,1.735350657701426,0.953365950910467,0.11789249857594547,0.4161627551218034,0.10106549490503879,1.735350657701426,-0.25490606226967316,30.876431355581712,-17.67053893155921,18.017309988906863,0.0,1.3681334338402364,0.0,0.1653049327275276,0.8687897965464444,-0.07221096124839853,-776.1237691248427,0.6552734225175476,0.3125,0.6666142847285438,-0.6456911944665789,1.6305077412383493,0.09022393100060416,0.19480163558455668,0.24549090038550847,-0.9435537253233511,2.537526818256479,3.1944782911977003,Medical Devices,Healthcare,QIPT
2015Q1,2015,Q1,2014-12-31,2014-12-31,-5578416.863360001,8758734.903434,931592.095515,-0.64,6180212.084145001,0.7056055643,46280013.955172,23506335.819996,27693445.376703,17553894.526472,22773678.135176,1536171.459091,-9474444.808159,150020687.8513728,135501228.1404688,2.687022154184126,1.5776240044589616,0.11686277819347081,0.23008311661374536,0.07380360049921092,2.687022154184126,-0.23731545852478808,17.128122897355283,-6.723264481932788,6.3821383732532055,0.0,1.6785384235785705,0.0,0.18925523470926206,1.4826389880581534,-0.12053619665636656,-249.36927162094437,0.7056055643060907,-0.06666666666666674,-1.6835810928514994,-0.7567729377537927,3.3762442624795472,0.053766508896585956,-0.3907417212345216,1.5649945665928287,-1.7577985986433522,2.8504649090936036,4.625190267079147,Medical Devices,Healthcare,QIPT
2014Q4,2014,Q4,2014-09-30,2014-09-30,-4011109.1644019997,8158657.034923,-1648851.42371,-0.6,5864878.065461,0.7188533652,36333124.58564,12635460.230429,20519494.167607,7927853.034457,23697664.355212,1164752.996828,-7320991.237972,63488800.70078,52187149.53340499,1.8745613605228046,2.588278828886292,0.03540336665103095,0.10180198487628234,-0.15864943524818617,1.8745613605228046,-0.31744860030838895,7.781770998464233,-3.957060135899174,5.024652805909265,0.0,1.9693265230557067,0.0,0.2245514837484569,2.428778750289085,-0.11039813421351923,-24.956580275915183,0.7188533652482859,-5.615384615384615,0.22485576411743605,-0.794986451578144,1.927294523693082,0.8554564061105827,-5.7742914351133265,-2.919093806971027,-0.9977512821946166,5.7734612834522885,4.878009448603007,Medical Devices,Healthcare,QIPT
2014Q3,2014,Q3,2014-06-30,2014-06-30,840147.531611,5176991.067495,859182.296207,0.13,3160881.6279089996,0.6105634695,24764663.648548,14026559.439117,9336737.620561,6109525.818032,10738104.209431,978437.327185,-3442147.737817,44028309.2950218,41698005.3274158,2.0809409286354446,1.5282262320594544,0.039148906793403764,0.06911955231467887,0.05599575957106014,2.0809409286354446,0.059896907381863915,8.504613726584207,13.101362450769994,3.1389243731599996,0.0,2.0605401936028143,0.0,0.20904750175351308,1.3218664009895997,0.03392525509468244,61.00381282737079,0.610563469532595,0.7955801104972375,-0.9892888231985978,-0.917593995897679,2.721811193631929,0.4999207250919252,0.6684074076255565,0.625809164331109,1.42368799701376,4.060514824509798,3.609089978294842,Medical Devices,Healthcare,QIPT
2014Q2,2014,Q2,2014-03-31,2014-03-31,503562.575766,3315508.693843,528464.4194759999,0.0724,2107365.7927590003,0.635608586,18966018.020952,10546798.386075,10933682.534513,3479819.609546,8419219.634877,771400.78525,-4333350.521992,35377391.15886,29359200.129531,1.6383116548794099,3.1420256683763785,0.021371110436003617,0.038431081245674785,0.04791788397252137,1.6383116548794099,0.04774553919897214,10.670275491829319,17.563552605674314,3.3543251576297295,0.0,1.566167580050438,0.0,0.17481311523485402,2.8931390765113494,0.026550780201184458,-186.465099366314,0.6356085859984147,1.752851711026616,1.0678272939034157,-0.8938551981284701,1.149169184222792,1.1670551080166336,2.8217376265919794,2.3822802868845367,1.2770587620964469,4.998865496696033,1.8801532933933895,Medical Devices,Healthcare,QIPT
2014Q1,2014,Q1,2013-12-31,2013-12-31,131762.728101,2219467.114964,156245.01065899996,0.0263,972456.023367,0.4381484262,13505572.095382,6536612.601783,11085856.100378,2203490.894747,6968959.4936,485999.793383,-6194543.422523,26205195.7916826,18637809.4077686,1.3209278126412423,5.031042391328262,0.03348588432752418,0.06918660359949132,0.02235629864685547,1.3209278126412423,0.02015764680089178,11.80697637509608,49.72042581646373,4.008987129592868,0.0,2.565867534462659,0.0,0.16433714168412822,4.784504888946899,0.009756175241628898,-136.56879131867206,0.43814842617425914,1.0158433734939758,-0.9990018990159841,-0.9436532841858032,1.1031321280006667,0.4160338694498334,1.0242331811543017,1.1360412683910477,1.1137853428195048,9.054421520527479,0.9156418132594163,Medical Devices,Healthcare,QIPT
2013Q4,2013,Q4,2013-09-30,2013-09-30,-5437285.648219999,1101258.337102,73147.0,-1.66,686746.3020109999,0.6236014556,8546768.064522,1136260.881366,6155025.300995,2386045.677504,7410507.183156,558753.562496,-6404886.678687,18911331.3198186,16231020.5344216,0.34680301239322464,2.5795924022014796,0.06758420833247511,0.5083573349348997,0.08655427920664868,0.34680301239322464,-4.7852440732478225,17.17247505211578,-0.869520774856182,16.643476537785595,0.0,0.7418512612954794,0.0,0.1288508508465756,2.3432363816160127,-0.6361803206981133,402.6063607566572,0.6236014556023222,-88.36842105263158,0.9399379956432747,-0.9729645143352298,1.0057630216660154,0.19039238800055425,-110.26495411717326,0.3970548913251079,-2.2966008741849464,8.597844565334865,-0.8580749252052849,Medical Devices,Healthcare,QIPT
2013Q3,2013,Q3,2013-06-30,2013-06-30,49762.393552,876172.825426,52358.0,0.019,576907.504562,0.6584403075,3538153.892944,2137081.812652,2172686.663625,797607.778285,1401072.080292,279061.169404,-3646822.726582,5165420.68872,4516367.3128080005,0.6522678220405588,2.7240038560013375,0.1368427358178406,0.22655691307118048,0.018932555053995576,0.6522678220405588,0.023285207546756306,5.895435853318715,25.950423201218765,2.4170439606661565,0.0,1.0724004400295128,0.0,0.24763558961449267,2.36704952628031,0.014064507948972816,37.41847010187006,0.6584403074604652,-0.03553299492385783,1.000346351519586,1.004452428034649,1.0127637581829163,-0.04243245672087244,-0.32412132638278196,-0.30106392919597924,1.0147585047386152,67.15093405739493,0.0,Medical Devices,Healthcare,QIPT
2013Q2,2013,Q2,2013-03-31,2013-03-31,73626.222419,918249.545432,74911.0,0.0197,602471.8659389999,0.6561090816,2646638.1640379997,1369197.503563,1193049.289891,657687.355644,1277440.660475,56868.642194,-3822695.955575,4969875.3332096,5219806.0423346,0.4250906730002974,1.814006730785906,0.18755491450960313,0.36254082650769304,0.03945341782303317,0.4250906730002974,0.053773266623263524,5.412336284763932,16.87535761690482,3.6297724179869753,0.0,5.55275574218504,0.0,0.34694940846429057,1.725432031609946,0.027818771534174436,-19.220463520027042,0.6561090816065265,-0.019900497512437863,1.006990162840725,-0.9928414813834732,1.0507871555842967,-0.157881082733106,-0.24057714596159263,-0.22733322829730815,1.0172277108748085,-0.9002511150596695,1.1544488768684475,Medical Devices,Healthcare,QIPT
2013Q1,2013,Q1,2012-12-31,2012-12-31,96950.232703,1045617.844255,96951.237899,0.0201,715423.74074,0.6842114877,2710952.625072,1266249.509967,1204733.472051,815253.862469,1444702.109908,30697.707146,-3984910.989817,4007956.1026427993,4054986.2484967993,0.3931287158919376,1.477740281294049,0.1856469023934468,0.39745717839852596,0.05478870767173742,0.3931287158919376,0.07656487283104785,3.8330984160838013,10.335086339918549,3.1652182852550537,0.0,10.756311601533579,0.0,0.3857012603557502,1.4264036624631364,0.03576242233315498,19.950838714390393,0.6842114876585121,-0.8324999999999999,1.005688931438939,-0.996014966894424,1.0445224652334162,-0.10019098040135224,-0.741429175415805,-0.6245192828994215,-0.9677331106686377,-0.9211371141512199,1.3476599007937156,Medical Devices,Healthcare,QIPT
2012Q4,2012,Q4,2012-09-30,2012-09-30,374946.52716099995,1179764.439864,258205.63742299995,0.12,795083.9846650001,0.6739345227,2584018.288037,1130244.348489,1004729.489459,821842.011684,1453773.939548,17533.147066,-4125739.395479,4618651.557805999,4872210.104922999,0.35090359827833617,1.2225336198136834,0.1952027271440803,0.44628174207580135,-0.7236280464739198,0.35090359827833617,0.3317393514617066,3.914893008928481,3.079540163218245,4.0864186261851945,0.0,21.94018300028785,0.0,0.4565619544280513,1.167085343270087,0.145102118238426,-13.162674885164078,0.6739345226888303,1.631578947368421,1.0972903043316078,-0.9956021119294964,1.0230886121733884,0.10356901032889508,1.6121612802789693,-0.3286888395807302,1.1516331850524666,-0.937960817142079,1.1735824667467534,Medical Devices,Healthcare,QIPT
2012Q3,2012,Q3,2012-06-30,2012-06-30,-612496.313047,1048228.296136,384628.846721,-0.19,720466.0308719999,0.6873178615,3034548.225347,1277894.995576,1138526.201947,1034272.932848,1756653.229771,49372.726379,-3878366.925573,9354068.4958292,9627060.3353732,0.3967442551417996,1.100798605269429,0.23805200750777192,0.5652892447531601,1.033720748069887,0.3967442551417996,-0.47930097165058744,8.923693941778097,-3.8180101237243758,7.319903848291491,0.0,6.638528785062376,0.0,0.34543141788960535,0.9860707499060916,-0.20184102131939627,-25.10364624595655,0.687317861507647,0.1739130434782609,0.9749813033851272,-0.9966661437545393,1.0349016392234622,0.19343024394563627,0.1644968383031192,0.11272601620998506,-1.0163415028032419,-0.9650824148662047,1.32827395055383,Medical Devices,Healthcare,QIPT
2012Q2,2012,Q2,2012-03-31,2012-03-31,-733086.7687,922008.399234,345663.56957399996,-0.23,603693.458019,0.6547591741,3491589.740506,1332581.611891,1581616.902707,1426513.716411,2159008.128615,74128.754849,-3837593.088172,9113268.6864076,8966057.5729576,0.41372264611385323,1.1087288432712923,0.20978822446014153,0.5496807142374971,0.6334572627263254,0.41372264611385323,-0.5501252322247739,9.88414931358419,-3.1078410754051573,6.838807173299815,0.0,4.2940818561354,0.0,0.26406550246661653,1.0090989125570107,-0.20995787683628642,-12.413422831625667,0.6547591741252525,0.0,0.971322685744957,-0.9962052990166929,1.0284443386937618,0.08222604318925686,0.004215271944356166,-0.16146923713804318,0.8026459578401597,-0.9410039360374074,1.0376696762374196,Medical Devices,Healthcare,QIPT
2012Q1,2012,Q1,2011-12-31,2011-12-31,-736190.009794,827884.427032,412225.26934400003,-0.23,557825.661116,0.6737965384,3814796.278159,1520859.941234,2147824.681685,1848980.411361,2293936.336925,246519.098923,-3560761.018609,9565144.810988,8710645.300703999,0.4776766698736663,1.1616265204800231,0.11663949870941295,0.2925686406086614,0.9530461790557454,0.4776766698736663,-0.48406167447389525,11.553719938034636,-3.2481915958301686,6.289300251558341,0.0,1.0954882079962194,0.0,0.21701930238632103,1.002048936094575,-0.19298278495471355,-23.731678449112046,0.6737965383837792,0.23333333333333328,-1.005648593844692,-0.9965958671280949,1.0731635916296303,0.6110795074026003,0.17806241122533142,0.3729822767292458,-1.0086674290888447,-0.9673330882865554,1.0372948551683823,Medical Devices,Healthcare,QIPT
2011Q4,2011,Q4,2011-09-30,2011-09-30,-895676.289597,537323.751704,300240.77974699996,-0.3,346243.409188,0.6443850809,2348878.2885229997,958934.181363,1156351.54669,1389944.10716,1389944.10716,70942.468922,-3344081.140985,9232419.026424002,8650939.793505002,0.318910913109934,0.8319410404586071,0.0,0.0,0.9419486374821838,0.318910913109934,-0.9340331244881822,17.182227655385574,-2.576940780295198,9.62779219456055,0.0,2.693454927909113,0.0,0.22875759647890273,0.7221732664516792,-0.3813208602478126,-19.94507954057275,0.6443850808566861,-0.03448275862068969,0.7772163895576343,-0.9973117245095148,1.0064365706474079,0.2158546917150096,-0.012543449893807582,2.251002839714532,0.9892193604606342,-0.9856266903953239,1.005299522887931,Medical Devices,Healthcare,QIPT
2011Q3,2011,Q3,2011-06-30,2011-06-30,-884580.597199,456363.317226,92353.28129500001,-0.29,284773.675298,0.6240064978,2469738.363689,1357575.475984,1678419.650601,1112162.887705,1112162.887705,176185.313674,-3175770.247388,8529284.828904001,7257801.534806001,0.45148628871100926,1.5091491265856727,0.0,0.0,0.15191684710975828,0.45148628871100926,-0.6515885214837407,18.689681021579858,-2.410544854791001,6.282733431614026,0.0,0.9739156933675897,0.0,0.18478204976511725,1.313507285879229,-0.3581677355805897,-16.76185720277767,0.6240064977811846,-0.035714285714285546,-302.565794585483,0.6491279645557088,10.294322085124566,0.9228588690898126,-0.04198281675412975,21.102816936404132,0.9932914444444957,1.0025269324541972,1.0088348092873596,Medical Devices,Healthcare,QIPT
2011Q2,2011,Q2,2011-03-31,2011-03-31,-848939.71664,258152.503833,-4594.046774000002,-0.28,148099.103827,0.5736884269,2586067.640008,1710410.428949,2065707.73014,875657.211059,875657.211059,128399.748948,-2769961.2104,8176495.123384199,6395275.668908199,0.5688279365676245,2.3590369656658,0.0,0.0,-0.005342951342186074,0.5688279365676245,-0.4963368453977739,31.6731195784706,-2.407855046453054,4.780428711726477,0.0,0.8571153830726725,0.0,0.09982434327672937,2.186875190936987,-0.3282743666508946,-13.241690933297894,0.5736884269106527,-0.21739130434782614,-86.73908273363061,0.16134608430088637,13.932428938320683,2.1713190674214045,-0.2064930934699703,0.9495073372070679,0.9136630443688563,-0.9978442227600174,1.0679599783059321,Medical Devices,Healthcare,QIPT
2011Q1,2011,Q1,2010-12-31,2010-12-31,-703642.4172130001,134133.538634,-90984.442489,-0.23,46699.528076,0.3481569826,2882821.74852,2073405.255159,2522814.349704,809416.493361,809416.493361,70582.706767,-2277009.678451,8415960.66864,6127323.850531001,0.6895484341061218,3.116830915105685,0.0,0.0,-0.07771443787539675,0.6895484341061218,-0.3393655993984837,62.743149508669816,-2.990141179227829,4.059004214298964,0.0,1.2387455024447802,0.0,0.046528557897435825,3.0188253663163302,-0.24408113945103968,-13.534606651045502,0.3481569825979575,0.54,0.9039048944950167,-0.9969980600180429,1.0717044605441333,9.996725833945614,-0.43246775468930676,0.8952359080839123,0.955771831042162,-0.9994524025291673,1.0780924794938798,Medical Devices,Healthcare,QIPT
2010Q4,2010,Q4,2010-09-30,2010-09-30,-491209.95213299984,34171.722766,-868469.728749,-0.5,-5190.724819000003,-0.1519011744,3062210.699748,2384351.618531,2870108.548168,677859.081217,677859.081217,25125.99341,-1822055.630936,3443950.5181824,655429.4869744,2.4435640629032718,4.234078479873909,0.0,0.0,-0.2631751807481098,2.4435640629032718,-0.20601405779053447,100.78363744683789,-1.752789465699749,1.4443970811252327,0.0,1.5666026390556156,0.0,0.011159167711357063,4.166732197624449,-0.1604102396263664,-12.685872277279373,-0.1519011743875156,0.5145631067961165,0.3549341552393487,-0.9975738745646923,1.3358091663247973,-3.0592935760762487,0.5108333084145125,-0.060165467178386424,0.5792682035109147,-0.9995795119134127,1.1607806339006308,Medical Devices,Healthcare,QIPT
2010Q3,2010,Q3,2010-06-30,2010-06-30,-1004177.023053,3828.858742,-819183.189451,-1.03,2520.633716,0.6583250743,,,,,,,,3245448.2775600003,,,0.0,0.0,0.0,0.0,,0.0,847.6281044164988,-0.8079870886939989,0.0,,0.0,,0.0,0.0,0.0,0.0,0.6583250743492693,0.2255639097744361,-41.47431046369053,-0.9147370939746354,0.0,1.0408809942101656,-11.536072318318869,-9.226622865573209,0.8646028780601589,-0.9999598025701875,0.0,Medical Devices,Healthcare,QIPT
2010Q2,2010,Q2,2010-03-31,2010-03-31,-80103.001766,172542.67216,-80103.001765,-1.33,-61657.837944,-0.3573483427,159198.548166,-166159.505592,85387.482833,321401.804983,325358.053757,6543.064548,-3776865.803414,191580.01531219998,293436.9900032,-2.752306663663017,0.26567207000444953,0.8824366708326732,-0.8454685535111736,,-2.752306663663017,0.482084979012219,1.1103341156936908,-0.5979177155927656,-1.1529885974902894,0.0,35.79370314718771,0.0,1.0838206387415403,0.22179729395661157,-0.5031641474674428,-3.3489641252573685,-0.3573483427150373,-2.385416666666667,-307.4466942712229,37.80807841283057,-70.8697959691748,0.03502096837579218,-2.4223719776256667,0.1639002656704818,0.8328185690041493,-0.9621125518585314,0.8107728845261615,Medical Devices,Healthcare,QIPT
2010Q1,2010,Q1,2009-12-31,2009-12-31,56316.493172,248510.170948,-95805.558208,0.96,-63895.52096299999,-0.2571143093,171403.877376,-68266.6412,75913.475313,230711.488874,239670.518575,6369.974214,-3583455.257378,199460.22986800002,249547.13656200003,-1.1307853307051399,0.3290407239080284,0.44883745549254483,-1.1269410480825004,,-1.1307853307051399,-0.8249489381938422,0.8026240097421866,0.8854432273455622,-2.921781800918602,0.0,49.04347826469867,0.0,1.4498515130019833,0.2685881992588679,0.32856020548742526,-1.5792491401179045,-0.25711430932285634,2.263157894736842,93.50675499483415,55.117916749300846,-48.94468028540481,-0.30638719121803937,2.2151130309061244,-1.114090858144526,-0.977211651474712,-0.946110050221737,0.8268026860546323,Medical Devices,Healthcare,QIPT
2009Q4,2009,Q4,2009-09-30,2009-09-30,-46346.711573,356429.039199,-45317.616241,-0.76,-48910.09448999999,-0.1372225299,192757.039948,-122042.286463,99214.145383,301074.936851,314799.32641,6240.059875,-3565539.339508,205543.3687926,283258.7771556,-2.0215382627917378,0.3295330605087876,0.5873625253559759,-0.9276969896686162,,-2.0215382627917378,0.37975944991043004,0.5766740253670574,-1.1087268212592158,-1.6841979509693579,0.0,64.95757121064483,0.0,1.8491103582787625,0.2798405314810254,-0.24044108368494838,-1.6599196647116359,-0.13722252990361064,-1.0652920962199313,-62.817808543550804,63.771574621733656,-213.29782989431322,-2.8730233356061987,-1.069067245176641,-11.627462397974053,0.42582783589116363,-0.9111818214248606,0.9591993459301541,Medical Devices,Healthcare,QIPT
2009Q3,2009,Q3,2009-06-30,2009-06-30,671037.500547,537461.034138,4264.1991610000005,11.64,26112.912508999987,0.048585685,267170.851458,-69693.785262,183409.276885,325022.610793,336864.63672,5745.294802,-341423.833929,210422.888004,189501.229018,-1.2085767221933201,0.564296977485697,0.21253691500072394,-0.8147594270211185,,-1.2085767221933201,-9.628369273162122,0.3915128253743717,0.07839460828659822,-3.019248950433052,0.0,89.00293879628146,0.0,2.011675417452829,0.5101567572558896,2.511641883405417,-1.4988351809899418,0.04858568500855294,11.121739130434785,80.4270250702294,67.23386204885259,-345.6722759479999,1.8585095067179378,11.090254744838644,1.0663466589820443,11927.643308273982,100.27219009170197,-23.879828250640124,Medical Devices,Healthcare,QIPT
2009Q2,2009,Q2,2009-03-31,2009-03-31,-66503.524194,279799.635701,-64271.498014,-1.15,-30416.567672999983,-0.1087083891,206636.572424,-633340.460917,90628.019324,819017.185396,839977.033341,8859.5866,-3548327.39368,228511.90488000002,540834.705229,-10.982909529306696,0.11065460034294734,1.6570941284701144,-0.5406511537178958,,-10.982909529306696,0.10500438278917311,0.816698364554673,-0.8590217873770085,-0.3608042103439003,0.0,35.01474926313153,0.0,1.3540663804995556,0.08224349310989314,-0.32183811129784246,-3.5955154272821783,-0.10870838911850404,-1.0499782703172533,-78.078702809119,35.04886662348017,-125.70856238640654,-8.035138601695731,-1.0549260438717785,-0.08326749969282703,-351.2242645754182,64.63448074704309,-248.6988770995043,Medical Devices,Healthcare,QIPT
2009Q1,2009,Q1,2008-12-31,2008-12-31,1210783.073131,361267.050123,-59331.14215299999,23.01,-3366.474938999978,-0.009318522,221307.313065,-581308.95645,103467.543139,776388.660641,802616.269515,9192.276089,-3605757.600657,173280.389436,417589.34588599997,-12.808111674304852,0.13326771549390662,1.1693826555428384,-0.4451899984879374,,-12.808111674304852,-2.0828563876344517,0.4796462599536922,0.0357785786077908,-0.2980865639748737,0.0,39.66738178135676,0.0,1.6324225581144376,0.09723399639128295,5.471048635321788,-3.6066467950782313,-0.009318521957244093,1.8327904451682955,6765.754660164104,55.05526645330355,-293.98430509725864,-1.2735664673667622,2.141847708408035,0.53730590609406,11.955018277976714,-0.4643384353144976,-0.33188430684436027,Medical Devices,Healthcare,QIPT
2008Q4,2008,Q4,2008-09-30,2008-09-30,-1060371.7678069999,477123.559418,-128229.737389,-27.63,12305.875684999977,0.0257918006,1070561.118458,-2309423.76724,457540.147364,3234226.336671,3268425.27867,0.0,-5537247.307765,128131.669274,791970.701959,-60.17728762644292,0.14146819045291295,0.6816365715579915,-0.31598081771761927,0.14554300079859384,-60.17728762644292,0.4591499329177917,0.2685502879595723,-0.03020913823908066,-0.055482095183912734,0.0,0.0,0.0,0.4456761516850459,0.04534645032696083,-0.9904822335919723,-2.5505384459478906,0.02579180055583674,0.36989737742303314,-5805.262623594674,275.4222513791535,-1762.9553244428462,1.005642487787329,0.30551100989147806,0.52736709156412,-34.40548888636458,-0.13870329119213365,-7.269922240349823,Medical Devices,Healthcare,QIPT
2008Q3,2008,Q3,2008-06-30,2008-06-30,-1526837.4055020001,-2091228.541559,-271309.371608,-43.85,-2180930.849799,1.0428945505,1114487.129102,-1779308.312046,395247.592847,2642271.566123,2683121.438397,0.0,-5136523.875025,111438.56043600001,687349.3484100001,-51.10311655023264,0.14958628700945606,0.5474903577017046,-0.3429259296070918,,-51.10311655023264,0.8581072741386301,-0.053288561351081766,-0.01824663189977337,-0.062630270246902,0.0,0.0,0.0,-1.8764043899223952,0.038557188031011595,-1.369991061926621,1.4533985104601617,1.0428945504794649,-12.409785932721713,-306496.84887851664,-508.3482006696249,-1208.219445316692,-4.039228781956288,-12.409984231956237,-1.4370253617003754,-1808.8875760581936,-1306.073690322889,-1499.6639738042188,Medical Devices,Healthcare,QIPT
2008Q2,2008,Q2,2008-03-31,2008-03-31,-113858.25509499994,1386618.089964,-111328.08704899997,-3.27,717593.510152,0.517513449,1824915.9623039998,-291428.155057,484567.18158,1782357.913145,2116344.117361,0.0,-3611134.751773,112094.53155600002,1009937.7259600001,-8.370042939198116,0.2718686174119614,0.5895252626453735,-3.691592741863185,,-8.370042939198116,0.39069064920213553,0.08084023450098668,-0.2461273700850054,-0.3846386480197001,0.0,0.0,0.0,0.7598257227216982,0.2024636688162434,-0.06239095796567596,4.005336539541471,0.5175134489775988,-615.9811320754717,-3625.31375830015,464.27463972371993,-224.81062060109684,-0.08162289981892251,-0.17099832816391536,-0.1481437218657668,-756.2578055388769,539.7630762347425,-217.56331862845536,Medical Devices,Healthcare,QIPT
2008Q1,2008,Q1,2007-12-31,2007-12-31,-97231.78279299999,1497032.212461,-96963.54639999999,-0.0053,781371.3016260001,0.5219468861,1980823.992729,-162266.989801,539581.944865,1759391.093608,2143090.982531,0.0,-3612710.289811,57565.290928,1012048.78078,-8.829895510747129,0.30668675476722695,0.5864855909178891,-7.159341103848102,,-8.829895510747129,0.5992086431888736,0.03845294072421281,-0.14801047886407853,-0.3547566328715198,0.0,0.0,0.0,0.755762358471095,0.231680656593581,-0.0490865332558108,-0.37909098275183345,0.5219468860603131,0.9852777777777777,-9982.207219234057,798.941695016899,-323.35783421087154,3.876264588060647,-3.4219963775415194,-3.452609105720362,-523.6864473336599,1109.5606265802264,-389.0000258782912,Medical Devices,Healthcare,QIPT
2007Q4,2007,Q4,2007-09-30,2007-09-30,-21988.209508,1530527.800161,-21776.792908999996,-0.36,160239.726027,0.1046957305,1957484.891217,-279295.930701,478217.163578,1805908.541499,2236780.821918,0.0,-3479310.032232,57236.379382,1099706.161815,-15.19812432393753,0.26480696701343154,0.6206805527038484,-4.3501271255208085,,-15.19812432393753,0.07872728203669913,0.03739649771534967,-0.6507621659823598,-0.20493094632042583,0.0,0.0,0.0,0.7818848600202714,0.20132009151649574,-0.01123288849209435,-1.2345589087167386,0.10469573045987401,-46.368421052631575,-1027.5636295712777,1511.2052697400263,-475.2274072077177,1.1163487175656073,0.8454557161022207,0.43544554099182126,-98.46415153090743,912.7057372842891,-1610.112251017196,Medical Devices,Healthcare,QIPT
2007Q3,2007,Q3,2007-06-30,2007-06-30,-142277.72748,1827288.544074,-38573.414064000004,-0.0076,-1377236.7188890001,-0.7537051132,1985654.297792,-212788.163457,587460.779709,1722374.823861,2198442.461249,0.0,-3197263.503992,62568.81907,991583.379897,-11.367496311608525,0.34107603732392316,0.605440432524842,-5.6497287131431,,-11.367496311608525,0.6686355348367454,0.03424134588536343,-0.10994134531491463,-0.2940427609012371,0.0,0.0,0.0,0.9202450527797821,0.2681530302136333,-0.07165281874000395,0.1939947766962787,-0.7537051131609491,0.9988953488372093,-365.90265220977363,529.9293671211477,-201.81363082043697,-2.902227409165934,0.04231674823459729,-2.8371022403095174,-50.87947928777108,713.6563953807295,-3242.8801004557854,Medical Devices,Healthcare,QIPT
2007Q2,2007,Q2,2007-03-31,2007-03-31,-148564.493759,1412067.441054,20996.879334,-6.88,724012.6560330001,0.512732349,1639572.642163,-272267.683773,454177.357836,1131477.115118,1911840.325936,0.0,-3026232.662968,67847.05293800001,899833.009942,-14.544990852769914,0.401402159855999,0.5554815954860611,-3.345062530238914,,-14.544990852769914,0.545655994498649,0.04804802587003733,-0.11417104319700522,-0.2491924564744404,0.0,0.0,0.0,0.8612411580563673,0.24153509766523107,-0.09061171791876622,-0.3221293018491422,0.5127323490247606,-1.1670713938805246,-1942.6801362894132,491.98327736097633,-267.7824272983952,-0.058393526905757116,-1.1935410318941195,-0.6161729756834612,-543.210713365248,559.4502832906572,-166.15522542839994,Medical Devices,Healthcare,QIPT
2007Q1,2007,Q1,2006-12-31,2006-12-31,767612.388469,1432371.310913,54704.0151,41.18,768912.14825,0.5368106317,1380281.4001369998,-122429.649966,440916.266301,1017376.458476,1502711.050103,0.0,-2848042.210021,,,,,,,,,,,,,,,,,,,,,,,,,,,,,,,Medical Devices,Healthcare,QIPT
