Quarters,Year,Quarter,FillingDate,Date,NetIncome,Revenue,OperatingIncome,EPSDiluted,GrossProfit,GrossProfitRatio,TotalAssets,CommonStockEquity,CurrentAssets,CurrentLiability,TotalLiability,Inventory,RetainedEarnings,MarketCap,EnterpriseValue,bookValuePerShare,currentRatio,debtToAssets,debtToEquity,roic,shareholdersEquityPerShare,roe,priceToSalesRatio,peRatio,pbRatio,payoutRatio,inventoryTurnover,dividendYield,assetTurnover,quickRatio,returnOnAssets,priceToFreeCashFlowsRatio,grossProfitMargin,epsdilutedGrowth,fiveYNetIncomeGrowthPerShare,fiveYRevenueGrowthPerShare,fiveYShareholdersEquityGrowthPerShare,grossProfitGrowth,netIncomeGrowth,operatingIncomeGrowth,threeYNetIncomeGrowthPerShare,threeYRevenueGrowthPerShare,threeYShareholdersEquityGrowthPerShare,Industry,Sector,Symbol
2023Q1,2023,Q1,2023-05-15,2023-03-31,-11380958.0,7670605.0,-11015625.0,-0.82,2992603.0,0.390139109,116729867.0,67877317.0,16743228.0,48550208.0,49996346.0,7377075.0,-133359653.0,43255254.800000004,67686595.80000001,4.864603934780197,0.34486418678165087,0.22118304135478883,0.3803725329921334,-0.1198386578798937,4.864603934780197,-0.1676695323711749,5.639092978976235,-0.9501672618421051,0.6372564018698618,0.0,0.6341269405557081,0.0,0.06571244529902531,0.19232609672856602,-0.09749825209686909,-23.60637256426839,0.3901391089751069,-16.596566523605148,0.4325590544147736,0.0,1.1517291153833578,-0.7034757294444164,0.27678110546967366,0.19514097312493284,0.9494517700360474,0.0,1.3523631366023106,Capital Markets,Financial Services,MIGI
2022Q4,2022,Q4,2023-03-23,2022-12-31,-15736533.0,16852208.0,-13686403.0,-0.0466,10092270.0,0.5988692995,133329065.0,77072024.0,20339268.0,35513408.0,57162945.0,0.0,-122257628.0,466195687.55999994,496511861.55999994,0.22814323675250944,0.572720815754996,0.2344757986565045,0.40562628795112476,-0.10272381465278249,0.22814323675250944,-0.20417957364140327,27.663774833541098,-7.406264257190577,6.048831513234944,0.0,0.0,0.0,0.12639560623934473,0.22978318498748415,-0.11802777586417486,-19.63203149946902,0.5988692995006946,0.9798268398268397,0.9988706380840033,0.0,1.0042207235220248,-0.00518802448757021,0.4856834395317263,-0.15697359969824556,0.9906447170680912,0.0,-0.925233836610572,Capital Markets,Financial Services,MIGI
2022Q3,2022,Q3,2022-11-14,2022-09-30,-30596979.0,28328426.0,-11829486.0,-2.31,10144902.0,0.3581173906,180601574.0,93274185.0,37339806.0,62029758.0,87836065.0,24185864.0,-103810362.0,34246740.543,77075026.543,7.051382442127319,0.6019660112167453,0.2436904232074965,0.47184410134486837,-0.12096406872762035,7.051382442127319,-0.3280326598404478,1.2089178743287747,-0.27982125737805685,0.3671620453504901,0.0,0.7518244541522271,0.0,0.15685591976069932,0.20909386749501746,-0.16941701183623128,-1.425688936312764,0.35811739063794085,-2.7111111111111112,0.8064540630353572,0.0,1.021311107960331,0.8712818635159226,-2.8935518872995165,0.4358792118656495,0.5222580190492354,0.0,9.639238643483091,Capital Markets,Financial Services,MIGI
2022Q2,2022,Q2,2022-08-22,2022-06-30,16158511.0,19780437.0,-20969775.0,1.35,5421365.0,0.2740771096,191844341.0,101261401.0,12041730.0,68000878.0,90723167.0,5292034.0,-82952860.0,78042421.68,119225474.68,8.485763874107398,0.17708197826504535,0.22766832095401762,0.4313280141166524,0.9406678388716232,8.485763874107398,0.1595722638678483,3.94543465748507,1.2074507001294859,0.7707025669139221,0.0,2.7133370647278534,0.0,0.10310670044731733,0.09861238850474842,0.08422719646445032,20.60679413754371,0.27407710962098564,2.40625,1.0434388097446243,0.0,1.013403439670431,-0.5076845888226227,2.425458961127522,-1.176605567436884,1.1268608608845818,0.0,2.1680550109092316,Capital Markets,Financial Services,MIGI
2022Q1,2022,Q1,2022-05-16,2022-03-31,-11335655.0,19424335.0,-9634164.0,-0.96,11011975.0,0.5669164478,165970157.0,104328167.0,12818981.0,31470970.0,62041035.0,0.0,-82458914.0,363472644.36,405713519.36,8.800391583394813,0.4073271653209291,0.28948416913288816,0.4605250373084768,-0.05995285775581828,8.800391583394813,-0.10865383075310812,18.712231042143785,-8.016136790507474,3.4839358805182497,0.0,0.0,0.0,0.1170351064980917,0.34473077887335535,-0.0682993569741577,-15.274879402790054,0.5669164478475067,-4.692307692307692,0.9660175349604969,0.0,1.014620265577363,-0.31041380838740856,-5.604235326802615,-4.737828790646353,-1.9752878788888986,0.0,0.0704779302750716,Capital Markets,Financial Services,MIGI
2021Q4,2021,Q4,2022-03-21,2021-12-31,2462006.0,19655089.0,2577476.0,0.26,15968961.0,0.8124593585,145294372.0,114745215.0,11447007.0,20072863.0,30713783.0,0.0,-71123259.0,373294326.6,390793848.6,12.227790050479701,0.5702727607915223,0.15807078198459057,0.20015470797627596,0.016317738246761266,12.227790050479701,0.02145628469126142,18.992248094119546,37.90550536838659,3.253245258200963,0.0,0.0,0.0,0.1352777036676961,0.5537253455075143,0.016944950902847082,-7.545317294409012,0.8124593584898039,9.666666666666668,1.0050454412397705,0.0,1.0213104514100908,0.8902766813578065,1.983431103669044,1.9848987159323133,1.0137925855239789,0.0,4.43063841704182,Capital Markets,Financial Services,MIGI
2021Q3,2021,Q3,2021-11-15,2021-09-30,-2503486.0,10947786.0,-2616996.0,-0.03,8447949.0,0.771658214729444,117782167.0,111307404.0,52088615.0,6942969.0,6957027.0,0.0,-53611944.0,5026428300.0,4997867062.0,1.3286659714214963,7.502354540255041,0.0324510840422897,0.034338766898202026,-0.01785176436777205,1.3286659714214963,-0.02249163946003089,459.12737972773675,-501.9429207912487,45.15807681580643,0.0,0.0,0.0,0.0929494360551203,7.412349241369219,-0.021255221089623865,-133.37195731346597,0.771658214729444,0.9594594594594594,0.9991120569633517,0.0,1.0024833277372533,0.49507276046995263,0.5987953697505563,0.6036935754647635,0.994847497536482,0.0,1.0537244512442494,Capital Markets,Financial Services,MIGI
2021Q2,2021,Q2,2021-08-10,2021-06-30,-6239923.0,5944667.0,-6603466.0,-0.74,5650527.0,0.9505203571537313,34736775.0,29532996.0,4475222.0,5282647.0,5296647.0,0.0,-51108458.0,382008511.24524,379434580.24524,3.52532605659526,0.8471552235082147,0.029953960895909307,0.03523191483857581,-0.2120379822687244,3.52532605659526,-0.21128648783211834,64.26070816838688,-15.30501703487527,12.934973182038151,0.0,0.0,0.0,0.17113468363139642,0.7743343441271014,-0.17963449399087855,355.4162662075882,0.9505203571537313,0.8585086042065009,0.9605825564454912,0.0,1.007017741326281,0.2217762494145751,0.838189732555445,0.82772577653068,0.9275758436433273,0.0,1.1312441413870873,Capital Markets,Financial Services,MIGI
2021Q1,2021,Q1,2021-05-19,2021-03-31,-38563208.0,6997627.0,-38331132.0,-5.23,4624846.0,0.6609163363523092,33766362.0,30239242.0,5275638.0,3497051.0,3511051.0,0.0,-59182034.0,447091392.844508,445040333.844508,4.098710093841669,1.5085962429487016,0.039513229171682755,0.044122071578381494,-1.2138572170412743,4.098710093841669,-1.2752703258897826,63.89185831775657,-2.8984323143221644,14.785138888220413,0.0,0.0,0.0,0.20723662797905204,1.497044223833167,-1.1420598997309808,-23.36612054487581,0.6609163363523092,-3.6820512820512823,0.7601551624114952,0.0,1.0085414337971692,0.0,-17.744771168041684,-261.542,-2.636373517233609,0.0,1.1278405529184228,Capital Markets,Financial Services,MIGI
2020Q4,2020,Q4,2021-03-01,2020-12-31,2303000.0,0.0,-146000.0,1.95,0.0,0.0,3189000.0,-4148000.0,3160000.0,1843000.0,7337000.0,0.0,-39218000.0,14905548.0,14945548.0,-3.5063990938139273,1.7145957677699404,0.08999686422075887,-0.06918997107039537,0.038030737171138314,-3.5063990938139273,-0.5552073288331726,0.0,1.6180577507598783,-3.593430086788814,0.0,0.0,0.0,0.0,1.6771568095496474,0.7221699592348698,-26.475218472468917,0.0,1.173025732031943,1.0236814495663948,0.0,0.9922519373879455,0.0,1.7521227955584586,0.8730434782608696,1.0471986723768725,0.0,0.9351304849377498,Capital Markets,Financial Services,MIGI
2020Q3,2020,Q3,2020-11-16,2020-09-30,-3062000.0,0.0,-1150000.0,-11.27,0.0,0.0,6675000.0,-6469000.0,6665000.0,6327000.0,13144000.0,0.0,-41131000.0,2607484.8,2756484.8,-23.81697488706358,1.053421842895527,0.03760299625468165,-0.03880043283351368,0.18506598004505953,-23.81697488706358,0.47333436388931827,0.0,-0.2128906596995428,-0.4030738599474416,0.0,0.0,0.0,0.0,0.44302196933775884,-0.4587265917602996,-7.104863215258855,0.0,-24.479166666666668,0.768464315099046,0.0,0.9275700218409351,0.0,-24.553846153846155,-1.110091743119266,0.05670542364525322,0.0,0.9280189200809285,Capital Markets,Financial Services,MIGI
2020Q2,2020,Q2,2020-08-14,2020-06-30,130000.0,0.0,-545000.0,0.48,0.0,0.0,13816000.0,-3471000.0,13799000.0,12228000.0,17287000.0,0.0,-38069000.0,3561241.1999999997,3473241.1999999997,-12.865514416715161,1.1284756297023226,0.0007237984944991314,-0.002881014116969173,0.1579252390611417,-12.865514416715161,-0.03745318352059925,0.0,6.84854076923077,-1.0259986171132238,0.0,0.0,0.0,0.0,0.806509649983644,0.009409380428488708,-12.365420833333332,0.0,1.029739776951673,1.0108830059996483,0.0,0.9626601363005666,0.0,1.0302325581395348,0.09317803660565724,1.0154577209110047,0.0,0.9796786536990882,Capital Markets,Financial Services,MIGI
2020Q1,2020,Q1,2020-05-15,2020-03-31,-4300000.0,0.0,-601000.0,-16.14,0.0,0.0,10648000.0,-3679000.0,10625000.0,9268000.0,14327000.0,0.0,-38199000.0,2078583.0,1722583.0,-13.805655102538605,1.1464177816141563,0.0015026296018031556,-0.004349007882576787,0.16479298053194405,-13.805655102538605,1.1687958684425115,0.0,-0.1208478488372093,-0.5649858657243816,0.0,0.0,0.0,0.0,0.7277729823047043,-0.40383170548459807,-6.882725165562914,0.0,-2.2409638554216866,0.434850499148922,0.0,0.9539175877102187,0.0,-3.9255441008018326,0.0,0.42653947707758255,0.0,0.9770643905835461,Capital Markets,Financial Services,MIGI
2019Q4,2019,Q4,2020-03-30,2019-12-31,-873000.0,0.0,-601000.0,-4.98,0.0,0.0,1176000.0,535000.0,1147000.0,641000.0,641000.0,0.0,-33899000.0,1893542.4000000001,1197542.4000000001,3.0514236174484397,1.7893915756630265,0.01870748299319728,0.041121495327102804,-1.0379965457685665,3.0514236174484397,-1.6317757009345795,0.0,-0.5422515463917527,3.5393315887850467,0.0,0.0,0.0,0.0,1.5819032761310452,-0.7423469387755102,-3.6696558139534887,0.0,-0.028925619834710863,0.9000014345885752,0.0,1.0130904267612433,0.0,-0.0011467889908256881,0.2836710369487485,0.9042454055344181,0.0,1.0053179858717551,Capital Markets,Financial Services,MIGI
2019Q3,2019,Q3,2019-11-14,2019-09-30,-872000.0,0.0,-839000.0,-4.84,0.0,0.0,2091000.0,-147000.0,2057000.0,2234000.0,2238000.0,0.0,-32759000.0,3349897.2,3512897.2,-0.8162041509811107,0.9207699194270367,0.7685318029650885,-10.931972789115646,-0.5642232683254875,-0.8162041509811107,5.931972789115647,0.0,-0.9604063073394496,-22.788416326530616,0.0,0.0,0.0,0.0,0.8679498657117278,-0.4170253467240555,-9.571134857142857,0.0,0.5463917525773196,0.8797865380089791,0.0,0.9957119709459326,0.0,0.5294117647058824,0.2633889376646181,0.8561379881091061,0.0,0.9984744830898137,Capital Markets,Financial Services,MIGI
2019Q2,2019,Q2,2019-08-14,2019-06-30,-1853000.0,0.0,-1139000.0,-10.67,0.0,0.0,2599000.0,465000.0,2541000.0,2102000.0,2134000.0,0.0,-31887000.0,5208060.0,5127060.0,2.6785405698091034,1.208848715509039,0.6594844170834937,3.686021505376344,-0.510762331838565,2.6785405698091034,-3.9849462365591397,0.0,-0.7026524554776039,11.200129032258065,0.0,0.0,0.0,0.0,1.1408182683158896,-0.7129665255867641,-11.128333333333334,0.0,-11.887755102040817,0.55525665986951,0.0,1.018337506261677,0.0,-13.52027027027027,-0.9272419627749577,0.4351434950167499,0.0,1.0053320755439639,Capital Markets,Financial Services,MIGI
2019Q1,2019,Q1,2019-05-15,2019-03-31,148000.0,0.0,-591000.0,0.98,0.0,0.0,3434000.0,1241000.0,3374000.0,2150000.0,2193000.0,0.0,-29953000.0,6340110.0,5729110.0,8.220993011162268,1.5693023255813954,0.533197437390798,1.475423045930701,-0.1839665500067304,8.220993011162268,0.11925866236905722,0.0,10.70964527027027,5.10887187751813,0.0,0.0,0.0,0.0,1.4669767441860466,0.04309842748980781,-8.685082191780822,0.0,1.0515247108307046,1.0193154308871202,0.0,1.1062427795560186,0.0,1.0826353992183138,0.31676300578034683,1.044987839028229,0.0,1.0171319917593924,Capital Markets,Financial Services,MIGI
2018Q4,2018,Q4,2019-04-01,2018-12-31,-1791000.0,0.0,-865000.0,-19.02,0.0,0.0,3403000.0,212000.0,3395000.0,3191000.0,3191000.0,0.0,-29997000.0,4801854.0,4253854.0,2.2516303077936146,1.0639298025697275,0.7743167793123714,12.429245283018869,-0.3038285914998244,2.2516303077936146,-8.44811320754717,0.0,-0.6702755443886097,22.650254716981134,0.0,0.0,0.0,0.0,1.0310247571294264,-0.5263003232441963,-5.764530612244898,0.0,-2.279310344827586,0.571709002708263,0.0,1.1174411491475087,0.0,-2.4776699029126212,0.09895833333333333,0.7686078840135245,0.0,1.0049754098541614,Capital Markets,Financial Services,MIGI
2018Q3,2018,Q3,2018-11-13,2018-09-30,-515000.0,0.0,-960000.0,-5.8,0.0,0.0,286000.0,-2196000.0,280000.0,2482000.0,2482000.0,0.0,-27914000.0,17315025.0,19122025.0,-24.731122247874318,0.11281224818694602,6.664335664335664,-0.8679417122040073,3.310344827586207,-24.731122247874318,0.23451730418943534,0.0,-8.405351941747574,-7.884801912568306,0.0,0.0,0.0,0.0,0.053585817888799354,-1.8006993006993006,-47.43842465753425,0.0,0.4357976653696498,0.9337809419467029,0.0,-1.1345313844891525,0.0,0.4066820276497696,0.24349881796690306,0.880880731263899,0.0,0.9247900015532345,Capital Markets,Financial Services,MIGI
2018Q2,2018,Q2,2018-08-14,2018-06-30,-868000.0,0.0,-1269000.0,-10.28,0.0,0.0,688000.0,-2267000.0,683000.0,2955000.0,2955000.0,0.0,-27399000.0,29066670.693611998,30978670.693611998,-26.860826085926206,0.2311336717428088,3.3997093023255816,-1.031760035288928,-17.625,-26.860826085926206,0.38288486987207765,0.0,-8.371736950925115,-12.821645652232908,0.0,0.0,0.0,0.0,0.1844331641285956,-1.2616279069767442,-56.881938735052834,0.0,-6.138888888888889,0.9344785779621211,0.0,-2.0583749408856793,0.0,-7.266666666666667,-1.367537313432836,0.7677153324638439,0.0,0.9220412373406865,Capital Markets,Financial Services,MIGI
2018Q1,2018,Q1,2018-05-15,2018-03-31,-105000.0,0.0,-536000.0,-1.44,0.0,0.0,996000.0,-2342000.0,991000.0,3338000.0,3338000.0,0.0,-26557000.0,16391970.761712,18571970.761712,-32.061110502683164,0.2968843618933493,2.782128514056225,-1.1831767719897524,-1.2494172494172495,-32.061110502683164,0.0448334756618275,0.0,-39.0285018136,-6.999133544710505,0.0,0.0,0.0,0.0,0.26842420611144396,-0.10542168674698796,-32.52375151133333,0.0,0.9650909090909091,0.9859552158002078,0.0,-1.2401271189508811,0.0,0.9555837563451777,0.524822695035461,0.9496558943176534,0.0,0.8929820206517252,Capital Markets,Financial Services,MIGI
2017Q4,2017,Q4,2018-03-29,2017-12-31,-2364000.0,0.0,-1128000.0,-41.25,0.0,0.0,595000.0,-3098000.0,590000.0,3693000.0,3693000.0,0.0,-26452000.0,5777251.371942,8766251.371942,-54.0531109327564,0.15976171134578934,5.384873949579832,-1.0342156229825694,-10.641509433962264,-54.0531109327564,0.76307295029051,0.0,-0.6109614395031726,-1.8648325926216913,0.0,0.0,0.0,0.0,0.14568101814243162,-3.973109243697479,-4.251104762282561,0.0,-2.4518828451882846,0.7649081096455739,0.0,-1.2423531566249126,0.0,-12.744186046511627,-7.8125,0.1716429791389746,0.0,0.768115352507406,Capital Markets,Financial Services,MIGI
2017Q3,2017,Q3,2017-11-14,2017-09-30,-172000.0,0.0,-128000.0,-11.95,0.0,0.0,394000.0,-4762000.0,394000.0,5156000.0,5156000.0,0.0,-10291000.0,3523161.643176,4594161.643176001,-330.87826570316844,0.07641582622187743,2.746192893401015,-0.2272154556908862,0.034782608695652174,-330.87826570316844,0.03611927761444771,0.0,-5.120874481360465,-0.7398491480839983,0.0,0.0,0.0,0.0,0.07641582622187743,-0.4365482233502538,-503.308806168,0.0,0.6166185434712865,-1.0401135919132027,0.0,-1.8793502295996962,0.0,0.23893805309734514,0.09219858156028368,0.7032693200941162,0.0,-0.7383097292376604,Capital Markets,Financial Services,MIGI
2017Q2,2017,Q2,2017-08-03,2017-06-30,-226000.0,0.0,-141000.0,-31.17,0.0,0.0,411000.0,-4590000.0,411000.0,5001000.0,5001000.0,0.0,-10119000.0,1148399.9564999999,1130399.9564999999,-633.1034482758621,0.08218356328734253,0.0,0.0,0.03071895424836601,-633.1034482758621,0.04923747276688453,0.0,-1.2703539341814158,-0.25019606895424834,0.0,0.0,0.0,0.0,0.08218356328734253,-0.5498783454987834,95.69999637499998,0.0,-0.1076759061833689,-4.095890410958904,0.0,-9.422018348623855,0.0,-0.10784313725490197,-0.6785714285714286,-0.2988505747126437,0.0,-3.334277620396601,Capital Markets,Financial Services,MIGI
2017Q1,2017,Q1,2017-05-08,2017-03-31,-204000.0,0.0,-84000.0,-28.14,0.0,0.0,454000.0,-4364000.0,454000.0,4818000.0,4818000.0,0.0,-9893000.0,4698000.0,4692000.0,-601.9310344827586,0.0942299709422997,0.0,0.0,0.01924839596700275,-601.9310344827586,0.04674610449129239,0.0,-5.757352941176471,-1.0765352887259396,0.0,0.0,0.0,0.0,0.0942299709422997,-0.44933920704845814,-671.1428571428571,0.0,0.45884615384615385,0.9277620396600568,0.0,-13.723032069970845,0.0,0.4588859416445623,0.5333333333333333,0.4456521739130435,0.0,-6.778966131907309,Capital Markets,Financial Services,MIGI
2016Q4,2016,Q4,2017-03-23,2016-12-31,-377000.0,0.0,-180000.0,-52.0,0.0,0.0,550000.0,-4160000.0,550000.0,4710000.0,4710000.0,0.0,-9689000.0,10440000.0,10427000.0,-573.7931034482758,0.11677282377919321,0.0,0.0,0.04326923076923077,-573.7931034482758,0.090625,0.0,-6.923076923076923,-2.509615384615385,0.0,0.0,0.0,0.0,0.11528662420382166,-0.6854545454545454,-5220.0,0.0,-0.5448603683897804,0.7036163522012578,0.0,-3.5726654298082865,0.0,-0.5450819672131147,0.16279069767441862,-0.17080745341614903,0.0,-28.92805755395683,Capital Markets,Financial Services,MIGI
2016Q3,2016,Q3,2016-11-16,2016-09-30,-244000.0,0.0,-215000.0,-33.66,0.0,0.0,622000.0,-3879000.0,622000.0,4501000.0,4501000.0,0.0,-9312000.0,10440000.0,10425000.0,-535.0344827586207,0.13819151299711174,0.0,0.0,0.055426656354730604,-535.0344827586207,0.06290281000257798,0.0,-10.69672131147541,-2.691415313225058,0.0,0.0,0.0,0.0,0.13819151299711174,-0.39228295819935693,-949.0909090909091,0.0,-0.780952380952381,0.0,0.0,0.0,0.0,-0.781021897810219,-1.0093457943925233,0.615748031496063,0.0,-45.17857142857143,Capital Markets,Financial Services,MIGI
2016Q2,2016,Q2,2016-07-25,2016-06-30,-137000.0,0.0,-107000.0,-18.9,0.0,0.0,638000.0,-3642000.0,638000.0,4280000.0,4280000.0,0.0,-9068000.0,9500400.174,9474400.174,-502.3448275862069,0.14906542056074767,0.0,0.0,0.029379461834157055,-502.3448275862069,0.03761669412410763,0.0,-17.33649666788321,-2.6085667693574957,0.0,0.0,0.0,0.0,0.14906542056074767,-0.21473354231974923,475.0200087,0.0,0.1326296466268931,0.0,0.0,0.0,0.0,0.13291139240506328,0.17054263565891473,0.8796133567662565,0.0,-20.793478260869566,Capital Markets,Financial Services,MIGI
2016Q1,2016,Q1,2016-05-09,2016-03-31,-158000.0,0.0,-129000.0,-21.79,0.0,0.0,656000.0,-3479000.0,656000.0,4135000.0,4135000.0,0.0,-8931000.0,10335599.826,10329599.826,-479.86206896551727,0.15864570737605804,0.0,0.0,0.03707962058062662,-479.86206896551727,0.04541534923828686,0.0,-16.353797193037973,-2.9708536435757398,0.0,0.0,0.0,0.0,0.15864570737605804,-0.24085365853658536,-287.09999516666664,0.0,0.7349470867291084,-6.490712022001933,0.0,-6.495507823115987,0.0,0.7348993288590604,0.7716814159292036,0.7870619946091645,0.0,-4.59400826446281,Capital Markets,Financial Services,MIGI
2015Q4,2015,Q4,2016-03-02,2015-12-31,-596000.0,0.0,-565000.0,-82.21,0.0,0.0,700000.0,-3281000.0,700000.0,3981000.0,3981000.0,0.0,-8773000.0,10335599.826,10293599.826,-452.55172413793105,0.17583521728208992,0.0,0.0,0.17220359646449254,-452.55172413793105,0.1816519353855532,0.0,-4.335402611577181,-3.1501371002743066,0.0,0.0,0.0,0.0,0.17583521728208992,-0.8514285714285714,413.42399303999997,0.0,-0.6884370507291024,-14.073269553807666,0.0,-6.405453260980064,0.0,-0.6883852691218131,-0.7018072289156626,0.5314465408805031,0.0,-3.029066171923315,Capital Markets,Financial Services,MIGI
2015Q3,2015,Q3,2015-11-13,2015-09-30,-353000.0,0.0,-332000.0,-48.69,0.0,0.0,1129000.0,-2384000.0,1126000.0,3513000.0,3513000.0,0.0,-8177000.0,10335599.826,10321599.826,-328.82758620689657,0.32052376885852546,0.0,0.0,0.13926174496644295,-328.82758620689657,0.1480704697986577,0.0,-7.31982990509915,-4.335402611577181,0.0,0.0,0.0,0.0,0.32052376885852546,-0.312666076173605,2067.1199652,0.0,-0.09959349593495927,0.0,0.0,0.0,0.0,-0.09968847352024922,-0.10666666666666667,-1.1634259259259259,0.0,-1.873900293255132,Capital Markets,Financial Services,MIGI
2015Q2,2015,Q2,2015-08-12,2015-06-30,-321000.0,0.0,-300000.0,-44.28,0.0,0.0,702000.0,-2498000.0,702000.0,3200000.0,3200000.0,0.0,-7824000.0,19836000.0,19827000.0,-344.55172413793105,0.219375,0.0,0.0,0.1200960768614892,-344.55172413793105,0.12850280224179345,0.0,-15.448598130841122,-7.940752602081665,0.0,0.0,0.0,0.0,0.219375,-0.45726495726495725,4959.0,0.0,-0.5509632224168126,0.0,0.0,0.0,0.0,-0.5507246376811594,-0.5957446808510638,-5.397260273972603,0.0,-5.58348623853211,Capital Markets,Financial Services,MIGI
2015Q1,2015,Q1,2015-05-13,2015-03-31,-207000.0,0.0,-188000.0,-28.55,0.0,0.0,760000.0,-2172000.0,759000.0,2932000.0,2932000.0,0.0,-7503000.0,12006000.0,12001000.0,-299.58620689655174,0.25886766712141884,0.0,0.0,0.0865561694290976,-299.58620689655174,0.09530386740331492,0.0,-14.5,-5.527624309392265,0.0,0.0,0.0,0.0,0.17598908594815826,-0.2723684210526316,-3001.5,0.0,0.42659168507732476,-10.433726972130374,0.0,-4.865256631766045,0.0,0.4265927977839335,0.45507246376811594,0.926699716713881,0.0,-7.332361516034986,Capital Markets,Financial Services,MIGI
2014Q4,2014,Q4,2015-03-25,2014-12-31,-361000.0,0.0,-345000.0,-49.79,0.0,0.0,1013000.0,-1690000.0,1012000.0,2703000.0,2703000.0,0.0,-7296000.0,10022400.174,10013400.174,-233.10344827586206,0.3743988161302257,0.0,0.0,0.20414201183431951,-233.10344827586206,0.2136094674556213,0.0,-6.940720342105263,-5.930414304142012,0.0,0.0,0.0,0.0,0.2970773214946356,-0.35636722606120436,-213.24255689361704,0.0,-0.2360973187686196,-9.75712568644856,0.0,-3.7982472717825404,0.0,-0.2363013698630137,-0.24100719424460432,0.7161949685534591,0.0,-2.045145330859617,Capital Markets,Financial Services,MIGI
2014Q3,2014,Q3,2014-11-13,2014-09-30,-292000.0,0.0,-278000.0,-40.28,0.0,0.0,833000.0,-1380000.0,832000.0,2212000.0,2213000.0,0.0,-6935000.0,10544400.174,10488400.174,-190.3448275862069,0.37613019891500904,0.0,0.0,0.20144927536231885,-190.3448275862069,0.21159420289855072,0.0,-9.027739875,-7.640869691304348,0.0,0.0,0.0,0.0,0.37613019891500904,-0.3505402160864346,-112.17446993617023,0.0,-0.6783333333333333,0.0,0.0,0.0,0.0,-0.6781609195402298,-0.6646706586826348,0.0,0.0,0.0,Capital Markets,Financial Services,MIGI
2014Q2,2014,Q2,2014-08-14,2014-06-30,-174000.0,0.0,-167000.0,-24.0,0.0,0.0,999000.0,-1059000.0,998000.0,2055000.0,2058000.0,0.0,-6643000.0,18270000.0,18120000.0,-146.06896551724137,0.4856447688564477,0.0,0.0,0.15769593956562794,-146.06896551724137,0.1643059490084986,0.0,-26.25,-17.25212464589235,0.0,0.0,0.0,0.0,0.4856447688564477,-0.17417417417417416,-157.5,0.0,0.5271867612293144,0.0,0.0,0.0,0.0,0.5271739130434783,0.5308988764044944,0.0,0.0,0.0,Capital Markets,Financial Services,MIGI
2014Q1,2014,Q1,2014-05-08,2014-03-31,-368000.0,0.0,-356000.0,-50.76,0.0,0.0,1384000.0,-561000.0,1383000.0,1939000.0,1945000.0,0.0,-6469000.0,19314000.0,19048000.0,-77.37931034482759,0.7132542547705003,0.0,0.0,0.6345811051693404,-77.37931034482759,0.6559714795008913,0.0,-13.120923913043478,-34.42780748663102,0.0,0.0,0.0,0.0,0.7132542547705003,-0.2658959537572254,-123.8076923076923,0.0,-0.14298581400585458,-5.669846351411234,0.0,-0.9447107842677078,0.0,-0.14285714285714285,0.4787701317715959,-16.446721671498175,0.0,-0.20867487460996512,Capital Markets,Financial Services,MIGI
2013Q4,2013,Q4,2014-03-27,2013-12-31,-322000.0,0.0,-683000.0,-44.41,0.0,0.0,1618000.0,-139000.0,1617000.0,1750000.0,1757000.0,0.0,-6101000.0,19836000.0,19414000.0,-19.17241379310345,0.924,0.0,0.0,9.827338129496402,-19.17241379310345,2.316546762589928,0.0,-15.400621118012422,-142.70503597122303,0.0,0.0,0.0,0.0,0.9125714285714286,-0.19901112484548825,-60.84662576687116,0.0,0.4696046817150365,-9.564387456393852,0.0,0.6215403147440415,0.0,0.49291338582677163,-0.008862629246676515,-7.143612074372599,0.0,0.6862669907722557,Capital Markets,Financial Services,MIGI
2013Q3,2013,Q3,2013-11-12,2013-09-30,-635000.0,0.0,-677000.0,-83.73,0.0,0.0,1764000.0,-84000.0,1762000.0,1478000.0,1848000.0,0.0,-5779000.0,52200000.0,51452000.0,-11.586206896551724,1.1921515561569689,0.0,0.0,16.11904761904762,-11.586206896551724,7.559523809523809,0.0,-20.551181102362204,-621.4285714285714,0.0,0.0,0.0,0.0,1.1921515561569689,-0.3599773242630385,-538.1443298969073,0.0,0.46658597184175316,-18.54531894358165,0.0,0.7505926843161469,0.0,0.44200351493848855,0.38954012623985573,0.0,0.0,0.0,Capital Markets,Financial Services,MIGI
2013Q2,2013,Q2,2013-08-02,2013-06-30,-1138000.0,0.0,-1109000.0,-156.97,0.0,0.0,1630000.0,184000.0,1501000.0,1040000.0,1446000.0,0.0,-5144000.0,69060597.16525,68215597.16525,25.379310344827587,1.4432692307692307,0.0,0.0,-6.0271739130434785,25.379310344827587,-6.184782608695652,0.0,-15.171484438763184,375.329332419837,0.0,0.0,0.0,0.0,1.4432692307692307,-0.698159509202454,-352.34998553698983,0.0,-0.6043540474243663,-43.39889005666494,0.0,1.5794906186678592,0.0,-0.5336927223719676,-0.38451935081148564,0.0,0.0,0.0,Capital Markets,Financial Services,MIGI
2013Q1,2013,Q1,2013-05-10,2013-03-31,-742000.0,0.0,-801000.0,-97.84,0.0,0.0,1961000.0,968000.0,1698000.0,582000.0,993000.0,0.0,-4006000.0,69530402.83475,69000402.83475,133.51724137931035,2.917525773195876,0.0,0.0,-0.8274793388429752,133.51724137931035,-0.7665289256198347,0.0,-23.426685591223045,71.82892854829545,0.0,0.0,0.0,0.0,2.917525773195876,-0.3783783783783784,-352.9462072829949,0.0,0.41664679227283563,-14.406181564212742,0.0,4.21366269234573,0.0,0.4166666666666667,0.13685344827586207,-39.98466383246733,0.0,3.6139817769565066,Capital Markets,Financial Services,MIGI
2012Q4,2012,Q4,2013-03-27,2012-12-31,-1272000.0,0.0,-928000.0,-167.72,0.0,0.0,2286000.0,1617000.0,1885000.0,199000.0,669000.0,0.0,-3264000.0,70470000.0,69743000.0,223.0344827586207,9.472361809045227,0.0,0.0,-1.147804576376005,223.0344827586207,-0.7866419294990723,0.0,-13.850235849056604,43.580705009276436,0.0,0.0,0.0,0.0,8.22110552763819,-0.5564304461942258,-83.19952774498229,0.0,-1.5781653969457754,-51.550593555681175,0.0,7.867297734764961,0.0,-1.5888888888888888,-0.848605577689243,-36.90322402538108,0.0,5.590985703238088,Capital Markets,Financial Services,MIGI
2012Q3,2012,Q3,2012-11-14,2012-09-30,2160000.0,0.0,-502000.0,290.09,0.0,0.0,3394000.0,2728000.0,2662000.0,217000.0,666000.0,0.0,-1992000.0,111342597.16525,109768597.16525,376.2758620689655,12.267281105990783,0.0,0.0,-0.3680351906158358,376.2758620689655,0.7917888563049853,0.0,12.886874671903936,40.81473503125,0.0,0.0,0.0,0.0,10.465437788018432,0.6364172068355922,-306.72891781060605,0.0,27.80734856007944,124.53925165077034,0.0,13.91308671627794,0.0,28.589041095890412,-0.353099730458221,0.0,0.0,0.0,Capital Markets,Financial Services,MIGI
2012Q2,2012,Q2,2012-08-13,2012-06-30,73000.0,0.0,-371000.0,10.07,0.0,0.0,3873000.0,545000.0,2946000.0,218000.0,3328000.0,0.0,-4152000.0,139060805.66225,137123805.66225,75.17241379310344,13.513761467889909,0.0,0.0,-1.3614678899082568,75.17241379310344,0.13394495412844037,0.0,476.23563582962333,255.15744158211012,0.0,0.0,0.0,0.0,13.513761467889909,0.01884843790343403,-262.3788786080189,0.0,1.0258523310741425,0.0,0.0,0.0,0.0,1.0258498583569404,0.47746478873239434,0.0,0.0,0.0,Capital Markets,Financial Services,MIGI
2012Q1,2012,Q1,2012-05-15,2012-03-31,-2824000.0,0.0,-710000.0,-389.52,0.0,0.0,4404000.0,343000.0,3276000.0,508000.0,4061000.0,0.0,-4225000.0,154564194.33775,152097194.33775,47.310344827586206,6.448818897637795,0.0,0.0,-4.139941690962099,47.310344827586206,-8.2332361516035,0.0,-13.68309085851186,450.62447328790086,0.0,0.0,0.0,0.0,6.448818897637795,-0.6412352406902816,-158.69013792376796,0.0,0.0,-252.04194125159643,0.0,0.0,0.0,0.0,0.0,-36.83599482713404,0.0,2.189012119436406,Capital Markets,Financial Services,MIGI
2011Q3,2011,Q3,2011-11-14,2011-09-30,26000.0,0.0,-22458.0,0.0,0.0,0.0,0.0,-90032.0,0.0,90032.0,90032.0,0.0,-228937.0,0.0,56465.0,0.0,0.0,0.0,-0.6271658965701085,1.3380999195638574,0.0,-0.2887862093477874,0.0,0.0,0.0,0.0,0.0,,0.0,0.0,0.0,0.0,0.0,0.0,0.0,0.0,0.0,0.0,7.950013365410318,-8.932773109243698,1.0,0.0,1.0,Capital Markets,Financial Services,MIGI
2011Q2,2011,Q2,2011-08-19,2011-06-30,-3741.0,0.0,-2261.0,0.0,0.0,0.0,0.0,-116032.0,0.0,116032.0,116032.0,0.0,-254937.0,0.0,85685.0,0.0,0.0,0.0,-0.7384600799779372,0.14900978679935414,0.0,0.03224110590182019,0.0,0.0,0.0,0.0,0.0,,0.0,0.0,0.0,0.0,0.0,1.0,0.0,0.0,0.0,0.0,0.26690182245737804,0.39867021276595743,1.0,0.0,1.0,Capital Markets,Financial Services,MIGI
2011Q1,2011,Q1,2011-05-06,2011-03-31,-5103.0,0.0,-3760.0,-2.91,0.0,0.0,0.0,-112291.0,0.0,112291.0,112291.0,0.0,-251196.0,35234352.0,35305411.0,-64.01995438996579,0.0,0.0,-0.6328111780997586,0.18238261544431508,-64.01995438996579,0.045444425644085455,0.0,-1726.1587301587304,-313.7771682503496,0.0,0.0,0.0,0.0,0.0,0.0,-5523.491456341119,0.0,0.4660550458715596,-0.8899999999999999,0.0,0.0,0.0,0.4665481915116036,0.5075311067452521,0.5620494335736355,0.0,-0.5409136442852633,Capital Markets,Financial Services,MIGI
2010Q4,2010,Q4,2011-03-03,2010-12-31,-9566.0,0.0,-7635.0,-5.45,0.0,0.0,0.0,-107188.0,0.0,107188.0,107188.0,0.0,-246093.0,35234352.0,35299032.0,-61.11060433295325,0.0,0.0,-0.6034257566145464,0.359226498541451,-61.11060433295325,0.08924506474605366,0.0,-920.8224963412084,-328.71545322237563,0.0,0.0,0.0,0.0,0.0,0.0,-9509.946558704454,0.0,0.0,-1.9294597745821995,0.0,-1.7899010931806356,0.0,-1.4059356136820926,-2.5184331797235022,-0.6335382513661202,0.0,-0.8816135940736581,Capital Markets,Financial Services,MIGI
2010Q3,2010,Q3,2010-11-04,2010-09-30,-3976.0,0.0,-2170.0,0.0,0.0,0.0,0.0,-97622.0,0.0,97622.0,97622.0,0.0,-236527.0,0.0,60975.0,0.0,0.0,0.0,-0.6246030607854787,0.11842715638387863,0.0,0.04072852430804532,0.0,0.0,0.0,0.0,0.0,,0.0,0.0,0.0,0.0,0.0,0.0,0.0,0.0,0.0,0.0,0.019482120838471024,0.0638481449525453,1.0,0.0,1.0,Capital Markets,Financial Services,MIGI
2010Q2,2010,Q2,2010-07-28,2010-06-30,-4055.0,0.0,-2318.0,0.0,0.0,0.0,0.0,-93646.0,0.0,93646.0,93646.0,0.0,-232551.0,0.0,59218.0,0.0,0.0,0.0,-0.632360164876236,0.1346578366445916,0.0,0.04330136898532772,0.0,0.0,0.0,0.0,0.0,,0.0,0.0,0.0,0.0,0.0,1.0,0.0,0.0,0.0,0.0,0.07420091324200913,0.15800944424264438,0.0,0.0,0.0,Capital Markets,Financial Services,MIGI
2010Q1,2010,Q1,2010-05-07,2010-03-31,-4380.0,0.0,-2753.0,-2.5,0.0,0.0,0.0,-89591.0,0.0,89591.0,89591.0,0.0,-228496.0,35234352.0,35291873.0,-51.078107183580386,0.0,0.0,-0.642039937047248,0.17168693483005926,-51.078107183580386,0.048888839280731324,0.0,-2011.0931506849315,-393.2800392896608,0.0,0.0,0.0,0.0,0.0,0.0,-6673.172727272728,0.0,0.46004319654427644,-0.6222222222222221,0.0,0.0,0.0,0.4605246951595024,0.5838875453446191,-0.6222222222222221,0.0,0.0,Capital Markets,Financial Services,MIGI
2009Q4,2009,Q4,2010-03-16,2009-12-31,-8119.0,0.0,-6616.0,-4.63,0.0,0.0,0.0,-85211.0,0.0,85211.0,85211.0,0.0,-224116.0,35234352.0,35286593.0,-48.58095781071836,0.0,0.0,-0.6130781237164216,0.40133454655747647,-48.58095781071836,0.09528112567626246,0.0,-1084.9350905283902,-413.4953468448909,0.0,0.0,0.0,0.0,0.0,0.0,-11274.99264,0.0,0.0,-1.78886513797124,0.0,-1.2178813118167624,0.0,-1.323032904148784,-2.1685823754789273,-1.78886513797124,0.0,-1.2178813118167624,Capital Markets,Financial Services,MIGI
2009Q3,2009,Q3,2009-11-12,2009-09-30,-3495.0,0.0,-2088.0,0.0,0.0,0.0,0.0,-77092.0,0.0,77092.0,77092.0,0.0,-215997.0,0.0,49116.0,0.0,0.0,0.0,-0.6371089088361958,0.14927080354589647,0.0,0.04533544336636746,0.0,0.0,0.0,0.0,0.0,,0.0,0.0,0.0,0.0,0.0,0.0,0.0,0.0,0.0,0.0,0.08171308460325802,0.1648,0.0,0.0,0.0,Capital Markets,Financial Services,MIGI
2009Q2,2009,Q2,2009-08-11,2009-06-30,-3806.0,0.0,-2500.0,0.0,0.0,0.0,0.0,-73597.0,0.0,73597.0,73597.0,0.0,-212502.0,0.0,43731.0,0.0,0.0,0.0,-0.5941954155740043,0.16741445121542892,0.0,0.05171406443197413,0.0,0.0,0.0,0.0,0.0,,0.0,0.0,0.0,0.0,0.0,-1.0,0.0,0.0,0.0,0.0,-1.1996328350380279,0.47434819175777965,0.0,0.0,0.0,Capital Markets,Financial Services,MIGI
2009Q1,2009,Q1,2009-05-13,2009-03-31,19065.0,0.0,-4756.0,10.87,0.0,0.0,0.0,-69791.0,0.0,69791.0,69791.0,0.0,-208696.0,35234352.0,35277893.0,-39.789623717217786,0.0,0.0,-0.6238770041982491,0.3623619047619048,-39.789623717217786,-0.2731727586651574,0.0,462.02926829268296,-504.8552392142254,0.0,0.0,0.0,0.0,0.0,0.0,-5115.324041811847,0.0,3.5880952380952382,8.061111111111112,0.0,0.0,0.0,3.585435313262815,0.2526712759270899,8.061111111111112,0.0,0.0,Capital Markets,Financial Services,MIGI
2008Q4,2008,Q4,2009-02-27,2008-12-31,-7374.0,0.0,-6364.0,-4.2,0.0,0.0,0.0,-88856.0,0.0,88856.0,88856.0,0.0,-227761.0,35234352.0,35271005.0,-50.659064994298745,0.0,0.0,-0.4124988745835959,0.24381740512997338,-50.659064994298745,0.08298820563608535,0.0,-1194.5467860048818,-396.533177275592,0.0,0.0,0.0,0.0,0.0,0.0,-11744.784,0.0,0.06250000000000006,-1.7164788184998057,0.0,-1.3127537740760022,0.0,0.06183206106870229,-1.059546925566343,-1.7164788184998057,0.0,-1.3127537740760022,Capital Markets,Financial Services,MIGI
2008Q3,2008,Q3,2008-11-12,2008-09-30,-7860.0,0.0,-3090.0,-4.48,0.0,0.0,0.0,-81482.0,0.0,81482.0,81482.0,0.0,-220387.0,35234352.0,35268005.0,-46.454960091220066,0.0,0.0,-0.4130114626543286,0.12921031173555791,-46.454960091220066,0.09646302250803858,0.0,-1120.6854961832062,-432.418840971012,0.0,0.0,0.0,0.0,0.0,0.0,1612.7775896004027,0.0,-0.2655367231638419,0.0,0.0,0.0,0.0,-0.2675374939525883,0.501693275278181,0.0,0.0,0.0,Capital Markets,Financial Services,MIGI
2008Q2,2008,Q2,2008-08-12,2008-06-30,-6201.0,0.0,-6201.0,-3.54,0.0,0.0,0.0,-76818.0,0.0,76818.0,76818.0,0.0,-215723.0,35234352.0,35289852.0,-43.79589509692132,0.0,0.0,-0.722486917128798,0.5817618913594146,-43.79589509692132,0.08072326798406623,0.0,-1420.510885341074,-458.6731234866828,0.0,0.0,0.0,0.0,0.0,0.0,-23489.568,0.0,0.46686746987951805,0.0,0.0,0.0,0.0,0.467816683831102,0.38463828520392973,0.0,0.0,0.0,Capital Markets,Financial Services,MIGI
2008Q1,2008,Q1,2008-05-14,2008-03-31,-11652.0,0.0,-10077.0,-6.64,0.0,0.0,0.0,-72873.0,0.0,72873.0,72873.0,0.0,-211778.0,35234352.0,35288352.0,-41.546750285062714,0.0,0.0,-0.7410151908114117,1.0678747416944843,-41.546750285062714,0.15989461117286238,0.0,-755.9721936148301,-483.50351982215636,0.0,0.0,0.0,0.0,0.0,0.0,-23489.568,0.0,-0.9880239520958084,-3.315555555555556,0.0,0.0,0.0,-0.9897540983606558,-1.2393333333333334,-3.315555555555556,0.0,0.0,Capital Markets,Financial Services,MIGI
2007Q4,2007,Q4,2008-02-15,2007-12-31,-5856.0,0.0,-4500.0,-3.34,0.0,0.0,4150.0,-56966.0,4150.0,61116.0,61116.0,0.0,-195871.0,35234352.0,35286852.0,-32.47776510832383,0.0679036586164016,12.650602409638553,-0.9216023593020398,2.0152261531571876,-32.47776510832383,0.10279816030614752,0.0,-1504.1987704918033,-618.5154653653057,0.0,0.0,0.0,0.0,0.0,-1.4110843373493975,-7829.856,0.0,-0.38589211618257246,-1.5689856198989505,0.0,-0.48271733472149925,0.0,-0.3843971631205674,-0.5254237288135594,-1.5689856198989505,0.0,-0.48271733472149925,Capital Markets,Financial Services,MIGI
2007Q3,2007,Q3,2007-11-09,2007-09-09,-4230.0,0.0,-2950.0,-2.41,0.0,0.0,4150.0,-51110.0,4150.0,55260.0,55260.0,0.0,-190015.0,35234352.0,35282352.0,-29.139110604332952,0.07509952949692364,11.566265060240964,-0.9391508511054588,1.8971061093247588,-29.139110604332952,0.08276266875366856,0.0,-2082.4085106382977,-689.382743103111,0.0,0.0,0.0,0.0,0.0,-1.0192771084337349,-11744.784,0.0,0.0,0.0,0.0,0.0,0.0,0.23783783783783785,0.3218390804597701,0.0,0.0,0.0,Capital Markets,Financial Services,MIGI
2007Q2,2007,Q2,2007-08-02,2007-06-30,-5550.0,0.0,-4350.0,0.0,0.0,0.0,4150.0,-46670.0,4150.0,50820.0,50820.0,0.0,-185575.0,0.0,45000.0,0.0,0.0816607634789453,10.843373493975903,-0.9642168416541675,5.209580838323354,0.0,0.11892007713734733,0.0,0.0,0.0,0.0,0.0,,0.0,0.0,-1.3373493975903614,0.0,0.0,1.0,0.0,0.0,0.0,0.0,-1.0555555555555556,-1.9,0.0,0.0,0.0,Capital Markets,Financial Services,MIGI
2007Q1,2007,Q1,2007-03-31,2007-03-31,-2700.0,0.0,-1500.0,-1.54,0.0,0.0,,,,,,,,35234352.0,,,0.0,0.0,0.0,0.0,,0.0,0.0,-3262.44,0.0,0.0,0.0,0.0,0.0,0.0,0.0,0.0,0.0,-1.262350936967632,0.0,0.0,0.0,0.0,-1.2623396813058687,-1.1243574863206764,0.0,0.0,0.0,Capital Markets,Financial Services,MIGI
