Quarters,Year,Quarter,FillingDate,Date,NetIncome,Revenue,OperatingIncome,EPSDiluted,GrossProfit,GrossProfitRatio,TotalAssets,CommonStockEquity,CurrentAssets,CurrentLiability,TotalLiability,Inventory,RetainedEarnings,MarketCap,EnterpriseValue,bookValuePerShare,currentRatio,debtToAssets,debtToEquity,roic,shareholdersEquityPerShare,roe,priceToSalesRatio,peRatio,pbRatio,payoutRatio,inventoryTurnover,dividendYield,assetTurnover,quickRatio,returnOnAssets,priceToFreeCashFlowsRatio,grossProfitMargin,epsdilutedGrowth,fiveYNetIncomeGrowthPerShare,fiveYRevenueGrowthPerShare,fiveYShareholdersEquityGrowthPerShare,grossProfitGrowth,netIncomeGrowth,operatingIncomeGrowth,threeYNetIncomeGrowthPerShare,threeYRevenueGrowthPerShare,threeYShareholdersEquityGrowthPerShare,Industry,Sector,Symbol
2023Q1,2023,Q1,2023-05-02,2023-03-31,29300000.0,1252100000.0,70500000.0,0.29,953500000.0,0.7615206453,2687600000.0,-1222800000.0,1322200000.0,1227200000.0,3910400000.0,545100000.0,-1175200000.0,1585850000.0000002,3947250000.0,-12.414213197969543,1.0774119947848761,1.0476261348414944,-2.30258423290808,0.03732906994206147,-12.414213197969543,-0.02396140006542362,1.2665521923169079,13.5311433447099,-1.2969005561007525,0.0,0.54778939644102,0.0,0.46588033933621076,0.4394556714471969,0.010901919928560797,99.73899371069184,0.7615206453158694,-0.47272727272727283,-0.4731916630084644,0.5704627100448438,-7.24213058897156,0.041848776223776224,-0.46139705882352944,-0.20697412823397077,-0.10109092528275014,0.38757036793988403,-3.4032910648139074,Packaged Foods,Consumer Defensive,HLF
2022Q4,2022,Q4,2023-02-14,2022-12-31,54400000.0,1180800000.0,88900000.0,0.55,915200000.0,0.7750677507,2732000000.0,-1265900000.0,1356100000.0,976600000.0,3997900000.0,580700000.0,-1204500000.0,1459728000.0,3836128000.0,-12.904179408766565,1.3885930780258038,1.0557833089311859,-2.278537009242436,0.041468690802315446,-12.904179408766565,-0.04297337862390394,1.236219512195122,6.708308823529412,-1.1531147799984203,0.0,0.4573790253142759,0.0,0.4322108345534407,0.5924636493958632,0.019912152269399706,135.16,0.7750677506775068,-0.33734939759036137,2.275258298845252,0.6051865532933289,-4.621240985354542,-0.09386138613861386,-0.3381995133819951,-0.3968792401628223,0.344774705291185,0.35626146976942813,-3.5495504325779557,Packaged Foods,Consumer Defensive,HLF
2022Q3,2022,Q3,2022-10-31,2022-09-30,82200000.0,1295100000.0,147400000.0,0.83,1010000000.0,0.7798625589,2725100000.0,-1361900000.0,1383700000.0,985500000.0,4087000000.0,537000000.0,-1258700000.0,1949220000.0,4394520000.0,-13.896938775510204,1.4040588533739218,1.0927305419984588,-2.1865041486159043,0.05835074440267671,-13.896938775510204,-0.06035685439459579,1.5050729673384295,5.928284671532847,-1.4312504589176887,0.0,0.5309124767225326,0.0,0.4752486147297347,0.6265854895991883,0.030164030677773294,61.10407523510972,0.7798625588757625,-0.05681818181818187,1.4501479123759593,0.9383423020949674,-11.102249557357188,-0.062122759773423714,-0.04971098265895954,-0.05391527599486521,0.4140828846876172,0.45904625249055014,-3.0843623267488813,Packaged Foods,Consumer Defensive,HLF
2022Q2,2022,Q2,2022-08-02,2022-06-30,86500000.0,1392700000.0,155800000.0,0.88,1076900000.0,0.7732462124,2802500000.0,-1415400000.0,1430000000.0,1054300000.0,4217900000.0,554300000.0,-1029300000.0,2008190000.0,4472990000.0,-14.413441955193482,1.3563501849568433,1.086958073148974,-2.152183128444256,0.058171998880475966,-14.413441955193482,-0.06111346615797655,1.4419401163208156,5.804017341040462,-1.4188144694079412,0.0,0.5697275843406098,0.0,0.4969491525423729,0.6305605615100066,0.030865298840321142,31.280218068535827,0.7732462123931931,-0.09278350515463915,0.04217484488230007,1.0131444384126589,-12.732541751527496,0.04685525420433557,-0.11914460285132383,0.017635532331809273,0.5820853799768381,0.571361517228671,-2.7072387207854445,Packaged Foods,Consumer Defensive,HLF
2022Q1,2022,Q1,2022-05-03,2022-03-31,98200000.0,1335800000.0,153100000.0,0.97,1028700000.0,0.7701003144,2824700000.0,-1453300000.0,1439100000.0,1099600000.0,4278000000.0,570000000.0,-1087500000.0,3032964000.0,5517264000.0,-14.547547547547548,1.3087486358675882,1.081176762134032,-2.1014243445950593,0.06625780184314413,-14.547547547547548,-0.06757035711828253,2.27052253331337,7.7213951120162925,-2.0869497006812083,0.0,0.5387719298245615,0.0,0.47289977696746555,0.5944889050563842,0.03476475377916239,34.001838565022425,0.770100314418326,1.6216216216216215,0.917509058354129,1.016443083133946,-10.041893801056107,0.007147053064421383,1.5706806282722514,0.7969483568075117,0.3994492935302904,0.5639097551740445,-2.228340512736758,Packaged Foods,Consumer Defensive,HLF
2021Q4,2021,Q4,2022-02-23,2021-12-31,38200000.0,1318000000.0,85200000.0,0.37,1021400000.0,0.7749620637,2819800000.0,-1391500000.0,1431800000.0,1080400000.0,4211300000.0,575700000.0,-1169000000.0,4158488000.0,6563588000.0,-13.695866141732283,1.3252499074416884,1.0662458330378042,-2.160689902982393,0.03675668740778754,-13.695866141732283,-0.027452389507725477,3.1551502276176024,27.21523560209424,-2.988492993172835,0.0,0.5151988883098836,0.0,0.4674090361018512,0.618659755646057,0.013547060075182638,108.01267532467533,0.7749620637329286,-0.6605504587155964,-0.37058571903864135,1.0656594959122931,-12.60974083537571,-0.09265346006929022,-0.6746166950596252,-0.5501583949313622,0.05337101267249573,0.4977451621850824,-1.5937706129628462,Packaged Foods,Consumer Defensive,HLF
2021Q3,2021,Q3,2021-11-02,2021-09-30,117400000.0,1430900000.0,189400000.0,1.09,1125700000.0,0.7867076665035991,2853000000.0,-1333400000.0,1527000000.0,1038600000.0,4186400000.0,559800000.0,-1111900000.0,4471090000.0,6796190000.0,-12.638862559241707,1.4702484113229348,1.0526813880126182,-2.2523623818809058,0.07672121090521329,-12.638862559241707,-0.088045597720114,3.12466978824516,9.521060477001704,-3.3531498425078747,0.0,0.5451947123972848,0.0,0.5015422362425517,0.7357019064124783,0.0411496670171749,86.14816955684007,0.7867076665035991,-0.1679389312977099,1.108856668846293,1.0090696200927591,-17.981236518560806,-0.08412659669677,-0.18585298196948682,-0.20386717108028585,1.1286916236221312,0.4863896994555942,-1.261743634960873,Packaged Foods,Consumer Defensive,HLF
2021Q2,2021,Q2,2021-08-03,2021-06-30,144200000.0,1552300000.0,237900000.0,1.31,1229100000.0,0.7917928235521484,2966700000.0,-1291200000.0,1652200000.0,1088200000.0,4257900000.0,538300000.0,-1076200000.0,5694840000.0,7884940000.0,-11.955555555555556,1.5182870795809593,1.0205278592375366,-2.3447955390334574,0.09792605101890516,-11.955555555555556,-0.11167905824039653,3.6686465245120146,9.873162274618585,-4.410501858736059,0.0,0.6004086940367824,0.0,0.5232413118953719,0.8683146480426392,0.04860619543600634,40.16107193229901,0.7917928235521484,-0.015037593984962419,10.678634966844573,0.985307532528368,-56.90485133020344,0.03520592941969174,-0.021709633649932156,0.06921348314606741,1.0126785153797868,0.5910532722531944,-1.1828015852650187,Packaged Foods,Consumer Defensive,HLF
2021Q1,2021,Q1,2021-05-04,2021-03-31,147400000.0,1501600000.0,222500000.0,1.33,1187300000.0,0.7906899307405434,2666800000.0,-1362300000.0,1386900000.0,1067200000.0,4029100000.0,509400000.0,-1127200000.0,4808624000.0,7022624000.0,-12.567343173431734,1.2995689655172413,1.0595845207739614,-2.0742127284739045,0.10378688506432783,-12.567343173431734,-0.10819936871467371,3.2023335109216835,8.155739484396202,-3.52978345445203,0.0,0.6170003926187672,0.0,0.5630718464076796,0.6681034482758621,0.055272236388180594,62.69392438070404,0.7906899307405434,1.2542372881355934,1.350514987404571,1.0489078202679132,-33.06705746564399,0.07808953055479888,0.997289972899729,0.49932614555256066,1.4081828028998924,0.7113932750339483,-7.3437977051003385,Packaged Foods,Consumer Defensive,HLF
2020Q4,2020,Q4,2021-02-17,2020-12-31,73800000.0,1410700000.0,148400000.0,0.59,1101300000.0,0.7806762600127596,3076100000.0,-856100000.0,1775800000.0,1127300000.0,3932200000.0,501400000.0,-687400000.0,5828465000.0,7453665000.0,-7.057708161582853,1.57526834028209,0.8681772374110075,-3.119495386053031,0.047040603828459635,-7.057708161582853,-0.08620488260717206,4.131611965690792,19.744122628726284,-6.808159093563836,0.0,0.6170721978460311,0.0,0.4586001755469588,1.0012419054377717,0.023991417704235882,76.58955321944809,0.7806762600127596,-0.43269230769230776,0.19089742776723567,0.7512528153068634,-20.81953140048231,-0.08156117087815862,-0.4656046343229544,-0.28274528757854034,2.3991485510544286,0.550929445172647,-2.074436360797072,Packaged Foods,Consumer Defensive,HLF
2020Q3,2020,Q3,2020-11-05,2020-09-30,138100000.0,1521800000.0,206900000.0,1.04,1199100000.0,0.7879484820607175,2921200000.0,-912900000.0,1732100000.0,1092700000.0,3834100000.0,434100000.0,-690200000.0,6027180000.0,7626480000.0,-7.065789473684211,1.5851560355083738,0.9016500068465014,-2.885201007777413,0.08638929889672643,-7.065789473684211,-0.15127615291926827,3.960559863319753,10.910897900072412,-6.602234636871508,0.0,0.7433771020502189,0.0,0.5209502943995619,1.0468564107257252,0.04727509242776941,57.34709800190295,0.7879484820607175,0.2682926829268294,0.8865371384721228,0.7642859368504142,-7.930898401320824,0.11637650125686622,0.1998262380538662,0.09066947812335266,2.122322265458573,0.7276203548248894,-6.136409516943043,Packaged Foods,Consumer Defensive,HLF
2020Q2,2020,Q2,2020-08-06,2020-06-30,115100000.0,1346900000.0,189700000.0,0.82,1074100000.0,0.7974608359937635,3567400000.0,-264800000.0,2407900000.0,1103000000.0,3832200000.0,421800000.0,-70600000.0,6202742000.0,7092042000.0,-1.9202320522117478,2.1830462375339983,0.7370353759040197,-9.929380664652568,0.05287026653435743,-1.9202320522117478,-0.43466767371601206,4.605198604202243,13.472506516072979,-23.424252265861025,0.0,0.6467520151730678,0.0,0.3775578852946123,1.6735267452402538,0.032264394236698996,28.439899128839983,0.7974608359937635,1.5624999999999998,0.6652934108241988,0.38823468783014264,-0.6151850052208795,0.05645716533884135,1.5241228070175439,0.9843096234309623,-0.012477444052818825,0.38643634437593266,-2.563068890500363,Packaged Foods,Consumer Defensive,HLF
2020Q1,2020,Q1,2020-05-07,2020-03-31,45600000.0,1262400000.0,95600000.0,0.32,1016700000.0,0.8053707224334601,2715300000.0,-388500000.0,1571700000.0,984400000.0,3103800000.0,400600000.0,-169700000.0,4018248000.0,5108048000.0,-2.8193033381712627,1.5966070702966273,0.749088498508452,-5.235521235521236,0.03345468319979937,-2.8193033381712627,-0.11737451737451737,3.183022813688213,22.02986842105263,-10.342980694980696,0.0,0.6133300049925112,0.0,0.4649210032040659,1.0396180414465663,0.01679372445033698,34.25616368286445,0.8053707224334601,-0.20000000000000004,-0.3034718020482629,0.36413747212194636,-0.5406949849368852,0.026451287228672387,-0.19576719576719576,-0.11808118081180811,-0.3544839428442935,0.38152193681175234,-2.7523119476591766,Packaged Foods,Consumer Defensive,HLF
2019Q4,2019,Q4,2020-02-18,2019-12-31,56700000.0,1220300000.0,108400000.0,0.4,990500000.0,0.8116856510694092,2678600000.0,-390000000.0,1488200000.0,964400000.0,3068600000.0,436200000.0,-215300000.0,6554625000.0,7725525000.0,-2.8363636363636364,1.5431356283699709,0.7505039946240574,-5.154615384615385,0.042037918581746554,-2.8363636363636364,-0.1453846153846154,5.371322625583873,28.900462962962962,-16.806730769230768,0.0,0.5268225584594223,0.0,0.45557380721272306,0.9530277892990461,0.021167774210408424,50.42019230769231,0.8116856510694092,-0.3103448275862068,-0.3444786712338894,0.2855299793727986,-0.3927359721618095,-0.010588352811906902,-0.3042944785276074,-0.24512534818941503,-0.309685019206146,0.41319126576772514,-3.404334738109572,Packaged Foods,Consumer Defensive,HLF
2019Q3,2019,Q3,2019-10-29,2019-09-30,81500000.0,1244500000.0,143600000.0,0.58,1001100000.0,0.8044194455604661,2545600000.0,-467500000.0,1389300000.0,920600000.0,3013100000.0,420100000.0,-272000000.0,5201964000.0,6489364000.0,-3.4024745269286756,1.509124484032153,0.7866907605279698,-4.283636363636363,0.05953984390949785,-3.4024745269286756,-0.17433155080213902,4.179963037364403,15.956944785276072,-11.127195721925133,0.0,0.5793858605094026,0.0,0.4888827781269642,0.8859439495980882,0.03201602765556254,32.86142766898294,0.8044194455604661,0.07407407407407393,7.640773400957841,0.1814595934397296,-0.32563186109832165,0.004213060487511285,0.06535947712418301,-0.062050947093403,0.12409315202182918,0.3416719208525014,-5.571473454935698,Packaged Foods,Consumer Defensive,HLF
2019Q2,2019,Q2,2019-08-01,2019-06-30,76500000.0,1240100000.0,153100000.0,0.54,996900000.0,0.8038867833239255,3078600000.0,-534200000.0,1920100000.0,1526700000.0,3612800000.0,426600000.0,-353500000.0,5853240000.0,7262140000.0,-3.8879184861717615,1.257679963319578,0.8652634314298707,-4.986521901909398,0.04108179265430335,-3.8879184861717615,-0.14320479221265445,4.719974195629384,19.128235294117648,-10.957019842755521,0.0,0.5700890764181903,0.0,0.4028129669330215,0.8862251915897033,0.024848957318261547,113.43488372093023,0.8038867833239255,-0.1818181818181818,-0.19778785735986068,0.19003301575712025,-0.6571484235312318,0.07124435847840103,-0.205607476635514,-0.06073619631901841,5.035964226464026,0.24665379417530664,-19.180125879000347,Packaged Foods,Consumer Defensive,HLF
2019Q1,2019,Q1,2019-05-02,2019-03-31,96300000.0,1172200000.0,163000000.0,0.66,930600000.0,0.7938918273332196,2982800000.0,-617800000.0,1835100000.0,1531100000.0,3600600000.0,407500000.0,-430000000.0,7285494000.0,8724694000.0,-4.506199854121079,1.1985500620468943,0.8878235215234008,-4.286500485594043,0.05229367022349398,-4.506199854121079,-0.15587568792489478,6.2152311892168575,18.91353582554517,-11.792641631595986,0.0,0.5928834355828221,0.0,0.3929864556792276,0.8501077656586767,0.03228510124715033,633.5212173913044,0.7938918273332196,0.9411764705882353,0.7957742613428251,0.2919518740317466,-21.418845175679884,-0.03133132091183512,0.9693251533742331,0.09986504723346828,0.214181623824251,0.2646248308437758,-12.498100090022351,Packaged Foods,Consumer Defensive,HLF
2018Q4,2018,Q4,2019-02-19,2018-12-31,48900000.0,1186600000.0,148200000.0,0.34,960700000.0,0.8096241361874262,2789800000.0,-723400000.0,1805000000.0,1588800000.0,3513200000.0,381800000.0,-526300000.0,8076150000.0,9331050000.0,-5.28029197080292,1.1360775427995973,0.8795612588716037,-3.392037600221178,0.036931547160395976,-5.28029197080292,-0.0675974564556262,6.806126748693747,41.28911042944786,-11.164155377384573,0.0,0.5916710319539026,0.0,0.4253351494730805,0.7989677744209466,0.01752813821779339,73.15353260869566,0.8096241361874262,-0.3061224489795918,-0.4487540546576717,0.30235169645661647,-2.8269205439469545,-0.06245730457694935,-0.31320224719101125,-0.20875600640683395,-0.3013380555435581,0.30424373076166533,-15.324491438706596,Packaged Foods,Consumer Defensive,HLF
2018Q3,2018,Q3,2018-10-30,2018-09-30,71200000.0,1242800000.0,187300000.0,0.49,1024700000.0,0.8245091728355327,2734800000.0,-761100000.0,1756500000.0,1546000000.0,3495900000.0,347500000.0,-575200000.0,7465122000.0,8801222000.0,-5.5881057268722465,1.136157826649418,0.8946175223051046,-3.214557876757325,0.06791459087419456,-5.5881057268722465,-0.09354881093154645,6.006696169938848,26.211804775280903,-9.808332676389437,0.0,0.6276258992805755,0.0,0.45443908146848033,0.7826002587322122,0.02603481058943981,52.534285714285716,0.8245091728355327,-0.20967741935483872,-0.24725413128136067,0.5369150344443009,-3.5070925689328525,-0.024188172554994763,-0.2457627118644068,-0.02346193952033368,-0.0773497998167603,0.3667782001502113,-6.063160413766604,Packaged Foods,Consumer Defensive,HLF
2018Q2,2018,Q2,2018-08-01,2018-06-30,94400000.0,1285500000.0,191800000.0,0.62,1050100000.0,0.8168805912096461,2421500000.0,-779400000.0,1436300000.0,1570200000.0,3200900000.0,315100000.0,-646400000.0,7644356000.0,9005656000.0,-5.477160927617709,0.9147242389504522,0.9088168490604996,-2.823582242750834,0.08920858148367346,-5.477160927617709,-0.12111880934051834,5.946601322442629,20.24458686440678,-9.808001026430587,0.0,0.7470644239923834,0.0,0.5308692958909766,0.5982677365940644,0.03898410076398926,44.625545826036195,0.8168805912096461,0.14814814814814806,-0.045497563154550134,0.5262161296415085,-3.6018658565151926,0.12070437566702241,0.14981729598051158,0.23106546854942234,0.32356965110791985,0.2839821496730651,-3.6070620429859757,Packaged Foods,Consumer Defensive,HLF
2018Q1,2018,Q1,2018-05-03,2018-03-31,82100000.0,1176900000.0,155800000.0,0.54,937000000.0,0.7961594018183363,2968700000.0,-219000000.0,1951100000.0,910900000.0,3187700000.0,333000000.0,-168300000.0,7086069000.0,7967269000.0,-1.5061898211829436,2.1419475244263917,0.7449051773503553,-10.097716894977168,0.07016378083712643,-1.5061898211829436,-0.37488584474885844,6.020960999235279,21.577554811205847,-32.35647945205479,0.0,0.7204204204204204,0.0,0.39643615050358744,1.573718300581842,0.02765520261393876,50.398783783783784,0.7961594018183363,2.241379310344828,-0.010704653043100783,0.5000771161287665,-1.914583915038209,0.06055461233729485,2.2949526813880126,0.04493628437290409,0.18850723113239082,0.20527327519848168,0.1768962663787765,Packaged Foods,Consumer Defensive,HLF
2017Q4,2017,Q4,2018-02-22,2017-12-31,-63400000.0,1093300000.0,149100000.0,-0.435,883500000.0,0.8081039056068783,2895100000.0,-334700000.0,1860300000.0,906800000.0,3229800000.0,341200000.0,-248100000.0,4936788000.0,5926088000.0,-2.2956104252400547,2.0514997794441996,0.7834271700459396,-6.776516283238721,-0.044569581842917,-2.2956104252400547,0.18942336420675232,4.515492545504436,-19.466829652996847,-14.74988945324171,0.0,0.6148886283704572,0.0,0.37763807813201616,1.5131230701367446,-0.02189907084383959,31.08808564231738,0.8081039056068783,-2.318181818181818,-1.768168065702585,0.47408653256713007,-2.136154071069481,0.015517241379310345,-2.163302752293578,0.24979044425817268,-1.6912548638199472,0.08617579413413372,-0.12721062148450052,Packaged Foods,Consumer Defensive,HLF
2017Q3,2017,Q3,2017-11-02,2017-09-30,54500000.0,1085400000.0,119300000.0,0.33,870000000.0,0.8015478164731896,3422500000.0,219000000.0,2274100000.0,858800000.0,3203500000.0,354200000.0,240700000.0,5399268000.0,6043668000.0,1.3756281407035176,2.6479972054028877,0.6663842220598978,10.414155251141553,0.03215144779054574,1.3756281407035176,0.24885844748858446,4.9744499723604205,24.767284403669724,24.654191780821918,0.0,0.6081309994353472,0.0,0.317136596055515,2.016185374941779,0.015924032140248356,51.275099715099714,0.8015478164731896,-0.5900621118012422,-0.3674303816009038,0.4591394913097495,-0.19392387416004647,-0.06260101282189419,-0.6039244186046512,-0.41776476329917034,3.9869518958590966,-0.11068122982501456,1.535955957320898,Packaged Foods,Consumer Defensive,HLF
2017Q2,2017,Q2,2017-08-01,2017-06-30,137600000.0,1146900000.0,204900000.0,0.805,928100000.0,0.8092248670328712,3410000000.0,200000000.0,2269400000.0,862800000.0,3210000000.0,378600000.0,186100000.0,5806262000.0,6470562000.0,1.2285012285012284,2.6302735280482152,0.6710850439882698,11.442,0.06784591883585346,1.2285012285012284,0.688,5.062570407184585,10.549167877906976,29.03131,0.0,0.5779186476492341,0.0,0.3363343108504399,1.9863235975892444,0.04035190615835777,72.39728179551122,0.8092248670328712,0.642857142857143,0.4773410019046155,0.5914085792030223,0.057852738008175975,0.03409470752089137,0.6150234741784038,0.42489568845618914,0.21780726981008067,-0.07111876847407389,1.5236243715905555,Packaged Foods,Consumer Defensive,HLF
2017Q1,2017,Q1,2017-05-04,2017-03-31,85200000.0,1102100000.0,143800000.0,0.49,897500000.0,0.8143544142999728,3560300000.0,267400000.0,2409500000.0,940600000.0,3292900000.0,375000000.0,48400000.0,4831434000.0,5351334000.0,1.608904933814681,2.561662768445673,0.6467994270145774,8.611817501869858,0.041961715041631,1.608904933814681,0.318623784592371,4.3838435713637605,14.17674295774648,18.068189977561705,0.0,0.5456,0.0,0.3095525657950173,2.002019987242186,0.02393056764879364,31.996251655629138,0.8143544142999728,-0.1551724137931034,0.10137788370259149,0.5982201489916575,-0.3817744668503363,0.0572505595476499,-0.14285714285714285,-0.09102402022756005,0.31060398928867683,0.0020100026197574067,6.290395856700665,Packaged Foods,Consumer Defensive,HLF
2016Q4,2016,Q4,2017-02-23,2016-12-31,99400000.0,1045000000.0,158200000.0,0.58,848900000.0,0.8123444976076555,2565400000.0,196300000.0,1462500000.0,791500000.0,2369100000.0,371300000.0,-66300000.0,4005248000.0,4609148000.0,1.1796875,1.8477574226152875,0.5643954159195447,7.375955170657157,0.07089674069616324,1.1796875,0.5063678043810494,3.832773205741627,10.073561368209255,20.403708609271522,0.0,0.5281443576622677,0.0,0.4073438839946987,1.1551484523057485,0.038746394324471814,46.62686845168801,0.8123444976076555,0.14851485148514842,0.3175653099972913,0.6498092655423583,-0.5106318938909795,-0.07010625479241976,0.13340935005701254,0.04422442244224423,-0.07744943633952249,-0.05570547484160317,-0.5918416365791029,Packaged Foods,Consumer Defensive,HLF
2016Q3,2016,Q3,2016-11-01,2016-09-30,87700000.0,1122000000.0,151500000.0,0.505,912900000.0,0.8136363636363636,2532600000.0,123700000.0,1559400000.0,1263300000.0,2408900000.0,371700000.0,-165700000.0,5151369000.0,5805969000.0,0.7442839951865222,1.2343861315601994,0.5697307115217563,11.664510913500404,0.06554202082853602,0.7442839951865222,0.7089733225545675,4.591237967914439,14.684632269099202,41.64405012126112,0.0,0.5625504439063761,0.0,0.4430229803364132,0.6935803055489591,0.03462844507620627,-35.9983857442348,0.8136363636363636,4.607142857142857,0.1428241508320462,0.7642335679235519,-0.6628609475431008,-0.05447954427757638,4.829694323144105,8.613065326633166,-0.24017414311322147,0.1370709373580467,-0.6660784593722765,Packaged Foods,Consumer Defensive,HLF
2016Q2,2016,Q2,2016-08-03,2016-06-30,-22900000.0,1201800000.0,-19900000.0,-0.14,965500000.0,0.8033782659344317,2613900000.0,35500000.0,1661300000.0,1457700000.0,2578400000.0,322500000.0,-253400000.0,4857990000.0,5347890000.0,0.21385542168674698,1.1396720861631338,0.5457745131795402,40.18591549295775,-0.007248414593218101,0.21385542168674698,-0.6450704225352113,4.042261607588617,-53.034825327510916,136.84478873239436,0.0,0.7327131782945736,0.0,0.4597727533570527,0.7071413871166907,-0.008760855426756952,28.62692987625221,0.8033782659344317,-1.25,-1.295327050240899,0.9589111255435837,-0.9146036424108853,0.06508549365692223,-1.2390396659707725,-1.1182412358882947,-1.198489410345311,0.22313098975613235,-0.898410302842896,Packaged Foods,Consumer Defensive,HLF
2016Q1,2016,Q1,2016-05-05,2016-03-31,95800000.0,1119600000.0,168300000.0,0.56,906500000.0,0.8096641657734905,2386300000.0,64900000.0,1474100000.0,1207900000.0,2321400000.0,336500000.0,-230500000.0,5097168000.0,5725768000.0,0.3919082125603865,1.2203824819935425,0.587855676151364,21.614791987673343,0.07660606938302977,0.3919082125603865,1.4761171032357474,4.552668810289389,13.301586638830898,78.53879815100154,0.0,0.6332838038632986,0.0,0.4691782257050664,0.715373789220962,0.04014583246029418,45.755547576301616,0.8096641657734905,0.142857142857143,0.5618138251813249,1.0102612711574124,-0.8403375432143035,0.013982102908277404,0.13372781065088757,0.18022440392706873,0.013566837181126761,0.25297090634336233,-0.7620267098222746,Packaged Foods,Consumer Defensive,HLF
2015Q4,2015,Q4,2016-02-25,2015-12-31,84500000.0,1098400000.0,142600000.0,0.49,894000000.0,0.8139111434814276,2477900000.0,-53500000.0,1566300000.0,1024400000.0,2531400000.0,332000000.0,-326300000.0,4434374000.0,5166574000.0,-0.3234582829504232,1.5289925810230378,0.6545865450583155,-30.317757009345794,0.06566075160273438,-0.3234582829504232,-1.5794392523364487,4.037121267297888,13.119449704142012,-82.8854953271028,0.0,0.6156626506024097,0.0,0.44327858267080994,0.9368410777040219,0.03410145687880867,38.89801754385965,0.8139111434814276,-0.10091743119266064,0.49128044082054095,1.126320506953508,-1.1569530709195903,-0.002232142857142857,-0.09722222222222222,-0.11757425742574257,-0.09750310057423005,0.3054678274365599,-1.1600874612498058,Packaged Foods,Consumer Defensive,HLF
2015Q3,2015,Q3,2015-11-03,2015-09-30,93600000.0,1102900000.0,161600000.0,0.545,896000000.0,0.8124036630700879,2421500000.0,-130700000.0,1492100000.0,1030500000.0,2552200000.0,315600000.0,-410800000.0,4501700000.0,5341900000.0,-0.7911622276029056,1.4479378942261039,0.6827999174065662,-12.65034429992349,0.07224372973844308,-0.7911622276029056,-0.7161438408569243,4.081693716565418,12.023771367521366,-34.44299923488906,0.0,0.6555766793409379,0.0,0.45546149081148046,0.8763706938379427,0.03865372702870122,38.50898203592814,0.8124036630700879,0.12371134020618568,0.7720744622949586,1.2972137298849855,-1.40690001959119,-0.03965702036441586,0.13043478260869565,0.12378303198887343,0.046937356123146784,0.4288154958689605,-1.4635969303527834,Packaged Foods,Consumer Defensive,HLF
2015Q2,2015,Q2,2015-08-05,2015-06-30,82800000.0,1162300000.0,143800000.0,0.485,933000000.0,0.8027187473113654,2415100000.0,-196400000.0,1460700000.0,1097500000.0,2611500000.0,321900000.0,-504400000.0,4550434000.0,5483834000.0,-1.188861985472155,1.3309339407744876,0.6968655542213573,-8.569246435845214,0.0666886747254099,-1.188861985472155,-0.4215885947046843,3.91502538071066,13.73923309178744,-23.16921588594705,0.0,0.7123330226778503,0.0,0.4812637157881661,0.7709339407744875,0.034284294646184425,25.210160664819945,0.8027187473113654,0.054347826086956444,0.4565836274007502,1.4321214640157853,-1.7182594709090822,0.048314606741573035,0.058823529411764705,0.06047197640117994,-0.12393362471520107,0.5893470407423629,-2.0237196978466825,Packaged Foods,Consumer Defensive,HLF
2015Q1,2015,Q1,2015-05-05,2015-03-31,78200000.0,1105400000.0,135600000.0,0.46,890000000.0,0.8051384114347747,2388900000.0,-301200000.0,1428200000.0,1168900000.0,2690100000.0,335000000.0,-587200000.0,3519148000.0,4616448000.0,-1.8298906439854192,1.221832492086577,0.7588429821256645,-6.01859229747676,0.06274624714965152,-1.8298906439854192,-0.2596281540504648,3.183596888004342,11.25047314578005,-11.683758300132801,0.0,0.6429850746268657,0.0,0.4627234291933526,0.6863718025494054,0.032734731466365276,25.44575560375994,0.8051384114347747,-0.23966942148760326,1.2040432905886513,1.612307908716989,-2.1655101454122843,-0.026273120543011376,-0.24292297564186965,-0.1627924206782863,0.020715472850757106,0.6185877455971983,-1.703139815912686,Packaged Foods,Consumer Defensive,HLF
2014Q4,2014,Q4,2015-02-26,2014-12-31,103292000.0,1133587000.0,161967000.0,0.605,914014000.0,0.8063024717114787,2374900000.0,-334400000.0,1393400000.0,874800000.0,2709300000.0,377700000.0,-665400000.0,3095170000.0,4261470000.0,-2.0365408038976858,1.5928212162780064,0.7628531727651691,-5.417763157894737,0.08147811480008951,-2.0365408038976858,-0.30888755980861243,2.7304212204268397,7.491311040545251,-9.25589114832536,0.0,0.5813423351866561,0.0,0.4773198871531433,0.8333333333333334,0.04349319971367215,109.86298938700173,0.8063024717114787,8.307692307692308,1.7198776125554278,1.6333522647480794,-2.363924786744461,-0.08710247367469584,8.183143669985775,4.8594530062947685,0.3874988223151313,0.8136457971868127,-1.844815356793348,Packaged Foods,Consumer Defensive,HLF
2014Q3,2014,Q3,2014-11-03,2014-09-30,11248000.0,1256164000.0,27642000.0,0.065,1001223000.0,0.7970479969176,2364498000.0,-420561000.0,1436832000.0,928034000.0,2785059000.0,367827000.0,-768690000.0,3584306250.0,4734091250.0,-2.566681313852576,1.5482536200182322,0.7730685329401843,-4.3463825699482355,-0.10760965394383669,-2.566681313852576,-0.026745228397307405,2.853374439961661,79.66541274004268,-8.522678636392818,0.0,0.6931002889945546,0.0,0.531260335174739,0.8390791716682794,0.004757035108509291,53.159111470352684,0.7970479969176,-0.900763358778626,-0.7095777921042916,2.128476527725207,-2.863655955064564,-0.04552617354589558,-0.9058996754007295,-0.8591763123573525,-0.8513280302231903,1.003473206406533,-2.1626321561492534,Packaged Foods,Consumer Defensive,HLF
2014Q2,2014,Q2,2014-07-28,2014-06-30,119532000.0,1306200000.0,196288000.0,0.655,1048979000.0,0.803076864186189,2435684000.0,-404068000.0,1494789000.0,942366000.0,2839752000.0,343447000.0,-779939000.0,5557733020.000001,6622203020.000001,-2.346149826390905,1.5862085431774915,0.7546081511394745,-4.548707148301771,0.0935638761517127,-2.346149826390905,-0.29582149539186475,4.254886709539122,11.62394383930663,-13.754449795578962,8.36596057959375e-06,0.7489394287910507,1.799294777927278e-07,0.536276462792382,0.9309535785459153,0.049075331611161385,50.53908847038712,0.803076864186189,0.7702702702702704,2.54648284903088,2.2703913707456853,-2.830800858278063,0.037069296202411506,0.6017044540922978,0.5382710437842371,0.4858032514400546,1.0521144831914027,-1.9368602766853924,Packaged Foods,Consumer Defensive,HLF
2014Q1,2014,Q1,2014-04-28,2014-03-31,74628000.0,1262649000.0,127603000.0,0.37,1011484000.0,0.8010809021351144,2856589000.0,42106000.0,1936104000.0,901905000.0,2814483000.0,324992000.0,-359025000.0,5463386190.0,6049752190.0,0.22068828160214682,2.1466828546243786,0.647025875966056,43.89604806915879,0.046012076347738934,0.22068828160214682,1.7723839832802926,4.326923943233631,18.302065545103716,129.75315133235168,0.40734040842579194,0.7728344082315872,0.005564131647080215,0.4420128341879073,1.5306833868312073,0.026124864304945514,41.34794137680501,0.8010809021351144,-0.4285755220981059,1.316623228898733,2.121166663790674,-0.7962836638475858,-0.005494202966948259,-0.3959203496843128,-0.2983410224404621,0.05599333234223528,0.9677407271029411,-0.9100921284751511,Packaged Foods,Consumer Defensive,HLF
2013Q4,2013,Q4,2014-02-18,2013-12-31,123540000.0,1268879000.0,181859000.0,0.647504638510645,1017072000.0,0.8015516057874706,2473701000.0,551446000.0,1643120000.0,922178000.0,1922255000.0,351201000.0,247279000.0,7507743900.0,7466038900.0,2.890269086029959,1.7817818252007747,0.37646789163282063,1.6887764169111754,0.08467126023532458,2.890269086029959,0.22402918871476082,5.916832022596323,15.192941355026713,13.614649303830294,0.2461065242026874,0.7169882773682307,0.004049685285615562,0.5129476036109457,1.1638750870222452,0.04994136316393938,53.35425434388658,0.8015516057874706,-0.01893236589296218,3.733118668384654,2.1904209729096387,1.9417898652916306,0.0430138402343077,-0.1296935540683339,-0.05350785885291975,0.8900835485810421,1.129409589075972,0.40245785236511966,Packaged Foods,Consumer Defensive,HLF
2013Q3,2013,Q3,2013-10-28,2013-09-30,141950000.0,1213543000.0,192140000.0,0.66,975128000.0,0.803538069932421,2343447000.0,455591000.0,1578833000.0,867963000.0,1887856000.0,347735000.0,178223000.0,7130494000.0,7188025000.0,2.228918786692759,1.8190095660759733,0.4054194526268356,2.085377015788284,0.10353037262076717,2.228918786692759,0.3115733190515177,5.875765424051723,12.558108488904542,15.651086171588114,0.21717506164142303,0.6856226724373445,0.004323403119054585,0.517845293706237,1.1548625920690168,0.06057316423200525,37.56905535914688,0.803538069932421,-0.01492537313432837,2.041404068148283,1.5079009611768952,1.059997621246416,0.00320262547388672,-0.008465933697489558,-0.001128110752403084,1.172054242103295,1.042911661819873,0.1463478239100967,Packaged Foods,Consumer Defensive,HLF
2013Q2,2013,Q2,2013-07-29,2013-06-30,143162000.0,1219239000.0,192357000.0,0.67,972015000.0,0.797230895665247,2254003000.0,433619000.0,1503965000.0,792254000.0,1820384000.0,331529000.0,172057000.0,4651163880.0,4764046880.0,2.1050896662880003,1.8983368970052534,0.4270562195347566,2.2198888886326476,0.105587945882532,2.1050896662880003,0.3301561970301117,3.814808975106603,8.122204006649808,10.726383945352946,0.21597211550551124,0.7457085202199506,0.006647583443135959,0.5409216402995027,1.2123548760877194,0.06351455610307528,25.467130326226222,0.797230895665247,0.21818181818181814,1.6640745307496427,1.3791628121974155,1.355356867777313,0.08281996724854346,0.20449956249579324,0.1387394107304598,1.0197851876626245,1.046106370508941,0.27180497686088145,Packaged Foods,Consumer Defensive,HLF
2013Q1,2013,Q1,2013-04-29,2013-03-31,118856000.0,1123647000.0,168921000.0,0.55,897670000.0,0.79888968688565,2089300000.0,342945000.0,1346014000.0,696871000.0,1746355000.0,334412000.0,85162000.0,3863930310.0,4116780310.0,1.6468579825395453,1.9315109970137945,0.4668185516680228,2.8439662336526266,0.09312268233757612,1.6468579825395453,0.34657452361165786,3.4387403784284567,8.127335410076059,11.266909591917072,0.2600121155011106,0.675744291472794,0.00799807385760019,0.5378102713827598,1.1975171875426012,0.05688795290288613,34.26351021095849,0.79888968688565,-0.02840067525725087,1.3567615254995922,1.2989431851623399,0.7456706816528454,0.0583047930064901,0.008271053011087453,0.05712390405086581,1.6478658740801362,1.0989220321496798,0.048931362653789515,Packaged Foods,Consumer Defensive,HLF
2012Q4,2012,Q4,2013-02-19,2012-12-31,117881000.0,1059320000.0,159793000.0,0.5660769681428338,848215000.0,0.800716497375675,1703944000.0,420755000.0,963848000.0,716891000.0,1283189000.0,339411000.0,148368000.0,3429745740.0,3583818740.0,2.0205097914925902,1.3444833314966989,0.28616374716539983,1.1588858124086463,0.13179637279554374,2.0205097914925902,0.28016541692909175,3.237686194917494,7.27374585386958,8.151408159142493,0.2748873864320798,0.6219745382441936,0.009447930679549441,0.6216870976980464,0.6272543524747834,0.069181264173001,32.47896040682203,0.800716497375675,0.08860955412083422,1.7079747579368627,1.2660831393676997,1.8551269920784101,0.04038440309583093,0.0008660287487582677,-0.006528105046536063,1.4475485412874,0.9403769210322169,0.3531883973070039,Packaged Foods,Consumer Defensive,HLF
2012Q3,2012,Q3,2012-10-29,2012-09-30,117779000.0,1016887000.0,160843000.0,0.52,815290000.0,0.8017508336717846,1618097000.0,371405000.0,925187000.0,663948000.0,1246692000.0,313581000.0,110043000.0,5463651360.0,5642366360.0,1.7065734818409057,1.393463042286444,0.3092750311013493,1.3474158937009464,0.13813756647141281,1.7065734818409057,0.3171174324524441,5.372918878892149,11.597252820961293,14.710764152340438,0.27489620390731795,0.6428865269260574,0.005925890556823523,0.628446255076179,0.6565017139896497,0.07278859054803266,44.442693086702945,0.8017508336717846,-0.05454545454545459,2.0687484504886373,1.418141366579384,0.5843099306759256,-0.015601096821945132,-0.1168871093515686,-0.13852259702419847,1.2895844791447495,0.9067490906304827,0.23913546065218663,Packaged Foods,Consumer Defensive,HLF
2012Q2,2012,Q2,2012-07-30,2012-06-30,133368000.0,1031948000.0,186706000.0,0.55,828211000.0,0.8025704783574367,1530792000.0,270719000.0,846102000.0,566330000.0,1260073000.0,262386000.0,25484000.0,5633199810.0,5902847810.0,1.1613159226816063,1.4940087934596438,0.3630891721409571,2.0531030330342532,0.16414440601348038,1.1613159226816063,0.4926436637251172,5.458802003589328,10.559504172665108,20.808291290969603,0.26346649871033534,0.7764781657557949,0.0062376626402676815,0.6741268572085561,0.6971182879240019,0.08712352821284668,46.155987529394416,0.8025704783574367,0.2500000000000001,2.359077757582347,1.3588197634695687,0.07095381536331483,0.07835621218414361,0.23303932989404783,0.2115505661724149,1.923450029640093,0.9088782125023777,-0.09377561310817252,Packaged Foods,Consumer Defensive,HLF
2012Q1,2012,Q1,2012-04-30,2012-03-31,108162000.0,964175000.0,154105000.0,0.44,768031000.0,0.7965680504057874,1532406000.0,604764000.0,844984000.0,565836000.0,927642000.0,250541000.0,330649000.0,7996264619.999999,7922191619.999999,2.6024563004019243,1.4933372920775632,0.15125756490120765,0.3832701681978425,0.13045732172959648,2.6024563004019243,0.17884993154354425,8.293374771177431,18.482148582681532,13.222124035160823,0.3251788983191879,0.7828818436902543,0.004398553783729084,0.6291903059633022,0.7290239574717763,0.07058312222739926,83.57562026401328,0.7965680504057874,-0.029508433231773896,2.2426364823617844,1.3427040269894257,0.8648134173967198,0.07626305161510015,0.026623764913579543,0.14704984778450156,1.7567065676555413,0.9568269233339001,1.4023154227573156,Packaged Foods,Consumer Defensive,HLF
2011Q4,2011,Q4,2012-02-21,2011-12-31,105357000.0,884569000.0,134349000.0,0.45337848886746823,713609000.0,0.8067307355333502,1446209000.0,560188000.0,768819000.0,548689000.0,886021000.0,247696000.0,305931000.0,6003588970.0,5948434970.0,2.410634214353952,1.4011926610520713,0.14079638558465615,0.3634869008261512,0.13655701436056417,2.410634214353952,0.18807436075031952,6.787021668179644,14.245823651964274,10.717096706819852,0.22126674070066535,0.6902008914152833,0.0038830106652021513,0.6116467260264595,0.6350318668681165,0.07285046628806763,69.15700740689545,0.8067307355333502,0.04224939969532927,2.1229015105452635,1.240626427580289,0.9542287956358659,-0.008752482949257546,-0.024670900372146413,-0.11231144323970743,2.3140985591060894,0.8260880942977996,1.453605214472477,Packaged Foods,Consumer Defensive,HLF
2011Q3,2011,Q3,2011-10-31,2011-09-30,108022000.0,895218000.0,151347000.0,0.435,719910000.0,0.8041728383477544,1388056000.0,516479000.0,733874000.0,550545000.0,871577000.0,222501000.0,271860000.0,6269860000.0,6230399000.0,2.2076469331053645,1.3329954862908573,0.15997913628844945,0.4299497172198676,0.14659862507313481,2.2076469331053645,0.20915080768046718,7.003724232533305,14.510608950028697,12.13962232733567,0.21743718872081613,0.7878975824827753,0.003746176150663651,0.6449437198499196,0.679319583321981,0.07782250860195843,49.80308674827036,0.8041728383477544,-0.011363636363636374,3.967024710363472,1.287017984785227,1.099759154841494,0.01591660539829615,-0.02840438927864724,-0.011927611735673155,1.022128645546385,0.6163740156485489,1.0403378794688547,Packaged Foods,Consumer Defensive,HLF
2011Q2,2011,Q2,2011-08-01,2011-06-30,111180000.0,879654000.0,153174000.0,0.44,708631000.0,0.8055792391099228,1399619000.0,596051000.0,738618000.0,542665000.0,803568000.0,219034000.0,331100000.0,6859563480.0,6765674480.0,2.504268656465586,1.361093860853381,0.11472979432259779,0.2694031215449685,0.1477660488269197,2.504268656465586,0.1865276629013289,7.7980245414674405,15.424454668105774,11.508349923077052,0.21469688792948372,0.7808057196599615,0.003479813266484998,0.6284953262280664,0.6837035740281757,0.07943590362805877,54.000830374644764,0.8055792391099228,0.24822695035461,2.6337940025810704,1.2412447928938124,1.6365102829706986,0.12071427780668445,0.26964187831171205,0.2412803889789303,0.7905253930959671,0.4855333288622251,1.8019929379857151,Packaged Foods,Consumer Defensive,HLF
2011Q1,2011,Q1,2011-05-02,2011-03-31,87568000.0,795096000.0,123400000.0,0.3525,632303000.0,0.795253654904565,1358004000.0,580298000.0,705735000.0,494885000.0,777706000.0,184321000.0,329636000.0,4808620080.0,4730795080.0,2.454604673197638,1.42605857926589,0.13471315253857868,0.31525354214558726,0.11724807037736502,2.454604673197638,0.1509017780519664,6.047848410757946,13.728245706194043,8.286466746395817,0.16922848529143067,0.8832037586601635,0.0030817572928323335,0.5854887025369586,0.7449387231376987,0.06448287339359825,60.72103343772098,0.795253654904565,0.02895703173231252,1.678174824157996,1.0645064711406407,2.23523366672298,0.07198525709383684,0.08121990369181381,0.16148828628709655,0.5294622744893805,0.432902761284504,1.601882772211834,Packaged Foods,Consumer Defensive,HLF
2010Q4,2010,Q4,2011-02-22,2010-12-31,80990000.0,738356000.0,106243000.0,0.34257990288141044,589843000.0,0.7988598995606455,1232220000.0,487212000.0,595586000.0,470816000.0,745008000.0,182467000.0,257004000.0,4040872110.0000005,4028488110.0000005,2.060859854829704,1.2650079861347108,0.14458944019736736,0.36568475324909894,0.12302413760239023,2.060859854829704,0.16623153781105557,5.47279646945376,12.473367421903939,8.293868192901654,0.18281269292505248,0.8139170370532753,0.0036640605287555114,0.5992079336482121,0.5865603547882825,0.06572689941731184,46.58495434737498,0.7988598995606455,0.12321279633249325,2.2000048698756074,1.1363601090756816,2.4141197542933375,0.062462398633922105,0.06933019976498238,0.052379773166262196,0.6388190684084546,0.39127597324425994,1.9121445603430822,Packaged Foods,Consumer Defensive,HLF
2010Q3,2010,Q3,2010-11-01,2010-09-30,75739000.0,688431000.0,100955000.0,0.305,555166000.0,0.8064221396189306,1248356000.0,460589000.0,621981000.0,463525000.0,787767000.0,183144000.0,237918000.0,3573987350.0,3589623350.0,1.9443651745157968,1.341849954155655,0.16752112378199807,0.4540403700479169,0.11560140173125394,1.9443651745157968,0.16443944601369118,5.19149682393733,11.797050891878689,7.7596020530234115,0.1963717503531866,0.7276514655134757,0.004161458489773334,0.5514700934669277,0.6146033115797422,0.06067099449195582,45.20544073563451,0.8064221396189306,-0.07575757575757582,2.255483237443776,1.00252075611469,3.106865006116307,0.005289319052232252,-0.07559835475327402,-0.13235357311675475,0.8130092486073053,0.5040297778227861,0.8050655817778503,Packaged Foods,Consumer Defensive,HLF
2010Q2,2010,Q2,2010-08-02,2010-06-30,81933000.0,688806000.0,116355000.0,0.33,552245000.0,0.8017424354607828,1197178000.0,394116000.0,575307000.0,442492000.0,803062000.0,152035000.0,200389000.0,2741218350.0,2814351350.0,1.6551984813613991,1.3001523191379731,0.20327052451682207,0.6174603416253083,0.1309440807402194,1.6551984813613991,0.20789057028895047,3.979666771195373,8.364207187580096,6.955359208963857,0.14641231249923717,0.8982208044200348,0.004376156317500209,0.5753580503484027,0.577703099717057,0.06843844440843383,38.79228956753085,0.8017424354607828,0.5903614457831327,3.1507175778827805,1.0659301541388095,3.47137321728113,0.15493526239070105,0.5795531221684563,0.8192123078847386,1.0203268937165604,0.5414457156777213,0.5264073230859794,Packaged Foods,Consumer Defensive,HLF
2010Q1,2010,Q1,2010-05-03,2010-03-31,51871000.0,618633000.0,63959000.0,0.2075,478161000.0,0.772931608886044,1186749000.0,377813000.0,559720000.0,444663000.0,808936000.0,146440000.0,176597000.0,2774579200.0,2856688200.0,1.5700340757978724,1.2587510091912302,0.2084518293253249,0.6547683642436867,0.08558121794775955,1.5700340757978724,0.1372927877018525,4.485016479883873,13.37249715640724,7.343789652552982,0.23259624838541768,0.9592461076208686,0.0043484071386392575,0.5212837760975573,0.5684192298437244,0.04370848427089469,36.59911884975597,0.772931608886044,-0.10283168032197793,3.458058931580664,0.8971799644585894,4.4001352423301485,-0.03275979253817087,-0.06800704326577547,-0.23935303561871915,0.501698829832443,0.45154099828478317,0.12502200704225358,Packaged Foods,Consumer Defensive,HLF
2009Q4,2009,Q4,2010-02-23,2009-12-31,55656000.0,630871000.0,84085000.0,0.23128324468085107,494356000.0,0.7836086933778855,1146050000.0,359311000.0,513502000.0,429966000.0,786739000.0,145962000.0,159705000.0,2440691200.0,2684912200.0,1.4931474401595746,1.1942851295218693,0.3446812966275468,1.099387438736916,0.07468414769991091,1.4931474401595746,0.1548964546033937,3.868764295711802,10.963288773896794,6.792698247479203,0.2155023717119448,0.9352776750113043,0.0049141816875481826,0.5504742375987086,0.5297139773842583,0.04856332620740805,61.37015841086246,0.7836086933778855,0.016629646948795873,2.697738352052149,1.1069670154229037,5.371833000831412,0.05532180146485897,-0.0386734605751792,0.08031194593622325,0.5930945378151262,0.5431671477630621,0.21044980873293978,Packaged Foods,Consumer Defensive,HLF
2009Q3,2009,Q3,2009-11-02,2009-09-30,57895000.0,600218000.0,77834000.0,0.2275,468441000.0,0.7804514359782613,1218486000.0,337333000.0,574524000.0,441358000.0,881153000.0,133376000.0,153419000.0,2004801160.0000002,2099243160.0000002,1.3772291537381194,1.3017187861101418,0.2542852359403391,0.9185078246124749,0.0906658525746904,1.3772291537381194,0.171625663661723,3.3401216891196204,8.657056567924691,5.943092315308612,0.20917177649192503,0.9880113363723608,0.006040499298194739,0.49259326738263715,0.6800556464366795,0.04751388198140972,22.261963910943315,0.7804514359782613,0.18181818181818182,7.601404070441818,2.203809276348237,12.974835066761695,0.042455653892287525,0.1998217727395188,0.083752210417856,1.5427027532447088,0.4646040059692367,0.3099239196769695,Packaged Foods,Consumer Defensive,HLF
2009Q2,2009,Q2,2009-08-03,2009-06-30,48253000.0,571805000.0,71819000.0,0.1925,449363000.0,0.785867559745018,1152584000.0,315974000.0,517560000.0,393658000.0,836610000.0,125870000.0,136885000.0,1944188680.0,2076717680.0,1.2814882709840694,1.3147452865177387,0.27240097034142413,0.993641881926994,0.07805363251522411,1.2814882709840694,0.1527119319944046,3.400090380461871,10.072890182993802,6.153002082449821,0.2552587403891986,0.9727655517597521,0.0063352904616233024,0.4961070082527608,0.6608452006564073,0.041865061461897786,82.66108333333334,0.785867559745018,0.14925373134328354,2.3714935779345097,0.48984467631467077,0.0,0.07174152064357486,0.16154734967021328,0.15292247925128025,0.5223823641424619,0.4063426600914798,0.34915916278899833,Packaged Foods,Consumer Defensive,HLF
2009Q1,2009,Q1,2009-05-04,2009-03-31,41542000.0,521683000.0,62293000.0,0.1675,419283000.0,0.8037122160392423,1140526000.0,266538000.0,507563000.0,393137000.0,873988000.0,115705000.0,101749000.0,921419800.0,1072165800.0,1.0833116566411967,1.2910588420830398,0.30291198973105393,1.296171652822487,0.06979538779160056,1.0833116566411967,0.155857701340897,1.7662446351519985,5.545109768427134,3.4569922487600264,0.2960858889798276,0.8850092908690204,0.013348964283163874,0.45740561810953895,0.6792365002530925,0.03642354492576232,12.80763660119817,0.8037122160392423,0.22438872218425976,19.56429875677005,-0.6518002237891763,0.0,0.0059186787455376,0.23420184794557175,0.02341131629099034,0.22080048316795536,0.30156890106508716,0.42783332134430857,Packaged Foods,Consumer Defensive,HLF
2008Q4,2008,Q4,2009-02-24,2008-12-31,33659000.0,512877000.0,60868000.0,0.13680295886847668,416816000.0,0.8127016809098477,1121318000.0,241731000.0,484768000.0,401899000.0,879587000.0,134492000.0,72507000.0,1333536800.0,1664689800.0,0.9824865875467403,1.2061935959034484,0.4298512999880498,1.9939519548589135,0.048798918837597925,0.9824865875467403,0.13924155362779286,2.6001103578440836,9.90475652871446,5.516614749452905,0.3672717549540985,0.7142506617493978,0.009270085384970253,0.45738764560989836,0.5495136837862249,0.03001735457738126,26.08895236232026,0.8127016809098477,-0.38515524104055426,26.999949346281028,0.5111248643959722,-0.10105790923272327,-0.1416103249934614,-0.4205116727498106,-0.3121871292163399,0.27786286034431795,0.4258888531052769,0.6276346297932793,Packaged Foods,Consumer Defensive,HLF
2008Q3,2008,Q3,2008-11-03,2008-09-30,58084000.0,602199000.0,88495000.0,0.2225,485579000.0,0.806343085923424,1144276000.0,275235000.0,509165000.0,408006000.0,869041000.0,136566000.0,86448000.0,2513234880.0,2690013880.0,1.0820006604396641,1.2479350793860875,0.2850474885429739,1.1850709393790761,0.1004471765721152,1.0820006604396641,0.21103420713208712,4.173429182047795,10.817242614145032,9.13123287372609,0.21954410853247022,0.8539460773545392,0.005073938811481082,0.5262707598516442,0.5452174722920742,0.05076048086300858,51.29678899457076,0.806343085923424,-0.1188118811881188,28.240313426646374,0.7736820191277619,0.0,-0.05095660909487131,-0.13410852713178295,-0.05086981702739227,1.324941381528123,0.6312338760711106,1.2853889316655664,Packaged Foods,Consumer Defensive,HLF
2008Q2,2008,Q2,2008-08-05,2008-06-30,67080000.0,639700000.0,93238000.0,0.2525,511651000.0,0.7998296076285759,1131691000.0,229807000.0,513146000.0,395704000.0,901884000.0,132956000.0,41116000.0,2490927500.0,2699392500.0,0.8937455275193678,1.2967925520085721,0.3276963411390565,1.6137497987441636,0.11560423732882258,0.8937455275193678,0.2918971136649449,3.8938994841331875,9.283420915324987,10.839215080480578,0.18957960644007155,0.9630930533409549,0.0051053272325268404,0.5652603051539687,0.5977700503406587,0.05927413048261407,54.85537008082098,0.7998296076285759,0.08602150537634404,2.2331513215519765,0.8372855448837268,0.0,0.05111233002787759,0.07556881042859204,0.04001070819065041,2.146893146273757,0.7767228151593957,1.414374988749366,Packaged Foods,Consumer Defensive,HLF
2008Q1,2008,Q1,2008-05-01,2008-03-31,62367000.0,604437000.0,89651000.0,0.2325,486771000.0,0.8053295876989661,1117898000.0,242947000.0,522856000.0,395854000.0,874951000.0,126512000.0,58144000.0,3058097500.0,3200662500.0,0.9433955670151132,1.3208304071703203,0.2985165015055041,1.3735958871688063,0.11292777896573566,0.9433955670151132,0.25671031130246513,5.059414794263091,12.25847603700675,12.587508798215248,0.206343098112784,0.9300777791830024,0.004208171910804022,0.5406906533512001,0.670072804619885,0.055789526414753404,78.67703053847539,0.8053295876989661,0.11222354317983393,1.9812566068792372,0.7406756477556462,0.0,0.048519534901754674,0.15852729738264634,0.046578956584676805,4.008713008019884,0.732114500286743,2.2448108785838934,Packaged Foods,Consumer Defensive,HLF
2007Q4,2007,Q4,2008-02-26,2007-12-31,53833000.0,578097000.0,85661000.0,0.20904071076870506,464246000.0,0.8030590022089719,1067243000.0,182244000.0,487096000.0,375618000.0,884999000.0,128648000.0,25190000.0,2593266680.0,2771011680.0,0.7076777310075955,1.2967855640571007,0.34214513470690366,2.0036434670002854,0.1023525359302027,0.7076777310075955,0.29538969732885584,4.4858677349994895,12.043108687979492,14.229640920963105,0.2531718462653019,0.8849807225918787,0.005255533534252636,0.5416732646641861,0.6552827606770708,0.05044118349804121,40.174541905499616,0.8030590022089719,0.24800424339525404,41.78510758280868,0.627330831338358,-0.3524987443442877,0.09580627724786797,0.11386302503620939,0.09406610810258506,2.534466676572247,0.8041307042439252,2.0199323918780503,Packaged Foods,Consumer Defensive,HLF
2007Q3,2007,Q3,2007-11-06,2007-09-30,48330000.0,529543000.0,78296000.0,0.1675,423657000.0,0.8000426783094102,1044787000.0,295201000.0,475258000.0,355641000.0,749586000.0,126547000.0,137707000.0,3133784620.0,3206313620.0,1.0771714857034431,1.3363419853166536,0.2233699309045767,0.7905596525757027,0.09475034370810614,1.0771714857034431,0.16371895759160707,5.917903966250144,16.21034874818953,10.61576559700001,0.2798882681564246,0.8367325973748884,0.004316505963323032,0.5068430215919608,0.6124800008997837,0.046258232539263984,54.73381573661689,0.8000426783094102,0.030769230769230795,21.583198918088325,0.44770516172443575,0.0,0.0117447861316954,0.00459373505996799,0.0028563011540481344,5.417483080244076,1.5262627357770566,9.930130117029647,Packaged Foods,Consumer Defensive,HLF
2007Q2,2007,Q2,2007-08-06,2007-06-30,48109000.0,530100000.0,78073000.0,0.1625,418739000.0,0.7899245425391436,1018250000.0,306297000.0,452400000.0,397134000.0,711953000.0,125450000.0,161830000.0,2799924400.0,2868706400.0,1.084375354027416,1.1391620964208555,0.21195777068499877,0.7046298200765924,0.09490539401779373,1.084375354027416,0.157066507344179,5.281879645349934,14.549899187262257,9.141207390212767,0.0,0.8876923076923077,0.0,0.5205990670267616,0.49518046805360405,0.047246746869629264,39.98521078487376,0.7899245425391436,0.18181818181818177,1.110792653983194,0.3859398382895729,0.0,0.044716278791265815,0.16826129188926664,0.09764087279271173,1.9342556831545443,0.2056589005539854,0.0,Packaged Foods,Consumer Defensive,HLF
2007Q1,2007,Q1,2007-05-01,2007-03-31,41180000.0,508099000.0,71128000.0,0.1375,400816000.0,0.7888541406300741,1008068000.0,400369000.0,446751000.0,296555000.0,607699000.0,130114000.0,262954000.0,2810785180.0,2802760180.0,1.395558545495106,1.5064692890020401,0.15294801541165873,0.38509974548479026,0.07663284921954312,1.395558545495106,0.10285511615534669,5.531963613390304,17.064018819815445,7.020486551156558,0.0,0.8245307960711377,0.0,0.5040324660637973,0.7131054947648834,0.040850418820952555,75.88512904967602,0.7888541406300741,-0.05289075630252088,0.7669984709747334,0.31347097090980025,0.0,0.03246679649263804,-0.01128451380552221,0.12430450177035914,16.782319290207067,-0.7091537433075603,0.0,Packaged Foods,Consumer Defensive,HLF
