Quarters,Year,Quarter,FillingDate,Date,NetIncome,Revenue,OperatingIncome,EPSDiluted,GrossProfit,GrossProfitRatio,TotalAssets,CommonStockEquity,CurrentAssets,CurrentLiability,TotalLiability,Inventory,RetainedEarnings,MarketCap,EnterpriseValue,bookValuePerShare,currentRatio,debtToAssets,debtToEquity,roic,shareholdersEquityPerShare,roe,priceToSalesRatio,peRatio,pbRatio,payoutRatio,inventoryTurnover,dividendYield,assetTurnover,quickRatio,returnOnAssets,priceToFreeCashFlowsRatio,grossProfitMargin,epsdilutedGrowth,fiveYNetIncomeGrowthPerShare,fiveYRevenueGrowthPerShare,fiveYShareholdersEquityGrowthPerShare,grossProfitGrowth,netIncomeGrowth,operatingIncomeGrowth,threeYNetIncomeGrowthPerShare,threeYRevenueGrowthPerShare,threeYShareholdersEquityGrowthPerShare,Industry,Sector,Symbol
2023Q1,2023,Q1,2023-05-04,2023-03-31,21772000.0,75465000.0,60693000.0,0.97,95539000.0,1.2660041079,7930174000.0,775643000.0,968935000.0,31173000.0,7154531000.0,0.0,295200000.0,502694009.8,948427009.8,34.470004181856076,31.08250729798223,0.07337153005722195,0.7501505202780145,0.033957253364083104,34.470004181856076,0.028069614500485403,6.661286819055191,5.772253465460224,0.6480997182982378,0.41231857431563473,0.0,0.017857781920997143,0.009516184638571613,47.44374939851795,0.002745463088199578,38.02526549167928,1.266004107864573,-0.2971014492753623,0.0,0.0,0.0,0.02948180554507936,-0.3376733998539791,-0.1399237603979197,0.0,0.0,0.0,Banks—Regional,Financial Services,MSBIP
2022Q4,2022,Q4,2023-02-24,2022-12-31,32872000.0,92803000.0,70567000.0,1.38,92803000.0,1.0,7855501000.0,758574000.0,1423326000.0,80217000.0,7096927000.0,0.0,282405000.0,581479674.86,998216674.86,33.87937297162298,17.743445902988146,0.07664476142260054,0.7937037124921233,0.03883245228904722,33.87937297162298,0.04333393973429092,6.265742215876642,4.42230222423339,0.7665431122870016,0.29471890971039183,0.0,0.016660943484108078,0.0118137595552467,17.743445902988146,0.0041845835166974075,19.845045386164294,1.0,0.3142857142857141,0.0,0.0,0.0,0.16221665623043205,0.39755962756685514,0.5712281795511222,0.0,0.0,0.0,Banks—Regional,Financial Services,MSBIP
2022Q3,2022,Q3,2022-11-03,2022-09-30,23521000.0,79850000.0,44912000.0,1.05,79850000.0,1.0,7821877000.0,739279000.0,1466568000.0,229634000.0,7082598000.0,0.0,259221000.0,572075690.9,761914690.9,33.01762118275668,6.386545546391214,0.06384273237740762,0.6754824633189905,0.029028067840185842,33.01762118275668,0.031816134368756584,7.164379347526612,6.080477986692744,0.7738292186035313,0.2750733387185919,0.0,0.01130969223639144,0.010208547130055867,6.386545546391214,0.0030070787357049976,11.34283118667592,1.0,0.0714285714285715,0.0,0.0,0.0,9.534300791556728,0.07485262532559521,0.13917564996829423,0.0,0.0,0.0,Banks—Regional,Financial Services,MSBIP
2022Q2,2022,Q2,2022-08-04,2022-06-30,21883000.0,7580000.0,39425000.0,0.98,7580000.0,1.0,7435812000.0,636188000.0,1041265000.0,67689000.0,6799624000.0,0.0,242170000.0,549381252.0009083,709485252.0009083,28.451015143944414,15.38307553664554,0.05705859696291407,0.6669050657981603,0.02789269392765663,28.451015143944414,0.03439706501851654,72.47773773099054,6.276347530056531,0.8635517362806406,0.2956633002787552,0.0,0.011776885316773249,0.0010193910227961653,21.871603953374994,0.0029429200200327818,4.781968664597151,1.0,0.0,0.0,0.0,0.0,-0.895927726062004,0.054653236300544604,0.18357850495346742,0.0,0.0,0.0,Banks—Regional,Financial Services,MSBIP
2022Q1,2022,Q1,2022-03-31,2022-03-31,20749000.0,72834000.0,33310000.0,0.0,72834000.0,1.0,7338715000.0,644986000.0,1623991000.0,0.0,459442000.0,0.0,226757000.0,0.0,133356000.0,0.0,0.0,0.06260523811048664,0.7123286396914041,0.0226382619436562,0.0,0.032169690504910184,0.0,0.0,0.0,0.31153308593185214,0.0,,0.00992462576895274,0.0,0.002827334213142219,0.0,1.0,0.0,0.0,0.0,0.0,-0.07683532751977287,-0.10204699874496906,-0.09301312421717585,0.0,0.0,0.0,Banks—Regional,Financial Services,MSBIP
2021Q4,2021,Q4,2021-12-31,2021-12-31,23107000.0,78896000.0,36726000.0,0.0,78896000.0,1.0,7443805000.0,663837000.0,2022650000.0,0.0,6779968000.0,0.0,212472000.0,0.0,-213492000.0,0.0,0.0,0.061770156526131464,0.692647442067857,0.02444817216492329,0.0,0.0348082435899174,0.0,0.0,0.0,0.2702644220366123,0.0,,0.010598880545634928,0.0,0.0031041920093285626,0.0,1.0,0.0,0.0,0.0,0.0,0.13395423709325055,0.1820646613464293,0.1291621829362029,0.0,0.0,0.0,Banks—Regional,Financial Services,MSBIP
2021Q3,2021,Q3,2021-09-30,2021-09-30,19548000.0,69576000.0,32525000.0,0.0,69576000.0,1.0,7093959000.0,657844000.0,1975837000.0,0.0,6436115000.0,0.0,195610000.0,0.0,-68388000.0,0.0,0.0,0.0831390483085679,0.8965423413453646,0.01986698510942886,0.0,0.029715251640206494,0.0,0.0,0.0,0.32223245344792306,0.0,,0.009807781522278321,0.0,0.0027555840116922016,0.0,1.0,0.0,0.0,0.0,0.0,0.013119767018565707,-0.028622540250447227,0.19017125292740047,0.0,0.0,0.0,Banks—Regional,Financial Services,MSBIP
2021Q2,2021,Q2,2021-06-30,2021-06-30,20124000.0,68675000.0,27328000.0,0.0,68675000.0,1.0,6630010000.0,648186000.0,1590502000.0,0.0,5981824000.0,0.0,182361000.0,0.0,171430000.0,0.0,0.0,0.08902128352747582,0.9105596233179982,0.02311134628184602,0.0,0.031046644018846443,0.0,0.0,0.0,0.31440071556350624,0.0,,0.010358204587926715,0.0,0.003035289539533123,0.0,1.0,0.0,0.0,0.0,0.0,0.010535764210774142,0.08555399719495091,-0.16364192807957154,0.0,0.0,0.0,Banks—Regional,Financial Services,MSBIP
2021Q1,2021,Q1,2021-03-31,2021-03-31,18538000.0,67959000.0,32675000.0,0.0,67959000.0,1.0,6884786000.0,635467000.0,1730646000.0,0.0,0.0,0.0,168564000.0,0.0,81659000.0,0.0,0.0,0.10314176795037638,1.117460072670965,0.018570736852983022,0.0,0.02917224655253538,0.0,0.0,0.0,0.3398964289567375,0.0,,0.00987089504307033,0.0,0.002692603662626551,0.0,1.0,0.0,0.0,0.0,0.0,-0.05696325488454707,1.2246489859594383,0.6385016547989169,0.0,0.0,0.0,Banks—Regional,Financial Services,MSBIP
2020Q4,2020,Q4,2020-12-31,2020-12-31,8333000.0,72064000.0,19942000.0,0.0,72064000.0,1.0,6868540000.0,621391000.0,1447400000.0,0.0,6247149000.0,0.0,156327000.0,0.0,623673000.0,0.0,0.0,0.13987732472985526,1.5461327891778285,0.009700791064418741,0.0,0.013410236067146128,0.0,0.0,0.0,0.7238689547581904,0.0,,0.010491894929635702,0.0,0.001213212706048156,0.0,1.0,0.0,0.0,0.0,0.0,0.03397612488521579,95.8953488372093,0.46589238459276683,0.0,0.0,0.0,Banks—Regional,Financial Services,MSBIP
2020Q3,2020,Q3,2020-09-30,2020-09-30,86000.0,69696000.0,13604000.0,0.0,69696000.0,1.0,6700045000.0,621880000.0,1489899000.0,4051000.0,6078165000.0,0.0,154026000.0,0.0,416116000.0,0.0,367.78548506541597,0.13068404764445612,1.4079709911880105,0.0002369572492397504,0.0,0.00013829034540425804,0.0,0.0,0.0,71.05813953488372,0.0,,0.010402318193385269,367.78548506541597,1.2835734685364054e-05,0.0,1.0,0.0,0.0,0.0,0.0,0.028556249169876476,-0.993157769114488,-0.5062427409988386,0.0,0.0,0.0,Banks—Regional,Financial Services,MSBIP
2020Q2,2020,Q2,2020-06-30,2020-06-30,12569000.0,67761000.0,27552000.0,0.0,67761000.0,1.0,6644498000.0,633589000.0,1548709000.0,4385000.0,6010909000.0,0.0,160051000.0,0.0,361067000.0,0.0,353.18335233751424,0.13222714492501916,1.3866765363666351,0.01417600273588019,0.0,0.019837781274611777,0.0,0.0,0.0,0.4964595433208688,0.0,,0.010198061614285985,353.18335233751424,0.001891640271394468,0.0,1.0,0.0,0.0,0.0,0.0,0.07215075710827361,7.114267269205939,0.6529877609791217,0.0,0.0,0.0,Banks—Regional,Financial Services,MSBIP
2020Q1,2020,Q1,2020-03-31,2020-03-31,1549000.0,63201000.0,16668000.0,0.0,63201000.0,1.0,6208230000.0,631160000.0,1471379000.0,7078000.0,5577070000.0,0.0,153722000.0,0.0,332364000.0,0.0,207.8806159932184,0.1252307018264465,1.231797008682426,0.009045061083251564,0.0,0.0024542112934913493,0.0,0.0,0.0,4.244673983214978,0.0,,0.010180196287830831,207.8806159932184,0.0002495075085813509,0.0,1.0,0.0,0.0,0.0,0.0,-0.05875256902868376,-0.8789086929330832,-0.4763101671484228,0.0,0.0,0.0,Banks—Regional,Financial Services,MSBIP
2019Q4,2019,Q4,2019-12-31,2019-12-31,12792000.0,67146000.0,31828000.0,0.0,67146000.0,1.0,6087017000.0,661911000.0,1397416000.0,6400000.0,5425106000.0,0.0,165920000.0,0.0,292458000.0,0.0,218.34625,0.11255956735458436,1.0351119712468897,0.018594737999226514,0.0,0.019325861029655046,0.0,0.0,0.0,0.46701063164477796,0.0,,0.0110310189703758,218.34625,0.0021015219770209284,0.0,1.0,0.0,0.0,0.0,0.0,-0.018275922568571263,0.01082576056894508,-0.01235027617451747,0.0,0.0,0.0,Banks—Regional,Financial Services,MSBIP
2019Q3,2019,Q3,2019-09-30,2019-09-30,12655000.0,68396000.0,32226000.0,0.0,68396000.0,1.0,6113904000.0,655522000.0,1400419000.0,6818000.0,5458382000.0,0.0,159102000.0,0.0,361432000.0,0.0,205.4002640070402,0.12574502314723948,1.172795115953393,0.01698122602724039,0.0,0.019305225453913066,0.0,0.0,0.0,0.47317265902805217,0.0,,0.011186960083115469,205.4002640070402,0.002069872212582991,0.0,1.0,0.0,0.0,0.0,0.0,0.051469683925716395,-0.22623051054723325,-0.10366311573443106,0.0,0.0,0.0,Banks—Regional,Financial Services,MSBIP
2019Q2,2019,Q2,2019-06-30,2019-06-30,16355000.0,65048000.0,35953000.0,0.0,65048000.0,1.0,5546055000.0,639888000.0,1169246000.0,5455000.0,4906167000.0,0.0,152387000.0,0.0,442901000.0,0.0,214.34390467461046,0.1238970763903351,1.0738441727302277,0.02054564150824911,0.0,0.025559160353061786,0.0,0.0,0.0,0.3621522470192602,0.0,,0.011728697245158947,214.34390467461046,0.0029489429874027576,0.0,1.0,0.0,0.0,0.0,0.0,0.04384106810449965,0.16971820912601918,0.11769826219417415,0.0,0.0,0.0,Banks—Regional,Financial Services,MSBIP
2019Q1,2019,Q1,2019-03-31,2019-03-31,13982000.0,62316000.0,32167000.0,0.0,62316000.0,1.0,5641780000.0,624168000.0,1229949000.0,16254000.0,5017612000.0,0.0,141906000.0,0.0,498261000.0,0.0,75.67054263565892,0.1372261945697989,1.240371182117635,0.01740162642031049,0.0,0.022401020238141015,0.0,0.0,0.0,0.42232870833929337,0.0,,0.011045450194796677,75.67054263565892,0.0024782958569813072,0.0,1.0,0.0,0.0,0.0,0.0,-0.09700043471960586,-0.14409892262487758,-0.051680424528301884,0.0,0.0,0.0,Banks—Regional,Financial Services,MSBIP
2018Q4,2018,Q4,2018-12-31,2018-12-31,16336000.0,69010000.0,33920000.0,0.0,69010000.0,1.0,5637673000.0,608525000.0,1157651000.0,4855000.0,5029148000.0,0.0,133781000.0,0.0,523804000.0,0.0,238.44510813594232,0.130299150021649,1.2071550059570273,0.01977486607858334,0.0,0.026845240540651575,0.0,0.0,0.0,0.3273751224289912,0.0,,0.01224086604526371,238.44510813594232,0.0028976494379862046,0.0,1.0,0.0,0.0,0.0,0.0,0.0938168676990379,0.922560903848417,0.48517886072069705,0.0,0.0,0.0,Banks—Regional,Financial Services,MSBIP
2018Q3,2018,Q3,2018-09-30,2018-09-30,8497000.0,63091000.0,22839000.0,0.0,63091000.0,1.0,5724612000.0,594146000.0,1188464000.0,5564000.0,5130466000.0,0.0,122745000.0,0.0,505676000.0,0.0,213.59884974838246,0.13034333156552794,1.2558613539433068,0.013243347435059347,0.0,0.014301198695270186,0.0,0.0,0.0,0.6262210191832411,0.0,,0.011021008934754006,213.59884974838246,0.0014842927345993056,0.0,1.0,0.0,0.0,0.0,0.0,-0.009280487421877454,-0.335237052104522,-0.11559014869888476,0.0,0.0,0.0,Banks—Regional,Financial Services,MSBIP
2018Q2,2018,Q2,2018-06-30,2018-06-30,12782000.0,63682000.0,25824000.0,0.0,63682000.0,1.0,5730600000.0,592535000.0,1227137000.0,3737000.0,5138065000.0,0.0,119522000.0,0.0,498177000.0,0.0,328.3748996521274,0.1348453914075315,1.304133933016615,0.015275730775018006,0.0,0.021571721501683443,0.0,0.0,0.0,0.4158973556563918,0.0,,0.011112623460021637,328.3748996521274,0.002230481973964332,0.0,1.0,0.0,0.0,0.0,0.0,0.17347239625562025,6.077519379844961,1.2451747522170058,0.0,0.0,0.0,Banks—Regional,Financial Services,MSBIP
2018Q1,2018,Q1,2018-03-31,2018-03-31,1806000.0,54268000.0,11502000.0,0.0,54268000.0,1.0,5723372000.0,585385000.0,576692000.0,4768000.0,5137987000.0,0.0,112009000.0,0.0,351092000.0,0.0,120.9505033557047,0.11904258538497935,1.1638921393612751,0.0051536359246884935,0.0,0.003085149089915184,0.0,0.0,0.0,2.3931339977851604,0.0,,0.009481822953321922,120.9505033557047,0.00031554824673287005,0.0,1.0,0.0,0.0,0.0,0.0,0.09387031101973353,-0.09291813159216473,-0.2447800393959291,0.0,0.0,0.0,Banks—Regional,Financial Services,MSBIP
2017Q4,2017,Q4,2017-12-31,2017-12-31,1991000.0,49611000.0,15230000.0,0.0,49611000.0,1.0,4412701000.0,449545000.0,890260000.0,11531000.0,3963156000.0,0.0,114478000.0,0.0,375708000.0,0.0,77.20579307952475,0.1337563999917511,1.3129430868989755,0.0037552223668472803,0.0,0.004428922577272575,0.0,0.0,0.0,1.9743847312908087,0.0,,0.011242773983553384,77.20579307952475,0.0004511975771755213,0.0,1.0,0.0,0.0,0.0,0.0,-0.03740856438813326,-0.022102161100196464,0.7312720245538251,0.0,0.0,0.0,Banks—Regional,Financial Services,MSBIP
2017Q3,2017,Q3,2017-09-30,2017-09-30,2036000.0,51539000.0,8797000.0,0.0,51539000.0,1.0,4347761000.0,450689000.0,793391000.0,41355000.0,3897072000.0,0.0,116373000.0,0.0,362463000.0,0.0,19.184886954419053,0.12495397056093929,1.2054210331292754,0.007780461178761554,0.0,0.004517527607729499,0.0,0.0,0.0,1.925343811394892,0.0,,0.011854147456587425,19.184886954419053,0.00046828701025654356,0.0,1.0,0.0,0.0,0.0,0.0,0.21162752427298587,-0.4246962418762362,-0.1241537236160892,0.0,0.0,0.0,Banks—Regional,Financial Services,MSBIP
2017Q2,2017,Q2,2017-06-30,2017-06-30,3539000.0,42537000.0,10044000.0,0.0,42537000.0,1.0,4491642000.0,451952000.0,933563000.0,40555000.0,4039690000.0,0.0,118201000.0,0.0,122257000.0,0.0,23.019676981876465,0.10122779152924476,1.006033826601055,0.00797525958770927,0.0,0.007830477572839594,0.0,0.0,0.0,0.9076010172365074,0.0,,0.009470256088975925,23.019676981876465,0.0007879078519614876,0.0,1.0,0.0,0.0,0.0,0.0,-0.019229439026077332,-0.5831566548881036,-0.36634912623809224,0.0,0.0,0.0,Banks—Regional,Financial Services,MSBIP
2017Q1,2017,Q1,2017-03-31,2017-03-31,8490000.0,43371000.0,15851000.0,0.0,43371000.0,1.0,3373577000.0,334333000.0,685265000.0,126020000.0,3039244000.0,0.0,117874000.0,0.0,211262000.0,0.0,5.437747976511665,0.1271410138259776,1.2829125452767152,0.015368052753371088,0.0,0.02539384386225709,0.0,0.0,0.0,0.3685512367491166,0.0,,0.012856087173940302,5.437747976511665,0.0025166166356955836,0.0,1.0,0.0,0.0,0.0,0.0,-0.22328480094557568,-0.26702926702926705,-0.33763737411725375,0.0,0.0,0.0,Banks—Regional,Financial Services,MSBIP
2016Q4,2016,Q4,2016-12-31,2016-12-31,11583000.0,55839000.0,23931000.0,0.0,55839000.0,1.0,3233723000.0,321770000.0,642286000.0,132602000.0,2911915000.0,0.0,112513000.0,0.0,234040000.0,0.0,4.843712764513356,0.13098926531431418,1.316415452030954,0.018676311031592552,0.0,0.03599776237685303,0.0,0.0,0.0,0.2413882413882414,0.0,,0.017267712788015546,4.843712764513356,0.0035819394549254837,0.0,1.0,0.0,0.0,0.0,0.0,0.3330548128342246,0.4387032666749472,0.4888017917133259,0.0,0.0,0.0,Banks—Regional,Financial Services,MSBIP
2016Q3,2016,Q3,2016-09-30,2016-09-30,8051000.0,41888000.0,16074000.0,0.0,41888000.0,1.0,3247686000.0,321749000.0,674148000.0,140164000.0,2925937000.0,0.0,103813000.0,0.0,202820000.0,0.0,4.809708627036899,0.13249926255186,1.3374276221526717,0.014154703374832442,0.0,0.025022610792885137,0.0,0.0,0.0,0.345919761520308,0.0,,0.012897798617230853,4.809708627036899,0.0024789958142505154,0.0,1.0,0.0,0.0,0.0,0.0,0.010298835049805841,0.18588893798792164,0.10110974106041924,0.0,0.0,0.0,Banks—Regional,Financial Services,MSBIP
2016Q2,2016,Q2,2016-06-30,2016-06-30,6789000.0,41461000.0,14598000.0,0.0,41461000.0,1.0,3021737000.0,316268000.0,551546000.0,16053000.0,2705469000.0,0.0,98547000.0,0.0,29432000.0,0.0,34.35781473867813,0.05031774770603795,0.48075366461355556,0.020205628421145375,0.0,0.021465971897251697,0.0,0.0,0.0,0.31447930475769625,0.0,,0.013720916148559586,34.35781473867813,0.00224672100847956,0.0,1.0,0.0,0.0,0.0,0.0,0.14618638210820226,0.3262355928892362,0.23481644391811876,0.0,0.0,0.0,Banks—Regional,Financial Services,MSBIP
2016Q1,2016,Q1,2016-03-31,2016-03-31,5119000.0,36173000.0,11822000.0,0.0,36173000.0,1.0,2898080000.0,238386000.0,567429000.0,103510000.0,2659519000.0,0.0,93893000.0,0.0,41427000.0,0.0,5.4818761472321516,0.07028273891680009,0.8544335657295311,0.01733071320697363,0.0,0.02147357646841677,0.0,0.0,0.0,0.4174643485055675,0.0,,0.012481712030033678,5.4818761472321516,0.0017663418539170762,0.0,1.0,0.0,0.0,0.0,0.0,-0.07336629351640751,-0.33476283300844706,-0.17633944123179823,0.0,0.0,0.0,Banks—Regional,Financial Services,MSBIP
2015Q4,2015,Q4,2015-12-31,2015-12-31,7695000.0,39037000.0,14353000.0,0.0,39037000.0,1.0,2884824000.0,232880000.0,610713000.0,979000.0,2651768000.0,0.0,90911000.0,0.0,-109939000.0,0.0,623.8130745658835,0.03537026868883509,0.43815269666781176,0.03137634847120234,0.0,0.03304276880796977,0.0,0.0,0.0,0.26146848602988954,0.0,,0.013531848043416167,623.8130745658835,0.0026674070931190256,0.0,1.0,0.0,0.0,0.0,0.0,-0.0019175700552260175,1.2336719883889695,0.61541924592009,0.0,0.0,0.0,Banks—Regional,Financial Services,MSBIP
2015Q3,2015,Q3,2015-09-30,2015-09-30,3445000.0,39112000.0,8885000.0,0.0,39112000.0,1.0,,,,,,,,0.0,,0.0,0.0,0.0,0.0,0.0,0.0,0.0,0.0,0.0,0.0,0.5497822931785196,0.0,,0.0,0.0,0.0,0.0,1.0,0.0,0.0,0.0,0.0,-0.05856300397159706,-0.4821884863971141,-0.2799837925445705,0.0,0.0,0.0,Banks—Regional,Financial Services,MSBIP
2015Q2,2015,Q2,2015-06-30,2015-06-30,6653000.0,41545000.0,12340000.0,0.0,41545000.0,1.0,,,,,,,,0.0,,0.0,0.0,0.0,0.0,0.0,0.0,0.0,0.0,0.0,0.0,0.2846836013828348,0.0,,0.0,0.0,0.0,0.0,1.0,0.0,0.0,0.0,0.0,-0.013932402924143168,0.018680140866636042,-0.030331604589030333,0.0,0.0,0.0,Banks—Regional,Financial Services,MSBIP
2015Q1,2015,Q1,2015-03-31,2015-03-31,6531000.0,42132000.0,12726000.0,0.0,42132000.0,1.0,,,,,,,,0.0,,0.0,0.0,0.0,0.0,0.0,0.0,0.0,0.0,0.0,0.0,0.2896952993416016,0.0,,0.0,0.0,0.0,0.0,1.0,0.0,0.0,0.0,0.0,0.0,0.0,0.0,0.0,0.0,0.0,Banks—Regional,Financial Services,MSBIP
2011Q1,2011,Q1,2011-03-31,2011-03-31,3223000.0,19839000.0,9208000.0,0.0,19839000.0,1.0,1581526000.0,108699000.0,64887000.0,62454000.0,1472827000.0,0.0,59769000.0,0.0,22782000.0,0.0,1.0389566721106736,0.04979620948375177,0.7245144849538634,0.03459013909679687,0.0,0.029650686758847827,0.0,0.0,0.0,0.12503878374185542,0.0,,0.012544213626585967,1.0389566721106736,0.0020379051624823115,0.0,1.0,0.0,0.0,0.0,0.0,0.0,0.0,0.0,0.0,0.0,0.0,Banks—Regional,Financial Services,MSBIP
2010Q1,2010,Q1,2010-03-31,2010-03-31,4335000.0,15545000.0,12164000.0,0.0,15545000.0,1.0,,,,,,,,0.0,,0.0,0.0,0.0,0.0,0.0,0.0,0.0,0.0,0.0,0.0,0.095040369088812,0.0,,0.0,0.0,0.0,0.0,1.0,0.0,0.0,0.0,0.0,0.0,0.0,0.0,0.0,0.0,0.0,Banks—Regional,Financial Services,MSBIP
