Quarters,Year,Quarter,FillingDate,Date,NetIncome,Revenue,OperatingIncome,EPSDiluted,GrossProfit,GrossProfitRatio,TotalAssets,CommonStockEquity,CurrentAssets,CurrentLiability,TotalLiability,Inventory,RetainedEarnings,MarketCap,EnterpriseValue,bookValuePerShare,currentRatio,debtToAssets,debtToEquity,roic,shareholdersEquityPerShare,roe,priceToSalesRatio,peRatio,pbRatio,payoutRatio,inventoryTurnover,dividendYield,assetTurnover,quickRatio,returnOnAssets,priceToFreeCashFlowsRatio,grossProfitMargin,epsdilutedGrowth,fiveYNetIncomeGrowthPerShare,fiveYRevenueGrowthPerShare,fiveYShareholdersEquityGrowthPerShare,grossProfitGrowth,netIncomeGrowth,operatingIncomeGrowth,threeYNetIncomeGrowthPerShare,threeYRevenueGrowthPerShare,threeYShareholdersEquityGrowthPerShare,Industry,Sector,Symbol
2023Q1,2023,Q1,2023-05-12,2023-03-31,445592.0,0.0,-308600.0,0.45,0.0,0.0,104636062.0,104008973.0,524769.0,627089.0,627089.0,0.0,-618681.0,104000000.0,103716645.0,10.4008973,0.8368333681502944,0.0,0.0,-0.0016823137231722321,10.4008973,0.004284168828395219,0.0,58.34934199895869,0.9999137285972433,0.0,0.0,0.0,0.0,0.451857710787464,0.00425849359659579,-159.08635482681768,0.0,9.49056603773585,0.0,0.0,0.0,-1.0,0.053635652114284636,-0.43626403801492114,0.0,0.0,0.0,Shell Companies,Financial Services,SGHLU
2022Q4,2022,Q4,2023-03-24,2022-12-31,422909.0,313210.0,-214863.0,-0.053,156605.0,0.5,104194119.0,103563379.0,733404.0,630740.0,630740.0,0.0,-360083.0,89398903025.0,89398385184.0,0.011845062013555955,1.1627675428861337,0.0,0.0,-0.0014627466115952855,0.011845062013555955,0.004083576685924858,285427.9972702021,52847.600207727904,863.2289124614213,0.0,0.0,0.0,0.003006023785277171,0.8210054856200654,0.004058856719158977,-1233939.3102139407,0.5,-5.0769230769230775,152.19683547534873,0.0,2460.319570360742,2.0,2.2237111908954392,-0.039969991045715254,152.19683547534873,0.0,2460.319570360742,Shell Companies,Financial Services,SGHLU
2022Q3,2022,Q3,2022-11-10,2022-09-30,131187.0,0.0,-206605.0,0.013,-156605.0,0.0,103520600.0,103140470.0,822847.0,380130.0,380130.0,0.0,-180961.0,100333000.0,99777709.0,10.314047,2.164646305211375,0.0003380969584797615,0.00033934303382561666,-0.0009512161652864405,10.314047,0.0012719255593851763,0.0,191.2022532720468,0.972780131795017,0.0,0.0,0.0,0.0,1.5528661247467972,0.0012672550197738422,-1363.8130709003915,0.0,-0.8916666666666667,831702.1926730771,0.0,2079484.0445462146,0.0,-0.8888100650423869,-0.07194741047432265,831702.1926730771,0.0,2079484.0445462146,Shell Companies,Financial Services,SGHLU
2022Q2,2022,Q2,2022-08-12,2022-06-30,1179846.0,0.0,-192738.0,0.12,0.0,0.0,103177149.0,103009283.0,1043442.0,167866.0,167866.0,0.0,-24282.0,99400000.0,98736141.0,10.3009283,6.21592222367841,0.0,0.0,-0.004524670133745515,10.3009283,0.011453783247865145,0.0,21.06207081263148,0.9649615753562715,0.0,0.0,0.0,0.0,3.9546960075298156,0.011435148300133783,-196.90732677503834,0.0,0.0,0.0,0.0,0.0,0.0,8.827026668435717,0.1163630862052366,0.0,0.0,0.0,Shell Companies,Financial Services,SGHLU
2022Q1,2022,Q1,2022-05-16,2022-03-31,-150740.0,0.0,-218119.0,0.0,0.0,0.0,103266334.0,102515729.0,1215684.0,750605.0,750605.0,0.0,-484559.0,49401099450.0,49399930785.0,0.02073095830076713,1.6196055182153064,0.0,0.0,-0.0017665167849126764,0.02073095830076713,-0.0014704085067765553,0.0,-81930.97295011279,481.88799837730267,0.0,0.0,0.0,0.0,1.556964049000473,-0.0014597206481639989,-414758.8696812976,0.0,0.0,0.0,0.0,0.0,0.0,-94.28445006321112,-271.3083645443196,0.0,0.0,0.0,Shell Companies,Financial Services,SGHLU
2021Q4,2021,Q4,2022-03-31,2021-12-31,-1582.0,0.0,-801.0,0.0,0.0,0.0,321886.0,23798.0,1170.0,298088.0,298088.0,0.0,-1202.0,49450550000.0,49450583830.0,4.812484390972396e-06,0.0039250154316846034,0.10873414811454987,1.4707118245230693,-0.012870564685764639,4.812484390972396e-06,-0.06647617446844273,0.0,-7814562.26295828,2077928.817547693,,0.0,,0.0,0.0039250154316846034,-0.0049147834947776544,0.0,0.0,0.0,0.0,0.0,0.0,0.0,-19.28205128205128,-10.442857142857143,0.0,0.0,0.0,Shell Companies,Financial Services,SGHLU
2021Q3,2021,Q3,2021-09-30,2021-09-30,-78.0,0.0,-70.0,0.0,0.0,0.0,239097.0,24527.0,6455.0,214570.0,214570.0,0.0,-473.0,49450550000.0,49450568545.0,4.959904389334395e-06,0.03008342265927203,0.1045600739448843,1.0192848697353936,-0.0011506912366643105,4.959904389334395e-06,-0.003180168793574428,0.0,-158495352.5641026,2016167.8966037428,,0.0,,0.0,0.03008342265927203,-0.000326227430708039,0.0,0.0,0.0,0.0,0.0,0.0,0.0,0.0,0.0,0.0,0.0,0.0,Shell Companies,Financial Services,SGHLU
2021Q1,2021,Q1,2021-03-31,2021-03-31,,,,,,,77221.0,24630.0,25000.0,52591.0,52591.0,0.0,-370.0,0.0,-25000.0,0.0,0.4753665075773421,0.0,0.0,,0.0,,0.0,0.0,0.0,0.0,0.0,,,0.4753665075773421,,0.0,0.0,0.0,0.0,0.0,0.0,0.0,0.0,0.0,0.0,0.0,0.0,Shell Companies,Financial Services,SGHLU
