Quarters,Year,Quarter,FillingDate,Date,NetIncome,Revenue,OperatingIncome,EPSDiluted,GrossProfit,GrossProfitRatio,TotalAssets,CommonStockEquity,CurrentAssets,CurrentLiability,TotalLiability,Inventory,RetainedEarnings,MarketCap,EnterpriseValue,bookValuePerShare,currentRatio,debtToAssets,debtToEquity,roic,shareholdersEquityPerShare,roe,priceToSalesRatio,peRatio,pbRatio,payoutRatio,inventoryTurnover,dividendYield,assetTurnover,quickRatio,returnOnAssets,priceToFreeCashFlowsRatio,grossProfitMargin,epsdilutedGrowth,fiveYNetIncomeGrowthPerShare,fiveYRevenueGrowthPerShare,fiveYShareholdersEquityGrowthPerShare,grossProfitGrowth,netIncomeGrowth,operatingIncomeGrowth,threeYNetIncomeGrowthPerShare,threeYRevenueGrowthPerShare,threeYShareholdersEquityGrowthPerShare,Industry,Sector,Symbol
2023Q1,2023,Q1,2023-05-09,2023-03-31,-13957000.0,36708000.0,-8899000.0,-0.14,8682000.0,0.236515201,139294000.0,7385000.0,50945000.0,33653000.0,131909000.0,20972000.0,-177706000.0,70695877.73157,169733877.73157,0.07528723328337972,1.5138323477847444,0.769480379628699,14.513744075829385,-0.06927743647560304,0.07528723328337972,-1.8899119837508462,1.9258983799599543,-1.2663157865510137,9.57290152086256,0.0,1.3363532328819379,0.0,0.26352893879133343,0.6854663774403471,-0.1001981420592416,-37.38544565392385,0.2365152010460935,-1.2222222222222223,-5.345720746008435,-0.49581813284109916,-0.9527515244994648,-0.25084131504012425,-1.3631899762952928,-1.9273026315789474,-1.2614379621845906,-0.2267231879955272,-0.9438558025109651,Engineering & Construction,Industrials,DRTT
2022Q4,2022,Q4,2023-02-22,2022-12-31,-5906000.0,42427000.0,-3040000.0,-0.063,11589000.0,0.2731515309,143653000.0,17992000.0,62125000.0,35998000.0,125661000.0,22251000.0,-166272000.0,67261914.902,155298914.902,0.1919289973651366,1.725790321684538,0.6881721927143881,5.494553134726545,-0.020357383593778446,0.1919289973651366,-0.32825700311249445,1.5853563745256558,-2.8471856968337286,3.738434576589595,0.0,1.385915239764505,0.0,0.29534364057833806,0.9064670259458859,-0.04111295970150293,24.81073954334194,0.2731515308647795,0.18075422626788032,0.08285048658969832,-0.32445501867338095,-0.8784923891686456,0.653681506849315,0.12204548833060799,0.10509272887842214,0.29997736312844414,-0.2868722440018457,-0.8712832932594758,Engineering & Construction,Industrials,DRTT
2022Q3,2022,Q3,2022-11-14,2022-09-30,-6727000.0,46747000.0,-3397000.0,-0.0769,7008000.0,0.1499133634,151916000.0,21013000.0,66675000.0,39765000.0,130903000.0,23295000.0,-160366000.0,52614334.388000004,145781334.388,0.2402968689248222,1.6767257638626933,0.6581597725058586,4.758244896016752,-0.0217567456925969,0.2402968689248222,-0.3201351544282111,1.125512533167904,-1.9553416971904267,2.5038944647599104,0.0,1.7059025541961794,0.0,0.30771610626925405,0.8645794039984911,-0.0442810500539772,-4.610439396074308,0.14991336342439088,0.7253571428571429,-2.9329001184013777,-0.33193135934488605,-0.8548744945010188,0.11663479923518165,0.7255853797829811,0.7584269662921348,-2.122767240771501,-0.30765645652062945,-0.842562966387184,Engineering & Construction,Industrials,DRTT
2022Q2,2022,Q2,2022-07-27,2022-06-30,-24514000.0,44701000.0,-14062000.0,-0.28,6276000.0,0.1403995436,162405000.0,27166000.0,73270000.0,41656000.0,135239000.0,25296000.0,-153639000.0,118780696.03680003,201789696.03680003,0.3157992629878056,1.7589302861532552,0.6326652504541116,3.782227784730914,-0.10936461904855464,0.3157992629878056,-0.9023779724655819,2.6572268190152353,-1.2113557154768706,4.372402857866452,0.0,1.5190148640101202,0.0,0.27524398879344847,0.9464422892260419,-0.15094362858286384,-6.205239579814023,0.1403995436343706,0.1764705882352941,-9.953185466393872,-0.17917968460574885,-0.8008814356994414,0.9093398235473076,0.14837589022060102,0.18712064281172322,-11.614089387072015,-0.32511844481587393,-0.7850927614518495,Engineering & Construction,Industrials,DRTT
2022Q1,2022,Q1,2022-05-04,2022-03-31,-28785000.0,38286000.0,-17299000.0,-0.34,3287000.0,0.0858538369,184456000.0,46298000.0,91286000.0,41998000.0,138158000.0,22114000.0,-134351000.0,145267862.1336,212000862.1336,0.541807585633872,2.173579694271156,0.5724617252894999,2.280746468529958,-0.11587956431939725,0.541807585633872,-0.6217331202211759,3.794281516314057,-1.2616628637623764,3.1376703558166663,0.0,1.5826625666998282,0.0,0.2075616949299562,1.4631887232725367,-0.15605347616775816,-7.0903876480671615,0.08585383691166484,-0.7894736842105264,-26.355513373594103,-0.2198368112352461,-0.6610411430672355,-0.6094344106463878,-0.7977142143392456,-0.1125474307029391,-3.872477245252652,-0.41334092698483094,-0.622015486914851,Engineering & Construction,Industrials,DRTT
2021Q4,2021,Q4,2022-02-23,2021-12-31,-16012000.0,42928000.0,-15549000.0,-0.19,8416000.0,0.1960491987,199439000.0,67766000.0,103804000.0,37087000.0,131673000.0,18457000.0,-111300000.0,237087233.8112,280897233.8112,0.7941079966251055,2.79893224040769,0.5220794328090294,1.5365079833544846,-0.07319341995971823,0.7941079966251055,-0.23628368208246023,5.522904253894894,-3.701711744491631,3.4986163239854795,0.0,1.8698596738364848,0.0,0.2152437587432749,2.0991991803057677,-0.08028519998596062,-27.070933296551722,0.1960491986582184,-0.05555555555555561,-5.988457240720124,-0.22774934366829047,-0.503502498079679,2.4351020408163264,-0.038459044036578245,0.13563844571682696,-7.077108136141803,-0.31645153126174125,-0.4641984899295048,Engineering & Construction,Industrials,DRTT
2021Q3,2021,Q3,2021-11-03,2021-09-30,-15419000.0,34098000.0,-17989000.0,-0.18,2450000.0,0.07185172150859288,185764000.0,81942000.0,87038000.0,34218000.0,103822000.0,17381000.0,-95291000.0,333350867.02500004,367804867.02500004,0.9603515968356284,2.5436320065462623,0.418498740337202,0.9487442337262942,-0.09312081513218755,0.9603515968356284,-0.1881696809938737,9.77625863760338,-5.404871700904728,4.068131935088234,0.0,1.8208388470168575,0.0,0.1835554789948537,1.781839967268689,-0.08300316530651795,-22.954886863035398,0.07185172150859288,-0.6363636363636362,-5.993873194287877,-0.3779673525041128,-0.3923632570780983,-0.73438855160451,-0.5833846785787636,-0.48448588876052157,-3.0607981517474805,-0.5475711010727098,-0.36677907813331917,Engineering & Construction,Industrials,DRTT
2021Q2,2021,Q2,2021-08-04,2021-06-30,-9738000.0,41102000.0,-12118000.0,-0.11,9224000.0,0.2244173032942436,203523000.0,97102000.0,103878000.0,36670000.0,106421000.0,16753000.0,-79844000.0,450647148.24000007,471276148.24000007,1.1457192750613554,2.8327788382874286,0.3879414120271419,0.8131140450248192,-0.05903658763261209,1.1457192750613554,-0.10028629688368931,10.964117275071775,-11.569294214417747,4.640966697287389,0.0,1.902823374917925,0.0,0.20195260486529779,2.188273793291519,-0.04784717206409104,-71.03517469104666,0.2244173032942436,0.26666666666666666,-7.625445621768627,-0.13341338579635048,-0.26434365289305567,1.7370919881305638,0.2208976718137451,0.23627654881199975,-17.38389306554454,-0.3330406512751287,-0.2830837622677174,Engineering & Construction,Industrials,DRTT
2021Q1,2021,Q1,2021-03-31,2021-03-31,-12499000.0,29465000.0,-15867000.0,-0.15,3370000.0,0.11437298489733583,198688000.0,105433000.0,99838000.0,29334000.0,93255000.0,15912000.0,-69764000.0,328284018.23399997,339660018.23399997,1.2450608755210733,3.4034908297538693,0.3524722177484297,0.6642322612464788,-0.07588108184043993,1.2450608755210733,-0.11854922083218726,11.141490522110978,-6.566205661132891,3.113674259804805,0.0,1.639957264957265,0.0,0.14829783378966016,2.6557919138201402,-0.06290767434369464,-20.900491388170877,0.11437298489733583,-1.9999999999999998,-45.0097080418191,-0.31728880822583033,-0.19902231875916696,-0.7079722703639515,-1.9916227860220201,-1.3899683687302304,-5.508044443017935,-0.5312123857799491,-0.21862943146937297,Engineering & Construction,Industrials,DRTT
2020Q4,2020,Q4,2020-12-31,2020-12-31,-4178000.0,42192000.0,-6639000.0,-0.05,11540000.0,0.2735115661736822,183144000.0,116531000.0,84845000.0,31349000.0,66613000.0,15978000.0,-57265000.0,263165777.52400002,258570777.52400002,1.394578745811393,2.706465915978181,0.22523806403704189,0.3539916417090731,-0.03369365381840959,1.394578745811393,-0.03585312062884554,6.237338299298446,-15.7471145,2.258332782898971,0.0,1.9183877832019025,0.0,0.2303760974970515,2.0670196816485373,-0.022812650155069236,-54.54213005678757,0.2735115661736822,-1.5,-1.6376778685957643,-0.03944702674779223,-0.08051534427599076,-0.2881815938810757,-1.0134939759036146,-1.5109682299546143,0.27212710095138914,-0.24632783339732117,-0.11711135969019765,Engineering & Construction,Industrials,DRTT
2020Q3,2020,Q3,2020-09-30,2020-09-30,-2075000.0,46179000.0,-2644000.0,-0.02,16212000.0,0.351068667576171,183492000.0,117102000.0,92563000.0,35895000.0,66390000.0,16867000.0,-53087000.0,177932597.88239998,162961597.88239998,1.382860381903851,2.5787156985652597,0.19471693588821312,0.30511007497737014,0.02272569094811659,1.382860381903851,-0.01771959488309337,3.85310634449425,-21.43766239546988,1.5194667715530048,0.0,1.7766644927965851,0.0,0.25166764763586424,1.9915865719459536,-0.011308394916399626,78.76609025338644,0.351068667576171,-7.013229104028864,-1.5067852429750326,-0.010430560019190351,-0.007815546431203971,0.14040517726505347,-8.332155477031803,0.09234466186062479,-1.6156871033289013,-0.31850003818393724,-0.16483176474056913,Engineering & Construction,Industrials,DRTT
2020Q2,2020,Q2,2020-06-30,2020-06-30,283000.0,42155000.0,-2913000.0,0.003326,14216000.0,0.33723164511920295,167823000.0,116987000.0,87129000.0,34921000.0,50836000.0,17651000.0,-51012000.0,139381792.803,113529792.803,1.3815023440913545,2.4950316428510066,0.11186786078189521,0.1604793695025943,-0.013107071074521814,1.3815023440913545,0.0024190722046039306,3.306411880037955,123.12879222879859,1.1914297554685565,0.0,1.5828564953826978,0.0,0.25118726277089554,1.8873170871395435,0.0016863004474952778,-45.31267646391417,0.33723164511920295,1.0554333333333332,1.242649901365234,-0.06811529991604015,-0.07814510679276021,0.2563853292090146,1.0531156156156156,0.6790436315557514,1.1284521274443595,-0.213663277773231,-0.12893158542947883,Engineering & Construction,Industrials,DRTT
2020Q1,2020,Q1,2020-03-31,2020-03-31,-5328000.0,40981000.0,-9076000.0,-0.06,11315000.0,0.27610356018642784,164264000.0,113554000.0,87184000.0,36217000.0,50710000.0,16526000.0,-51295000.0,122432568.8652,98466568.8652,1.3409619631322256,2.407267305409062,0.11867481614961282,0.17167162759568136,-0.04764161450356784,1.3409619631322256,-0.04692040791165437,2.9875446881530463,-5.744771436993243,1.0781880767317753,0.0,1.7951107346000241,0.0,0.2494825403009789,1.8396057100256786,-0.03243559148687479,-35.92504954964789,0.27610356018642784,0.3333333333333333,-2.308364752693567,-0.1690251835464023,0.23065493532251666,-0.1596732268845154,0.29374337221633084,0.07245784363822176,-4.109448467614395,-0.15732679843140845,-0.16108421833583245,Engineering & Construction,Industrials,DRTT
2019Q4,2019,Q4,2019-12-31,2019-12-31,-7544000.0,53198000.0,-9785000.0,-0.09,13465000.0,0.25311101921124857,175563000.0,124987000.0,93021000.0,34425000.0,50576000.0,17566000.0,-45967000.0,362368377.68820924,336597377.68820924,1.4910962393719414,2.7021350762527234,0.12191065315584719,0.1712418091481514,-0.04316475257072983,1.4910962393719414,-0.060358277260835126,6.811691749468198,-12.008496079275226,2.8992485433541826,0.0,2.2619264488215873,0.0,0.30301373296195666,2.0948438634713145,-0.042970329739181946,-34.80964242922279,0.25311101921124857,-2.2857142857142856,-2.1461546451220967,0.0074195346927753555,0.30370952101113,-0.459974332237106,-2.3002412961047916,-2.333469610248024,-3.3927397539369997,-0.025714926915391068,-0.0677268569045049,Engineering & Construction,Industrials,DRTT
2019Q3,2019,Q3,2019-09-30,2019-09-30,5802000.0,65385000.0,7338000.0,0.07,24934000.0,0.38134128622772806,185767000.0,129249000.0,107427000.0,39264000.0,56518000.0,18996000.0,-38423000.0,505719166.04999995,471345166.04999995,1.5263046019768307,2.736017726161369,0.11987059057852041,0.17228759990406114,0.03156642941914496,1.5263046019768307,0.044890095861476687,7.734482924982793,21.79072587254395,3.912751093238632,0.0,2.129448304906296,0.0,0.35197317069231887,2.1437958435207825,0.03123267318737989,-201.32132406449043,0.38134128622772806,2.0631892175739543,2.7242749075303636,0.3728899016660772,0.5011976728056193,-0.07663313963328687,1.5525689008038983,0.505207250000063,0.8934303990690452,0.20185678596462925,-0.03427165622691283,Engineering & Construction,Industrials,DRTT
2019Q2,2019,Q2,2019-06-30,2019-06-30,2273004.265692,65186624.00975,4875076.173065,0.022852,27003351.614869,0.4142468186545462,185657373.552712,124406611.82206,107832876.294942,42302711.761121,61250761.730652,18653260.207191,-36123552.711761,561464344.1625,524772540.38431704,1.4694677811750394,2.549077158548677,0.11774866553700994,0.17572143202650573,0.01585278397692146,1.4694677811750394,0.01827076738447873,8.6131833438486,61.753551526174356,4.513139100400612,0.0,2.047002613524954,0.0,0.35111249697412183,2.0554245070676265,0.012243005608644176,110.75738407460507,0.4142468186545462,1.3390202652582857,1.9668555556272993,0.3496899268932283,0.4904585569100429,0.05692478164259737,1.3883448874666755,1.9535894676642316,3.015480421351877,0.37585945527730386,-0.05646756267351332,Engineering & Construction,Industrials,DRTT
2019Q1,2019,Q1,2019-03-31,2019-03-31,-5853055.721989,64657729.179149,-5112342.720192,-0.067406,25548981.426003,0.3951419536435267,191568304.373877,121354104.254044,116759286.998203,50611893.349311,70214200.119832,18461653.684841,-37752396.644697,717423260.842623,686306574.203917,1.4334121290091542,2.3069535492845277,0.11999280637417685,0.18941937395082364,-0.03040889950495312,1.4334121290091542,-0.048231213587437885,11.095707658628685,-30.643107417693713,5.91181703538235,0.0,2.1183772819473092,0.0,0.33751788632507196,1.804238128357277,-0.030553361847196817,106.96856927717742,0.3951419536435267,-3.1956351791530944,-74.21111110788483,0.4354960128721656,0.5660086403073984,0.03226374459944668,-3.244025775632292,-37.672617376163664,-21.613819176122156,0.4984891708307703,-0.07785141599945372,Engineering & Construction,Industrials,DRTT
2018Q4,2018,Q4,2018-12-31,2018-12-31,2608283.641635,62169523.829969,139404.904421,0.0307,24750439.565148994,0.39811209802475556,178452750.673627,125202822.257953,118341005.70472,47853571.507236,53249928.415674,18679471.083603,-31270970.536625,517939129.41246,470076013.32838,1.482093614332339,2.4729816809352574,0.031572711040164805,0.04500087961062801,0.0011726768083208578,1.482093614332339,0.020832466829391452,8.331077632651676,49.643673826803436,4.136800753144045,0.0,2.003219689537505,0.0,0.348380866057207,2.0362238792230354,0.014616102199541329,31.62544608464068,0.39811209802475556,1.661082279980189,1.1296602960445357,-0.0020687752795724625,-0.09753692154219806,-0.23818812124622563,1.6924036465644432,1.031000435552667,-0.6062254215251477,0.4000021350511228,-0.02281435105893444,Engineering & Construction,Industrials,DRTT
2018Q3,2018,Q3,2018-09-30,2018-09-30,-3766998.70744,74770319.115177,-4496869.219278,-0.046439,32488912.624515004,0.43451616910272556,173638748.926092,128381359.277405,108001486.056609,40483432.790768,45257389.648687,20317954.195401,-35693222.188683,538819894.7215,504196323.69650805,1.5166138130821618,2.667794665901902,0.04363407817494071,0.059016096943393784,-0.028084124578632935,1.5166138130821618,-0.029342255983598926,7.206334025290117,-35.75923013042886,4.197025937053868,0.0,2.080987390956539,0.0,0.43060848789576583,2.1002772201510482,-0.02169445893118819,-186.08946596609758,0.43451616910272556,-7.107983690648428,-5.3970940509275405,0.7087665139162229,0.0,0.30467521247480717,-7.368067737826296,-4.287538853358747,-1.9203655321247184,0.602839367017346,0.08815081196854876,Engineering & Construction,Industrials,DRTT
2018Q2,2018,Q2,2018-06-30,2018-06-30,591545.012165,61333637.469586,1367852.798054,0.007603,24901916.058394,0.4060074876651872,174093673.965937,134801551.094891,98242092.457421,33912712.895377,39292122.871046,17018704.379562,-31363290.754258,559038060.0,521741831.289537,1.598121530466995,2.896910452446092,0.04744767827818494,0.0612777862384409,0.004388592879361411,1.598121530466995,0.004388265619796859,9.114705780775104,236.2618433523649,4.147118897812057,0.0,2.1406871286243954,0.0,0.35230250515355593,2.3049414824447365,0.00339785472205464,-100.04719778365178,0.4060074876651872,-0.7545360625040357,1.3996475997191966,0.3681718246474187,0.0,-0.09197584659557813,-0.7855342099494442,-0.6537713089112179,1.5091929375781377,0.36117104039098213,0.06640148610809855,Engineering & Construction,Industrials,DRTT
2018Q1,2018,Q1,2018-03-31,2018-03-31,2758225.505455,62527779.713646,3950720.530273,0.030974,27424288.181135,0.4385936667946319,175927087.447054,134233899.381296,100793706.104181,35680380.359452,41693188.065758,17181994.87382,-32543498.966246,416880635.1359999,374909456.3469249,1.5934320099391754,2.824905594860902,0.05154185409826065,0.06755080732156299,0.01867664582152459,1.5934320099391754,0.02054790569422531,6.66712678820771,37.78522045346967,3.1056285860536326,0.0,2.0430393438190215,0.0,0.3554187170435821,2.232800902816961,0.01567823093919576,-41.36487291747895,0.4385936667946319,1.450858806404658,1.500820152572905,0.7106087404605028,0.0,0.2095687834124976,1.4741760282680123,1.6369368191441664,-0.31914959725768277,0.27448763785216174,0.46235689083386977,Engineering & Construction,Industrials,DRTT
2017Q4,2017,Q4,2017-12-31,2017-12-31,-5816880.949317,56731585.991295,-6202688.259695,-0.0687,22672781.041657,0.39965004759669426,181022664.015905,133755864.811133,103872763.419483,40662425.447316,47266799.204771,19321669.980119,-36253677.932406,552239446.148208,499063303.00705403,1.5795635849636036,2.5545146969667383,0.056107118381975726,0.07593431550909925,-0.040165396505527105,1.5795635849636036,-0.04348879174405248,9.734250091879057,-23.734345388874182,4.128712015192646,0.0,1.7627257366823235,0.0,0.3133949348260086,2.0294917176774354,-0.032133440201752406,71.0826660524179,0.39965004759669426,-2.704503163379233,0.7115270282285516,-0.09152965057766142,-0.03818638598732453,-0.2167785618443676,-2.7267325494270893,-2.278176223720773,-1.8748128687955978,0.06346557517657808,0.38105913648263856,Engineering & Construction,Industrials,DRTT
2017Q3,2017,Q3,2017-09-30,2017-09-30,3368721.433581,67730727.995292,4852764.544187,0.040305,28948110.888087995,0.4273999666753943,178417289.384376,140151386.907209,106192514.489775,29711494.28067,38265902.477167,17079796.538576,-30852135.780674,464534689.36903656,418929182.04555357,1.6557866110344688,3.574122307233224,0.0636283953517799,0.0810010238004863,0.021950815827409088,1.6557866110344688,0.024036304655417735,6.858551548439383,34.47410972738322,3.3145208165267332,0.0,2.270672078535043,0.0,0.37961975674552073,2.9154050680992434,0.01888113783818083,-10290.521753596402,0.4273999666753943,2.7473013395760173,6.721188981371982,0.548007866331068,0.0,0.2605047240060062,2.522844750662938,3.0645441464139567,1.1633264036740523,0.4227751483656778,0.6285497691144222,Engineering & Construction,Industrials,DRTT
2017Q2,2017,Q2,2017-06-30,2017-06-30,-2212124.00812,53827581.964692,-2350525.927293,-0.023067,22965491.788152996,0.42664914435905976,170197453.404687,134849603.247832,100718921.08015,26227932.582887,35347850.156856,16349111.152119,-30262348.526788,580356854.0615228,532787345.5421148,1.5859860385047964,3.840139544428534,0.07263092269326268,0.09166951761887916,-0.014714013574123346,1.5859860385047964,-0.016404379062609994,10.781774563869613,-65.58819170299883,4.303734234908498,0.0,1.8876922353383707,0.0,0.31626549568108675,3.1433848318724804,-0.012997397809825756,-101.53200297529071,0.42664914435905976,-0.5381076215243049,-0.4826329754994227,0.19119144433442017,0.0,0.13493868959960054,-1.114727121684206,-2.1408961584349036,0.06307700866549835,0.10972014190528763,0.6086412322283907,Engineering & Construction,Industrials,DRTT
2017Q1,2017,Q1,2017-03-31,2017-03-31,-1046056.479551,48785224.733424,-748361.553113,-0.014997,20235006.523793,0.41477735593845655,173241950.239206,135784129.935962,108189984.852802,27548403.545344,37457820.303244,15573868.834266,-25514779.765743,596294614.4971725,542129135.1108595,1.5984464620180858,3.9272687680331066,0.07766889435229825,0.09909487019477782,-0.0066117406973552825,1.5984464620180858,-0.007703819879718914,12.222852672207448,-142.5101383514972,4.391489747575028,0.0,1.8332129616254456,0.0,0.28160168288375415,3.266889868800678,-0.00603812458879991,-350.6201816583417,0.41477735593845655,-1.4031451612903225,0.8116416359177258,0.32356032063445395,0.0,-0.1523364617059487,-1.3285524899348145,-1.1701941013459962,-12.39636447170759,0.07944949512670754,0.7463093271852231,Engineering & Construction,Industrials,DRTT
2016Q4,2016,Q4,2016-12-31,2016-12-31,3183833.669191,55138305.190719,4397106.287436,0.0372,23871507.514074,0.43293872438596653,173594970.612306,135383528.011309,110937430.250725,27171341.418049,38211442.600997,15937058.254594,-23837512.089874,519547221.11250883,463901063.8325448,1.599419923672739,4.082883820267814,0.08040149317058946,0.10309448312624933,0.020917969034026734,1.599419923672739,0.02351714212178785,9.422618619042359,40.79572577393183,3.837595523948153,0.0,1.9618926640763243,0.0,0.31762616737244515,3.4399934284384854,0.018340587045586335,2556.16052890954,0.43293872438596653,-0.021824875098606478,1.1579565789588795,-0.11669306465342505,-0.026095643280481577,0.013893216092034047,0.03895391327102328,-0.023298616082689107,1.1579565789588795,-0.11669306465342505,-0.026095643280481577,Engineering & Construction,Industrials,DRTT
2016Q3,2016,Q3,2016-09-30,2016-09-30,3064460.92413,54406541.167522,4501996.577296,0.03803,23544400.076059997,0.43274943730690296,169327248.526336,133843696.520251,106134246.054383,26779235.596121,35483552.006085,14317550.865183,-27674462.825632,420032730.6131012,363500310.0008172,1.5804699238851994,3.96330379459213,0.06170072274652269,0.07805831642713365,0.02057074248123544,1.5804699238851994,0.022895818060930027,7.720261600894413,34.26644530737069,3.1382331894094753,0.0,2.1555461113472734,0.0,0.3213100173836462,3.364803453760498,0.018097860508572396,-65.99402874923567,0.43274943730690296,3.460055631023999,6.201835667007901,0.24285333820851002,0.0,0.11469513413127516,3.719299214280319,27.96570894345067,6.201835667007901,0.24285333820851002,0.0,Engineering & Construction,Industrials,DRTT
2016Q2,2016,Q2,2016-06-30,2016-06-30,-1126930.39002,47343443.243828,-166952.650373,-0.015459,21121829.059035998,0.4461405341866337,163138246.069656,131753466.586282,100584334.276307,23265933.930034,31384779.483374,14527972.298227,-31237150.056424,460018806.42974406,396548973.84615207,1.5574109834938992,4.323245074914558,0.05569848151043788,0.06896632641089141,-0.0036694743747771956,1.5574109834938992,-0.008553326293559054,9.71663180602554,-102.05129138934215,3.491511975728468,0.0,1.8049052989997854,0.0,0.2902044393907086,3.6373874622106492,-0.006907824603795412,96.94789564793977,0.4461405341866337,-5.673216444981861,0.24087591240784395,0.05299917417847216,0.0,0.1392412113268021,-4.9750019659327265,-1.2355556720544698,0.24087591240784395,0.05299917417847216,0.0,Engineering & Construction,Industrials,DRTT
2016Q1,2016,Q1,2016-03-31,2016-03-31,283504.36042,43082647.684201,708760.901051,0.003308,18540260.700749002,0.43034171986481623,154404332.686204,131398107.916551,95373794.336076,18593417.768328,23006224.769653,14498782.780192,-30011401.8058,450819404.7667004,392271902.37848437,1.5544264274533712,5.129438574683972,0.03755058052219443,0.04412523452157475,0.0056079762861632725,1.5544264274533712,0.002157598499059434,10.46405987095408,397.5418615244842,3.430942894954082,0.0,1.6927205100956064,0.0,0.2790248624159912,4.241557903459611,0.001836116613360624,-97.15783167247477,0.43034171986481623,-0.956870925684485,1.0513004881471228,0.1745994499086893,0.0,-0.009896716738334718,-0.9554553986082432,-0.8609226988547556,1.0513004881471228,0.1745994499086893,0.0,Engineering & Construction,Industrials,DRTT
2015Q4,2015,Q4,2015-12-31,2015-12-31,6364505.497011,42668400.867092,5096165.191693,0.0767,18725582.486376997,0.4388630017962333,152952028.190734,123110348.85313,99598613.523193,24756249.59465,29841679.337604,15579127.903206,-28337741.13815,567499682.227968,508232843.09242594,1.5166960504776352,4.0231705187168965,0.04316136631331008,0.05362358712003729,0.04772521958298024,1.5166960504776352,0.051697566908886126,13.300233209950273,22.291585830764316,4.609682999964464,0.0,1.536852289131528,0.0,0.27896590435455826,3.346888280840683,0.041611121946512175,-785.1113220446113,0.4388630017962333,0.7161524176045468,1.3292754360800267,-0.28719306939914996,-0.07646711816146429,-0.0956834962422351,0.5689218930842843,0.0934316397392214,1.3292754360800267,-0.28719306939914996,-0.07646711816146429,Engineering & Construction,Industrials,DRTT
2015Q3,2015,Q3,2015-09-30,2015-09-30,4056610.800745,46234636.871508,4660707.635009,0.044693,20706890.130353004,0.4478653133558746,147564245.810056,116934078.212291,99959776.536313,25254376.163873,30630167.597765,12553445.065177,-36090130.353818,476382836.085156,415263283.012531,1.393753325734776,3.9581170363379594,0.05180586052851321,0.0653760892829911,0.030090724319446295,1.393753325734776,0.03469143352188847,10.3035920322914,29.358426250656578,4.073943570327672,0.0,2.033525188393778,0.0,0.31331869463163187,3.404583529967032,0.02749047222432628,2190.219032348425,0.4478653133558746,3.7738952333664346,7.950601503034853,0.06608718819777441,0.0,0.2003768639475526,4.694432540773282,6.115281162169526,7.950601503034853,0.06608718819777441,0.0,Engineering & Construction,Industrials,DRTT
2015Q2,2015,Q2,2015-06-30,2015-06-30,-1098033.529094,42588877.879015,-911134.204993,-0.016112,17250324.254215,0.4050429387507959,150992902.659287,119477004.132731,102778516.244935,25699462.664443,31515898.526557,12700292.432994,-43419452.030516,538819094.4350297,472902441.86637276,1.498611499782735,3.999247672486797,0.05785123966942121,0.0731113628394955,-0.00866377740139275,1.498611499782735,-0.009190333630010993,12.651638673498002,-122.67819701271223,4.509814238700173,0.0,1.9951157627656786,0.0,0.28205880626797475,3.4483245039340478,-0.007272087030287077,118.82066621302158,0.4050429387507959,-1.3404471115243206,0.21513522630531562,0.00514320687753224,0.0,-0.08113267974060832,-1.2973274045675716,-1.3096879209356744,0.21513522630531562,0.00514320687753224,0.0,Engineering & Construction,Industrials,DRTT
2015Q1,2015,Q1,2015-03-31,2015-03-31,3693011.516012,44723931.219435,2942104.432876,0.047326,18773465.846348,0.41976331987090393,110423568.386181,83678024.925067,66473418.520271,20404637.955513,26745543.461114,12283483.199243,-41437135.194826,495708941.30933756,469782927.74252856,1.089632783848383,3.2577602535854338,0.08543162255794823,0.11273765871407422,0.03016718767323464,1.089632783848383,0.044133588469840945,11.083751535104875,33.55722959162625,5.924003843939206,0.0,2.112630835420222,0.0,0.4050216079145654,2.544164830492178,0.0334440515732705,372.75195479941783,0.41976331987090393,-0.381359477124183,1.7355803133195051,0.3421932780323526,0.0,-0.049516809146247925,-0.3481702983058004,-0.4786630873227511,1.7355803133195051,0.3421932780323526,0.0,Engineering & Construction,Industrials,DRTT
2014Q4,2014,Q4,2014-12-31,2014-12-31,5665607.913253,45454092.594599,5643384.07915,0.0765,19751496.951235,0.4345372621866383,118384645.865996,82522440.259807,73403338.903916,29957962.200438,35862205.606189,13005013.524456,-49287597.126268,260578494.909579,234749368.227637,1.1437334892020103,2.450211346579602,0.07168844776901676,0.1028424689708497,0.057638657757785594,1.1437334892020103,0.0686553608378019,5.7327840032723865,11.498258390773623,3.157668315299386,0.0,1.9763605470328907,0.0,0.3839526001205442,1.9628202547660365,0.04785762437188107,34.137265562714674,0.4345372621866383,3.2694497153700186,1.3297539188793652,-0.14574540951032106,-0.30356811768228975,0.1515396117539548,3.144061756628654,3.8416851971316746,1.3297539188793652,-0.14574540951032106,-0.30356811768228975,Engineering & Construction,Industrials,DRTT
2014Q3,2014,Q3,2014-09-30,2014-09-30,1367163.002383,41795230.16001,1165582.612123,0.017918,17152251.428981002,0.410387773038092,99223243.562866,75556809.833539,55344120.123994,19748606.855525,23666433.729327,10070060.384526,-57131466.250963,253551838.4587297,236937134.73710772,1.0167245990491636,2.802431610942246,0.05827486884994333,0.0765281318551028,0.013840172741606606,1.0167245990491636,0.018094504061182962,6.066525713293716,46.36459551947763,3.355777447689173,0.0,2.4471530249109774,0.0,0.42122418759198615,2.1253459148029203,0.013778656626124009,-87.16029906093598,0.410387773038092,1.6372203847932003,3.6446258741424726,0.08802003472526443,0.0,0.09198982736995323,1.7097871219526233,1.7875544224493298,3.6446258741424726,0.08802003472526443,0.0,Engineering & Construction,Industrials,DRTT
2014Q2,2014,Q2,2014-06-30,2014-06-30,-1926159.210415,39571089.803072,-1480002.624451,-0.028119,15707336.276467,0.3969396939693989,102414494.465221,68387556.355388,58462446.925175,24735446.01599,34026938.109833,9100282.128429,-61201248.488598,242598508.80650058,229208187.40504357,0.9859165653163006,2.3635089048882523,0.11053859881938316,0.1655382253775921,-0.01680911496430142,0.9859165653163006,-0.028165346344667937,6.130700721506717,-31.4873385718504,3.5474071853919535,0.0,2.622309197651727,0.0,0.3863817324852389,1.8659719590754542,-0.01880748638630546,-67.91548755196476,0.3969396939693989,-29.597388465723615,-0.5824491331861135,0.07341607974173903,0.0,0.015949407447684645,-29.41625525723862,-2.639243788593343,-0.5824491331861135,0.07341607974173903,0.0,Engineering & Construction,Industrials,DRTT
2014Q1,2014,Q1,2014-03-31,2014-03-31,-63326.638803,36652553.872876,902856.936076,-0.000919,15460746.530605003,0.4218190793533332,95106660.15307,63058857.587436,53800502.994445,17212180.426641,32047802.565634,8479436.935714,-57211094.827118,220084817.0625825,209115738.5556435,0.9153283654474497,3.1257226952590287,0.1730921058889545,0.2610610581889129,-0.003548025619740685,0.9153283654474497,-0.001004246528177151,6.00462433875452,-868.8476967301015,3.490149131823675,0.0,2.4991998292969875,0.0,0.38538367148930813,2.5286975717439013,-0.0006658486240719478,-75.71657487851056,0.4218190793533332,0.9961708333333333,0.9859395909629006,0.22614381368448577,0.0,0.4576332502185373,0.9932211660639394,1.329805745552692,0.9859395909629006,0.22614381368448577,0.0,Engineering & Construction,Industrials,DRTT
2013Q4,2013,Q4,2013-12-31,2013-12-31,-9341818.873321,28930808.005143,-2737541.562725,-0.24,10606746.606725,0.36662462399389084,102267156.287273,64427059.364933,60081519.952666,22654657.813424,37840096.92234,10683997.483025,-59327366.473511,100740864.08467126,85360077.62374426,1.6422761769545788,2.652060359837558,0.1652661836148009,0.2623323615160249,-0.03722408012742394,1.6422761769545788,-0.14499837436947585,3.4821310233285794,-2.695964925320214,1.5636421261142255,0.0,1.715094132840421,0.0,0.28289442139053,2.1365972970732896,-0.09134720483553306,-31.894011565795072,0.36662462399389084,-33.50258769407706,0.0,0.0,0.0,-0.22994526957805983,-18.50776014847654,-26.686207110561853,0.0,0.0,0.0,Engineering & Construction,Industrials,DRTT
2013Q3,2013,Q3,2013-09-30,2013-09-30,-478877.06237,35584249.403827,-98877.450125,-0.006956,13774016.557125997,0.387081835022341,,,,,,,,171961064.2729159,,,0.0,0.0,0.0,0.0,,0.0,4.832505031128236,-89.77307423217724,0.0,0.0,0.0,0.0,0.0,0.0,0.0,-34.90586278682533,0.387081835022341,0.6036015500341919,0.0,0.0,0.0,-0.13955534876532322,0.6035756963469094,-1.060591087899548,0.0,0.0,0.0,Engineering & Construction,Industrials,DRTT
2013Q2,2013,Q2,2013-06-30,2013-06-30,-1207991.180049,36585690.389294,1631881.082725,-0.017548,16008021.593673997,0.43754870888970276,,,,,,,,174725647.46416363,,,0.0,0.0,0.0,0.0,,0.0,4.775791999685573,-36.16037317778184,0.0,0.0,0.0,0.0,0.0,0.0,0.0,107.25748963586442,0.43754870888970276,0.7315834557023985,0.0,0.0,0.0,0.6893850814731511,0.7315853622754175,1.5676435581601866,0.0,0.0,0.0,Engineering & Construction,Industrials,DRTT
2013Q1,2013,Q1,2013-03-31,2013-03-31,-4500466.853408,29869772.470392,-2874834.144184,-0.065376,9475649.909086999,0.31723207528546143,,,,,,,,168754280.76364535,,,0.0,0.0,0.0,0.0,,0.0,5.649667433219342,-9.374265285158991,0.0,0.0,0.0,0.0,0.0,0.0,0.0,-61.08112520916388,0.31723207528546143,0.0,0.0,0.0,0.0,0.0,0.0,0.0,0.0,0.0,0.0,Engineering & Construction,Industrials,DRTT
