Quarters,Year,Quarter,FillingDate,Date,NetIncome,Revenue,OperatingIncome,EPSDiluted,GrossProfit,GrossProfitRatio,TotalAssets,CommonStockEquity,CurrentAssets,CurrentLiability,TotalLiability,Inventory,RetainedEarnings,MarketCap,EnterpriseValue,bookValuePerShare,currentRatio,debtToAssets,debtToEquity,roic,shareholdersEquityPerShare,roe,priceToSalesRatio,peRatio,pbRatio,payoutRatio,inventoryTurnover,dividendYield,assetTurnover,quickRatio,returnOnAssets,priceToFreeCashFlowsRatio,grossProfitMargin,epsdilutedGrowth,fiveYNetIncomeGrowthPerShare,fiveYRevenueGrowthPerShare,fiveYShareholdersEquityGrowthPerShare,grossProfitGrowth,netIncomeGrowth,operatingIncomeGrowth,threeYNetIncomeGrowthPerShare,threeYRevenueGrowthPerShare,threeYShareholdersEquityGrowthPerShare,Industry,Sector,Symbol
2023Q1,2023,Q1,2023-04-19,2023-03-31,48400000.0,251500000.0,75000000.0,0.12,96300000.0,0.3829025845,3736000000.0,2769100000.0,475200000.0,192400000.0,966900000.0,251800000.0,-1010000000.0,4818130800.0,4684330800.0,7.028886181338207,2.4698544698544698,0.0,0.0,0.018156443721876896,7.028886181338207,0.017478603156260156,19.15757773359841,24.88703925619835,1.7399627315734356,0.19008264462809918,0.6163621922160445,0.0019094541808620058,0.06731798715203426,1.091995841995842,0.012955032119914348,458.8696,0.38290258449304176,0.1999999999999999,78.70307307002402,0.43556174549973803,0.02094184918490323,0.2267515923566879,0.1921182266009852,0.42585551330798477,4.908800200094599,0.41225583616165434,0.0349115268035197,Gold,Basic Materials,AGI
2022Q4,2022,Q4,2022-12-31,2022-12-31,40600000.0,231900000.0,52600000.0,0.1,78500000.0,0.3385079776,3674200000.0,2721100000.0,441000000.0,181900000.0,953100000.0,234200000.0,-1048600000.0,3973573740.0,3844173740.0,6.9233196110260184,2.4244090159428255,0.00010886723640520386,0.00014699937525265518,0.014916051287703442,6.9233196110260184,0.0149204365881445,17.13485873221216,24.467818596059114,1.460282143250891,0.21674876847290642,0.6549957301451751,0.0022146311043418562,0.06311578030591694,1.0203408466190214,0.01105002449512819,227.06135657142858,0.3385079775765416,28.777777777777782,8.410666761654207,0.23032496832146293,-0.12934840377199358,0.7252747252747253,30.0,0.7591973244147158,0.06381881251468,0.2414036945338555,0.005223470448014417,Gold,Basic Materials,AGI
2022Q3,2022,Q3,2022-09-30,2022-09-30,-1400000.0,213600000.0,29900000.0,-0.0036,45500000.0,0.2130149813,3599300000.0,2674100000.0,404500000.0,168600000.0,925200000.0,210600000.0,-1079300000.0,2903193540.0,2786493540.0,6.825270422722145,2.3991696322657177,0.0,0.0,-0.00046176592482966906,6.825270422722145,-0.0005235406304925021,13.591730056179776,-518.4274178571429,1.0856712688381138,-6.214285714285714,0.7981956315289649,0.0029966999719901553,0.059344872614119415,1.0551601423487544,-0.0003889645208790598,2073.7096714285713,0.21301498127340823,-1.18,-1.0372775262283525,0.2717358726066496,-0.0013446732414420432,0.15776081424936386,-1.21875,0.16342412451361868,-1.078853585256336,0.23160921610482776,0.003199687748291795,Gold,Basic Materials,AGI
2022Q2,2022,Q2,2022-06-30,2022-06-30,6400000.0,191200000.0,25700000.0,0.02,39300000.0,0.2055439331,3585800000.0,2700100000.0,416300000.0,156000000.0,885700000.0,217300000.0,-1068100000.0,2750162220.0,2628662220.0,6.892212343750399,2.6685897435897434,0.0,0.0,0.002017094780154083,6.892212343750399,0.002370282582126588,14.383693619246863,107.42821171874999,1.0185408762638422,1.390625,0.699033594109526,0.003236172737475828,0.053321434547381336,1.1378205128205128,0.0017848178927993754,410.4719731343284,0.2055439330543933,1.9216589861751152,1.036540986298619,0.11210958657738766,0.023463430074616813,-0.19795918367346937,1.7529411764705882,0.02390438247011952,-0.7305738854357718,0.13003499151403397,0.01762949205638731,Gold,Basic Materials,AGI
2022Q1,2022,Q1,2022-03-31,2022-03-31,-8500000.0,184500000.0,25100000.0,-0.0217,49000000.0,0.2655826558,3577400000.0,2720200000.0,474200000.0,149300000.0,857200000.0,213100000.0,-1067000000.0,3299907460.0,3175707460.0,6.9408261527430835,3.1761553918285332,0.0,0.0,0.0054847365706861325,6.9408261527430835,-0.003124770237482538,17.8856772899729,-97.05610176470587,1.2131120726417175,-1.0235294117647058,0.6358517128108869,0.00263643756846442,0.051573768658802484,1.2243804420629605,-0.0023760272823838543,-80.88008480392156,0.26558265582655827,-1.2912751677852348,-62.75753292184746,0.10785268099959697,-0.014909851297768248,-0.2426584234930448,-1.2881355932203389,-0.4959839357429719,-1.503140623532458,0.17536622579885197,0.0351610594823686,Gold,Basic Materials,AGI
2021Q4,2021,Q4,2021-12-31,2021-12-31,29500000.0,203100000.0,49800000.0,0.0745,64700000.0,0.3185622846,3621500000.0,2735600000.0,459400000.0,157400000.0,885900000.0,199000000.0,-1048700000.0,3020185980.0,2848085980.0,6.965386946137668,2.918678526048285,0.0001104514703851995,0.00014622020763269483,0.012313606975749293,6.965386946137668,0.010783740312911244,14.870438109305761,25.594796440677968,1.1040305527123848,0.29152542372881357,0.6954773869346733,0.0028475067618186876,0.05608173408808505,1.5006353240152477,0.008145795940908463,-97.74064660194175,0.3185622845888725,0.24166666666666667,2.038264800237197,0.11386306498125594,0.1273047642030287,-0.05547445255474453,0.1752988047808765,-0.13089005235602094,1.410274144634106,0.23826653761877767,0.04532998422341972,Gold,Basic Materials,AGI
2021Q3,2021,Q3,2021-09-30,2021-09-30,25100000.0,198000000.0,57300000.0,0.06,68500000.0,0.345959596,3549400000.0,2722100000.0,485600000.0,144800000.0,827300000.0,185700000.0,-1070100000.0,2827742400.0,2616342400.0,6.93101323515183,3.3535911602209945,0.0,0.0,0.009384602304288761,6.93101323515183,0.009220822159362258,14.281527272727272,28.164764940239046,1.0388091546967415,0.3466135458167331,0.6973613354873451,0.0030766593166336505,0.055784076181889894,1.8694751381215469,0.007071617738209275,-415.8444705882353,0.34595959595959597,1.1363636363636365,2.5545609989085287,0.07159095254734732,0.03970650804924925,0.004398826979472141,1.1455072463768117,0.09980806142034548,2.4604762442293184,0.33976837945377775,0.01141010397397868,Gold,Basic Materials,AGI
2021Q2,2021,Q2,2021-06-30,2021-06-30,-172500000.0,195100000.0,52100000.0,-0.44,68200000.0,0.349564326,3513900000.0,2711000000.0,494000000.0,149800000.0,802900000.0,173400000.0,-1086600000.0,3004606350.0,2770706350.0,6.9024516306437285,3.2977303070761015,0.0,0.0,0.019195744801733142,6.9024516306437285,-0.06362965695315381,15.400340082009226,-4.354501956521739,1.1083018627812615,-0.049855072463768114,0.7318339100346021,0.0028622717914444933,0.055522354079512795,1.9238985313751669,-0.04909075386322889,938.939484375,0.3495643259866735,-4.384615384615385,-8.843453834910882,0.09384221118416444,0.030454399123095062,-0.22587968217934165,-4.369140625,-0.31716906946264745,-18.226229619438698,0.14583649870507925,0.008365128127060596,Gold,Basic Materials,AGI
2021Q1,2021,Q1,2021-03-31,2021-03-31,51200000.0,227400000.0,76300000.0,0.13,88100000.0,0.3874230431,3684400000.0,2891400000.0,498800000.0,136000000.0,793000000.0,156700000.0,-907000000.0,3067580560.0,2829380560.0,7.361447746298144,3.6676470588235293,0.0,0.0,0.01799063055535369,7.361447746298144,0.017707684858546034,13.489800175901495,14.978420703124998,1.060932613958636,0.16796875,0.8889597957881302,0.0028035123550267903,0.06171968298773206,2.1897058823529414,0.01389642818369341,114.89065767790262,0.38742304309586634,-0.3157894736842105,2.5262422862043143,0.4565321469888078,0.09745003368296931,-0.02973568281938326,-0.3342002600780234,-0.06150061500615006,83.56815419815197,0.3019117109415454,0.06924623345555346,Gold,Basic Materials,AGI
2020Q4,2020,Q4,2020-12-31,2020-12-31,76900000.0,226600000.0,81300000.0,0.19,90800000.0,0.40070609,3636500000.0,2851500000.0,473400000.0,146900000.0,785000000.0,148500000.0,-958100000.0,3436790000.0,3216790000.0,7.259863128093366,3.2226004084411164,0.00013749484394335213,0.0001753463089601964,0.025544884563289467,7.259863128093366,0.026968262318078206,15.166769638128862,11.172919375812745,1.2052568823426266,0.09622886866059818,0.9144781144781144,0.0021531720006168547,0.06231266327512718,2.034717494894486,0.021146706998487558,59.255,0.4007060900264784,0.11764705882352934,1.8491509260551342,0.30839979977899573,0.10484068276436315,-0.05219206680584551,0.1325478645066274,-0.07613636363636364,15.04567998044687,0.20299597118518262,-0.08702591011328323,Gold,Basic Materials,AGI
2020Q3,2020,Q3,2020-09-30,2020-09-30,67900000.0,218400000.0,88000000.0,0.17,95800000.0,0.4386446886,3616700000.0,2769600000.0,511100000.0,227600000.0,847100000.0,136100000.0,-1033100000.0,3449581930.0,3275481930.0,7.073371931769135,2.2456063268892796,0.02764951475101612,0.03610629693818602,0.024240296011369473,7.073371931769135,0.024516175621028306,15.794789056776557,12.700964396170841,1.2455162947718084,0.07952871870397643,0.9008082292432035,0.0015654070868813947,0.060386540216219205,1.562829525483304,0.018774020515939946,45.38923592105263,0.43864468864468864,4.666666666666667,2.3142606890225905,0.3628595100273264,0.00392702955117266,2.258503401360544,4.803418803418803,6.2727272727272725,0.8090728174446087,0.3011145473226514,0.034956876476172606,Gold,Basic Materials,AGI
2020Q2,2020,Q2,2020-06-30,2020-06-30,11700000.0,126200000.0,12100000.0,0.03,29400000.0,0.2329635499,3504700000.0,2686200000.0,408700000.0,107300000.0,818500000.0,126200000.0,-1095700000.0,3668292880.0000005,3567492880.0000005,6.868741625668668,3.808946877912395,0.02867577824064827,0.037413446504355595,0.008465485074626865,6.868741625668668,0.0043555952646861735,29.067296988906502,78.3823264957265,1.365606760479488,0.4700854700854701,0.7670364500792393,0.0014993350258335968,0.036008788198704594,2.500465983224604,0.0033383741832396494,-733.658576,0.2329635499207607,1.9554140127388535,1.0208838939576743,0.1851537539967995,0.5667919098374287,-0.48056537102473496,1.951219512195122,-0.7380952380952381,2.729572704538248,-0.2646754149819721,0.019978130952046383,Gold,Basic Materials,AGI
2020Q1,2020,Q1,2020-03-31,2020-03-31,-12300000.0,176900000.0,46200000.0,-0.0314,56600000.0,0.3199547767,3503800000.0,2657900000.0,427600000.0,124200000.0,845900000.0,132000000.0,-1103900000.0,1956705000.0,1842605000.0,6.791774948190964,3.4428341384863126,0.028711684456875393,0.03784943000112871,-0.005085394190537174,6.791774948190964,-0.004627713608487904,11.061079706048615,-39.77042682926829,0.7361845818127093,-0.45528455284552843,0.9113636363636364,0.002861954152516603,0.05048804155488327,2.252012882447665,-0.0035104743421428162,-31.816341463414634,0.31995477671000566,-1.3237113402061857,-2.807169343971825,0.28711047142617363,0.09987345706040497,0.132,-1.3236842105263158,0.11057692307692307,-90.49740507639119,0.06377013760757905,-0.03606423119798599,Gold,Basic Materials,AGI
2019Q4,2019,Q4,2019-12-31,2019-12-31,38000000.0,186000000.0,41600000.0,0.097,50000000.0,0.2688172043,3396500000.0,2695300000.0,394300000.0,127300000.0,701200000.0,126900000.0,-1088500000.0,2355872820.0,2173872820.0,6.887343774355357,3.0974076983503536,0.00023553658177535698,0.0002968129707268208,0.013382522229564776,6.887343774355357,0.014098616109523987,12.665982903225807,15.499163289473683,0.8740670129484659,0.10263157894736842,1.0717100078802206,0.0016554374102418655,0.054762255262770496,1.9450117831893166,0.011187987634329457,480.7903714285714,0.26881720430107525,1.425,4.672890239848468,0.31415639180307875,0.11976684411831381,0.09649122807017543,1.1468926553672316,0.10933333333333334,2.3422138262305094,0.023733278243653944,0.11467395990686548,Gold,Basic Materials,AGI
2019Q3,2019,Q3,2019-09-30,2019-09-30,17700000.0,172900000.0,37500000.0,0.04,45600000.0,0.2637362637,3331100000.0,2657400000.0,377500000.0,123600000.0,673700000.0,123800000.0,-1123800000.0,2265439400.0,2081139400.0,6.803501342830005,3.0542071197411005,0.0,0.0,0.006678454957179406,6.803501342830005,0.006660645743960262,13.102599190283401,31.99773163841808,0.8525022202152479,0.22033898305084745,1.0282714054927302,0.0017215203372908585,0.051904776200054036,1.924757281553398,0.005313560085257123,1415.899625,0.26373626373626374,-0.3333333333333333,3.5787637027246717,0.4634343919305853,0.10411564262870501,0.23243243243243245,-0.25,0.32978723404255317,1.5203938306626077,-0.059103760506175385,0.02057872112939468,Gold,Basic Materials,AGI
2019Q2,2019,Q2,2019-06-30,2019-06-30,23600000.0,168100000.0,28200000.0,0.06,37000000.0,0.2201070791,3298500000.0,2636100000.0,374800000.0,129000000.0,662400000.0,124500000.0,-1137600000.0,2273033120.0,2091833120.0,6.772811123843193,2.9054263565891474,0.0,0.0,0.00931600985521634,6.772811123843193,0.008952619399871022,13.521910291493159,24.078740677966103,0.8622712036720913,0.1652542372881356,1.0530120481927712,0.0017157691041475014,0.050962558738820676,1.824031007751938,0.007154767318478096,1894.1942666666666,0.2201070791195717,0.4999999999999999,9.535082283469334,0.2545770929233683,0.07855666378985365,0.27147766323024053,0.40476190476190477,0.5080213903743316,2.35895051102467,-0.04896094544859692,0.01110060460404527,Gold,Basic Materials,AGI
2019Q1,2019,Q1,2019-03-31,2019-03-31,16800000.0,156100000.0,18700000.0,0.04,29100000.0,0.1864189622,3262500000.0,2613200000.0,363400000.0,111400000.0,649300000.0,117000000.0,-1158200000.0,1917496200.0,1736896200.0,6.7050688288195825,3.2621184919210053,0.0,0.0,0.005835942689764734,6.7050688288195825,0.0064288994336445734,12.283768097373478,28.534169642857144,0.7337732282259298,0.23214285714285715,1.0854700854700854,0.002033902335764733,0.04784674329501916,2.0493716337522443,0.005149425287356322,-175.91708256880733,0.18641896220371557,1.2222222222222223,1.001205162740092,0.2300494558121114,0.07037242106579505,1.6613636363636364,1.234965034965035,1.364522417153996,0.16607639422980902,0.007646152268496285,-0.0004034171491550954,Gold,Basic Materials,AGI
2018Q4,2018,Q4,2018-12-31,2018-12-31,-71500000.0,163100000.0,-51300000.0,-0.18,-44000000.0,-0.2697731453,3265200000.0,2602300000.0,380000000.0,124900000.0,662900000.0,110200000.0,-1184900000.0,1405944000.0,1202544000.0,6.663337942336252,3.042433947157726,0.0007962758789660664,0.0009991161664681244,-0.02222262612860278,6.663337942336252,-0.02747569457787342,8.620134886572655,-4.915888111888112,0.5402697613649464,-0.05454545454545454,1.8793103448275863,0.0027739369420119154,0.049950998407448245,2.0360288230584467,-0.021897586671566827,-99.71234042553192,-0.269773145309626,-9.999999999999998,-3.4254014049642256,-0.01097272978113853,0.04620413758884809,-5.835164835164835,-10.930555555555555,-52.3,0.20595701988389037,-0.05286050752854714,0.01405862780141829,Gold,Basic Materials,AGI
2018Q3,2018,Q3,2018-09-30,2018-09-30,7200000.0,146700000.0,1000000.0,0.02,9100000.0,0.0620313565,3333400000.0,2671600000.0,429300000.0,128800000.0,661800000.0,149900000.0,-1113400000.0,1793328399.9999998,1568528399.9999998,6.852821825606509,3.3330745341614905,0.0,0.0,0.003850020319551687,6.852821825606509,0.0026950142236861806,12.224460804362643,62.26834722222222,0.671256325797275,0.0,0.9179452968645764,0.0,0.04400911981760365,2.032608695652174,0.0021599568008639825,-181.1442828282828,0.06203135650988412,1.8771929824561404,-0.7455171475397891,-0.2484543415478291,0.06872640870835175,-0.5185185185185185,1.8089887640449438,-0.8958333333333334,1.1399693034171028,-0.08057326054127431,-0.027375751510371443,Gold,Basic Materials,AGI
2018Q2,2018,Q2,2018-06-30,2018-06-30,-8900000.0,168900000.0,9600000.0,-0.0228,18900000.0,0.1119005329,3329400000.0,2666900000.0,441200000.0,119400000.0,662500000.0,153300000.0,-1116700000.0,2216835380.0,1981735380.0,6.84519073310712,3.695142378559464,0.0,0.0,-0.0037252554354982315,6.84519073310712,-0.0033372079943004987,13.125135464772054,-62.27065674157304,0.8312405339532791,-0.43820224719101125,0.9784735812133072,0.001759264596363488,0.050729861236258784,2.309045226130653,-0.002673154322100078,243.6082835164835,0.11190053285968028,-16.200000000000003,-1.3299726899157742,-0.29373451157657615,0.09856693256119838,-0.3345070422535211,-15.833333333333334,-0.4810810810810811,0.9840538585905608,0.5921536544173607,0.5614198417140637,Gold,Basic Materials,AGI
2018Q1,2018,Q1,2018-03-31,2018-03-31,600000.0,173100000.0,18500000.0,0.0015,28400000.0,0.1640670133,3327500000.0,2679900000.0,456200000.0,115100000.0,647600000.0,160800000.0,-1107800000.0,2063046200.0,1835046200.0,6.884707671597466,3.9635099913119025,0.001141998497370398,0.0014179633568416731,0.0002647584973166367,6.884707671597466,0.00022388895108026418,11.918233391103408,859.6025833333332,0.7698220829135415,0.0,0.8998756218905473,0.0,0.05202103681442524,2.422241529105126,0.00018031555221637867,282.6090684931507,0.16406701328711729,1.1079136690647482,-0.99248689410516,-0.3470423257182166,0.1126013345541457,0.13147410358565736,1.127659574468085,0.08187134502923976,-0.9113727536312702,0.2662146234773178,0.11492316594311365,Gold,Basic Materials,AGI
2017Q4,2017,Q4,2017-12-31,2017-12-31,-4700000.0,161700000.0,17100000.0,-0.0139,25100000.0,0.1552257267,3313800000.0,2681200000.0,446700000.0,106700000.0,632600000.0,161200000.0,-1117000000.0,2245605480.0,2052305480.0,7.951882981689197,4.186504217432052,0.0022632627195364836,0.002797254960465463,-0.005337815938663931,7.951882981689197,-0.0017529464418916904,13.887479777365492,-119.4471,0.8375374757571237,-0.6382978723404256,0.847394540942928,0.001335942589523784,0.048795944233206594,2.540768509840675,-0.0014183113042428631,238.8942,0.1552257266542981,-1.1544444444444444,-1.0465823701848356,-0.43196230444514544,0.5251286605722559,-0.1099290780141844,-1.1631944444444444,-0.18181818181818182,0.4727478836762361,0.32598999612707713,0.29284310511096295,Gold,Basic Materials,AGI
2017Q3,2017,Q3,2017-09-30,2017-09-30,28800000.0,128800000.0,20900000.0,0.09,28200000.0,0.2189440994,2462600000.0,2053400000.0,370800000.0,96400000.0,409200000.0,142700000.0,-1112300000.0,2031028480.0,1886328480.0,6.834460538928534,3.8464730290456433,0.0017461219848940144,0.002094087854290445,0.013236234191098132,6.834460538928534,0.014025518651991819,15.768854658385093,17.630455555555557,0.9891051329502288,0.0,0.7049754730203224,0.0,0.05230244457077885,2.1109958506224067,0.011694956549987819,390.5824,0.21894409937888198,8.0,-0.5555603175617402,-0.2779316064219479,0.3301868307596152,0.29357798165137616,11.0,0.3227848101265823,6.4548888851451,0.41725913618539,0.10913989866587315,Gold,Basic Materials,AGI
2017Q2,2017,Q2,2017-06-30,2017-06-30,2400000.0,131300000.0,15800000.0,0.01,21800000.0,0.1660319878,2423600000.0,2014800000.0,345900000.0,88200000.0,408800000.0,132700000.0,-1138100000.0,2148177020.0,2019677020.0,6.734204800310172,3.921768707482993,0.002145568575672553,0.0025809013301568394,-0.002536794219962537,6.734204800310172,0.0011911852293031567,16.360830312261996,223.7684395833333,1.0661986400635297,1.25,0.8251695553880934,0.001396532954253463,0.05417560653573197,2.2142857142857144,0.0009902624195411785,-315.90838529411764,0.16603198781416603,32.333333333333336,-0.9611212793201043,-0.3509300223775156,0.3596377107246776,1.0,23.0,3.6470588235294117,0.3937486676407994,0.27479884326732773,0.07240868376360135,Gold,Basic Materials,AGI
2017Q1,2017,Q1,2017-03-31,2017-03-31,100000.0,121000000.0,3400000.0,0.0003,10900000.0,0.0900826446,2748500000.0,2006300000.0,698800000.0,408000000.0,742200000.0,136800000.0,-1140500000.0,2286526440.0,2111526440.0,7.045879163330383,1.7127450980392156,0.1106785519374204,0.15162238947315954,7.744962926684822e-05,7.045879163330383,4.984299456711359e-05,18.896912727272728,5716.316099999999,1.1396732492648158,0.0,0.8048245614035088,0.0,0.04402401309805348,1.3497549019607844,3.6383481899217756e-05,-169.3723288888889,0.09008264462809917,1.0042134831460674,-0.9985826173382036,-0.2806020393674665,0.49261361119395963,0.02830188679245283,1.0048543689320388,-0.02857142857142857,-0.9836961166393804,0.30500978263583683,0.12477812400304449,Gold,Basic Materials,AGI
2016Q4,2016,Q4,2016-12-31,2016-12-31,-20600000.0,132200000.0,3500000.0,-0.0712,10600000.0,0.0801815431,2492200000.0,1759400000.0,454500000.0,99600000.0,732800000.0,131700000.0,-1137600000.0,1947676320.0,2000376320.0,6.178796690406957,4.563253012048193,0.12234170612310409,0.17329771513015801,0.0042594016987982704,6.178796690406957,-0.011708537001250427,14.732801210287443,-23.636848543689318,1.1070116630669546,-0.13106796116504854,0.9233105542900532,0.0013862673033884808,0.05304550196613434,3.1244979919678717,-0.008265789262498997,2434.5954,0.08018154311649017,-4.5600000000000005,-1.4040891805619808,-0.22370358299198764,0.37738933250305207,-0.5470085470085471,-5.291666666666667,-0.7965116279069767,-0.7487135995263245,0.09948826925603255,-0.02987320787791558,Gold,Basic Materials,AGI
2016Q3,2016,Q3,2016-09-30,2016-09-30,4800000.0,125600000.0,17200000.0,0.02,23400000.0,0.1863057325,2512200000.0,1779700000.0,478900000.0,111300000.0,732500000.0,135700000.0,-1117000000.0,2189145800.0,2222845800.0,6.66631706302979,4.302785265049416,0.12244248069421225,0.17283811878406474,0.0022346604607200774,6.66631706302979,0.0026970837781648592,17.429504777070065,114.01801041666666,1.2300645052536945,0.0,0.7531319086219602,0.0,0.049996019425205,2.963162623539982,0.0019106759016001911,-4378.2916,0.18630573248407642,1.4484304932735428,-0.9545828488944678,-0.5793589621591211,0.5057612531947044,0.6595744680851063,1.4067796610169492,6.478260869565218,-0.7522529882669947,-0.0603717710415267,0.039640205945743086,Gold,Basic Materials,AGI
2016Q2,2016,Q2,2016-06-30,2016-06-30,-11800000.0,120100000.0,2300000.0,-0.0446,14100000.0,0.1174021649,2493600000.0,1771500000.0,472300000.0,103600000.0,722100000.0,129500000.0,-1119000000.0,2274390400.0,2317890400.0,6.698454231955957,4.558880308880309,0.12708533846647418,0.1788879480666102,0.00151111566437865,6.698454231955957,-0.006661021732994638,18.93747210657785,-48.186237288135594,1.283878295230031,-0.22033898305084745,0.8185328185328186,0.0011431634604155908,0.048163298042990056,3.1747104247104247,-0.004732114212383703,-1421.494,0.11740216486261448,-2.115,-1.3364763873826542,-0.06687088961674864,0.5898278637172883,1.9375,-2.216494845360825,2.15,-1.644502510080798,-0.26016315137880797,0.0750175715207902,Gold,Basic Materials,AGI
2016Q1,2016,Q1,2016-03-31,2016-03-31,9700000.0,104300000.0,-2000000.0,0.04,4800000.0,0.046021093,2490900000.0,1760100000.0,480000000.0,112100000.0,730800000.0,133300000.0,-1107200000.0,1388080130.0,1433580130.0,6.707774860230871,4.281891168599465,0.12818659922116504,0.18141014715073006,0.0010976016837436137,6.707774860230871,0.0055110505084938356,13.308534324065196,35.77526108247423,0.7886370831202774,0.0,0.746436609152288,0.0,0.04187241559275764,2.9714540588760037,0.0038941747962583807,-146.11369789473684,0.046021093000958774,1.173913043478261,-0.7587598608005791,-0.1481494929144617,0.6668665902095846,1.1983471074380165,1.1603305785123967,0.7959183673469388,-0.8198168343940435,-0.41635806346322873,0.08400815508408492,Gold,Basic Materials,AGI
2015Q4,2015,Q4,2015-12-31,2015-12-31,-60500000.0,115700000.0,-9800000.0,-0.23,-24200000.0,-0.2091616249,2462200000.0,1724200000.0,483200000.0,99900000.0,738000000.0,126100000.0,-1114300000.0,863286130.0,900686130.0,6.5709592716380145,4.836836836836837,0.13008691414182438,0.18576731237675442,-0.0037322722575840695,6.5709592716380145,-0.035088736805475,7.461418582541055,-3.56729805785124,0.5006879306344971,-0.04297520661157025,1.1094369547977796,0.003011747680922431,0.046990496304118265,3.4864864864864864,-0.024571521403622777,-183.6779,-0.20916162489196197,-0.7692307692307693,-2.3356064062547786,-0.15475928990837529,0.6682615046340632,-2.78125,-0.811377245508982,0.615686274509804,-1.7705121012897853,-0.4777230481468808,0.2602748727194272,Gold,Basic Materials,AGI
2015Q3,2015,Q3,2015-09-30,2015-09-30,-33400000.0,103600000.0,-25500000.0,-0.13,-6400000.0,-0.0617760618,2526200000.0,1783500000.0,515400000.0,103600000.0,742700000.0,132600000.0,-1051200000.0,934060770.0,938560770.0,7.045703246909727,4.974903474903475,0.12592035468292298,0.17835716288197365,-0.010636815144966413,7.045703246909727,-0.01872722175497617,9.016030598455599,-6.991472829341318,0.523723448275862,0.0,0.8295625942684767,0.0,0.04101021296809437,3.611969111969112,-0.013221439315968649,-16.272835714285716,-0.06177606177606178,0.9090909090909091,-1.7843310182471768,0.38051490445870295,0.8833476911359444,-0.1510791366906475,0.9119991990346259,-1.954466458116093,-1.6117688486069828,-0.31064523956143963,0.37130086845872445,Gold,Basic Materials,AGI
2015Q2,2015,Q2,2015-06-30,2015-06-30,-379542000.0,72139000.0,-8631000.0,-1.43,-5560000.0,-0.0770734277,1958771000.0,1161482000.0,389025000.0,241091000.0,797289000.0,72962000.0,-1031793000.0,1499557264.3600001,1685346264.3600001,4.383952701403324,1.6136023327291356,0.1610775327999036,0.27164777413683555,-0.00508390281279266,4.383952701403324,-0.3267738974861427,20.787053665285075,-0.987741320038362,1.291072323428172,-0.007424738237138446,1.0649242071215153,0.0018792213321728007,0.036828705346362595,0.6148798586425872,-0.19376537635078322,-75.47600485001007,-0.07707342768821303,-72.5,-14.635900900551555,-0.3409013992054922,0.2212790987678996,-1.8772483433259703,-172.35079006772008,-2.2123893805309733,-7.943198223903175,-0.5972867568167001,-0.11487880282661711,Gold,Basic Materials,AGI
2015Q1,2015,Q1,2015-03-31,2015-03-31,2215000.0,44728000.0,7119000.0,0.02,6338000.0,0.141700948,881854000.0,786436000.0,437756000.0,32241000.0,95418000.0,55115000.0,229453000.0,746312020.0,707671020.0,6.17505123393296,13.577618560218356,0.0,0.0,0.004016564645634033,6.17505123393296,0.002816503822307219,16.685566535503487,84.23386230248308,0.9489799805705742,0.0,0.6965435906740451,0.0,0.05072041403679067,11.730281318817655,0.0025117536462951917,-49.559201806228835,0.1417009479520658,1.7575757575757576,-0.8585226767709624,-0.14234082380989793,0.8241598323513949,0.025234551924943383,1.6578556578556578,1.276622961304765,-0.9298062073406753,-0.40543249039942514,0.30813562196144717,Gold,Basic Materials,AGI
2014Q4,2014,Q4,2014-12-31,2014-12-31,-3367000.0,46061000.0,3127000.0,-0.0264,6182000.0,0.1342133258,879511000.0,783334000.0,444878000.0,33389000.0,96177000.0,55358000.0,227238000.0,908055410.0,869162410.0,6.15069450442457,13.324088771751175,0.0,0.0,0.004196305341198476,6.15069450442457,-0.00429829421421769,19.714192266776667,-67.42318161568161,1.1592186857713314,-3.782298782298782,0.7203836843816612,0.01402447456372734,0.05237114714881338,11.523855161879661,-0.0038282636601475136,-744.307713114754,0.13421332580708192,-0.4999999999999999,-1.1499871307459177,-0.21740070454701269,1.1883756134183923,0.4406898158937311,-0.5044682752457551,3.5238095238095237,-1.1476695598730509,-0.39526187230880133,0.3711247387428702,Gold,Basic Materials,AGI
2014Q3,2014,Q3,2014-09-30,2014-09-30,-2238000.0,38523000.0,-1239000.0,-0.0176,4291000.0,0.111388002,891578000.0,784767000.0,466622000.0,43735000.0,106811000.0,57324000.0,230605000.0,1013761720.0,954194720.0,6.161946339816422,10.669303761289585,0.0,0.0,-0.0009635621815945413,6.161946339816422,-0.0028518018724028914,26.31575214806739,-113.2441599642538,1.2917996296990062,0.0,0.597166980671272,0.0,0.04320766102348869,9.19430661941237,-0.002510156150106889,-65.96575481520041,0.11138800197284739,-2.76,-1.1351531630103493,-0.20458117444179902,1.2863286474281512,-0.6279694815328594,-4.053206002728513,-1.314866581956798,-1.044389141716129,-0.7295542780300905,0.39183599505294564,Gold,Basic Materials,AGI
2014Q2,2014,Q2,2014-06-30,2014-06-30,733000.0,43843000.0,3935000.0,0.01,11534000.0,0.2630750633,889539000.0,799740000.0,466400000.0,25910000.0,89799000.0,49712000.0,245579000.0,1291399980.0,1213029980.0,6.279513493565332,18.000771902740254,0.0,0.0,0.0008032552116186093,6.279513493565332,0.0009165478780603696,29.455100700225806,440.4501978171897,1.6147747768024607,17.37517053206003,0.6499235597038945,0.009862165244884083,0.04928732748086368,15.84415283674257,0.0008240223306679078,-255.06616235433538,0.2630750632940264,-0.5,-0.952246733987812,-0.11756217450400637,1.4624753368693182,0.12242117555469054,-0.7330662782228696,-0.2898393791734344,-0.956596944733989,-0.29263635378086267,0.4903954221306532,Gold,Basic Materials,AGI
2014Q1,2014,Q1,2014-03-31,2014-03-31,2746000.0,41511000.0,5541000.0,0.02,10276000.0,0.2475488425,898014000.0,798584000.0,477155000.0,36072000.0,99430000.0,44458000.0,244846000.0,1149896660.0,1237956660.0,6.264239153455755,13.227849855843868,0.0,0.0,0.0040366963296220755,6.264239153455755,0.0034385862977470124,27.701010816410108,104.68833394027676,1.4399194824839967,0.0,0.7025732151693733,0.0,0.0462253372441855,11.756681082279885,0.003057858786165917,-312.64183251767264,0.24754884247548842,1.4830917874396135,-0.7513005398403936,-0.06892018075661205,1.5051777008656266,-0.3665392676612008,1.520667425104285,-0.6673270893371758,-0.859432487533667,-0.30217124058154604,0.5566489895009361,Gold,Basic Materials,AGI
2013Q4,2013,Q4,2013-12-31,2013-12-31,-5274000.0,53831000.0,16656000.0,-0.0414,16222000.0,0.3013505229,898028000.0,811947000.0,478033000.0,25270000.0,86081000.0,37972000.0,256664000.0,1546368790.0,1388205790.0,6.369060972835594,18.917016224772457,0.0,0.0,-0.01632548850716948,6.369060972835594,-0.006495497858850393,28.726361947576674,-73.3015164012135,1.904519371338277,-2.421312097080015,0.9904403244495944,0.008258055958307333,0.059943565234046155,17.05552037989711,-0.0058728681065623786,-642.1797300664451,0.30135052293288256,-1.5914285714285712,-1.4597626318733086,0.32368239556253303,2.599747717675098,-0.3352729060809703,-1.570223807979241,0.13275299238302501,-1.2396458070210434,-0.1905573473264938,0.6170027544547729,Gold,Basic Materials,AGI
2013Q3,2013,Q3,2013-09-30,2013-09-30,9249000.0,63811000.0,14704000.0,0.07,24404000.0,0.3824418987,907041000.0,817195000.0,503028000.0,42923000.0,89846000.0,41907000.0,261938000.0,1979220850.0,1720650850.0,6.412138569579034,11.71931132493069,0.0,0.0,0.011087251026497064,6.412138569579034,0.011317984079687224,31.01692263089436,53.49823899881068,2.4219688691193655,0.0,0.9403440952585487,0.0,0.07035073386980302,10.429536612072782,0.010196892973966998,156.6954991687119,0.38244189873219353,0.0,-0.16769103835570642,0.28801798385579347,2.6454986841664434,-0.3433783565624495,0.04768917082011781,-0.3587160364603777,-0.5686064298196704,0.688895815052357,0.7139930461245466,Gold,Basic Materials,AGI
2013Q2,2013,Q2,2013-06-30,2013-06-30,8828000.0,78273000.0,22929000.0,0.07,37166000.0,0.474825291,872652000.0,794567000.0,533835000.0,28362000.0,78085000.0,42144000.0,265459000.0,1608001980.0,1318189980.0,6.231018366034599,18.822191664903745,0.0,0.0,0.013359462834005104,6.231018366034599,0.011110453869843575,20.543507722969608,45.53698402809243,2.0237462416636984,1.4441549614861804,0.9753938876233865,0.007928472824392916,0.08969554874107892,16.798145405824695,0.010116289196609875,-774.5674277456648,0.4748252909687887,-0.65,0.06471620817928869,0.8075000577006418,2.7470950352576926,-0.250020179191218,-0.6603178267728654,-0.45036795550974423,-0.3410363625523221,0.4858240464486797,0.7358336215719272,Gold,Basic Materials,AGI
2013Q1,2013,Q1,2013-03-31,2013-03-31,25989000.0,86272000.0,41717000.0,0.2,49556000.0,0.5744158012,880365000.0,783857000.0,540841000.0,44669000.0,96508000.0,39657000.0,258420000.0,1753182000.0,1560808000.0,6.187937635681863,12.107748102711053,0.0,0.0,0.03564974754982497,6.187937635681863,0.03315528214967781,20.321564354599406,16.864654276809418,2.2366094836175474,0.0,0.9258390700254684,0.0,0.09799571768527826,11.158252927085899,0.029520710159990457,92.01123123753543,0.5744158011869436,1.9523809523809526,2.407423265489013,1.0793136171139421,2.929985168188643,-0.17538604898828541,-0.3143829472906664,-0.21309465424227564,0.6689163918240314,0.6631714943023436,0.8279665791399426,Gold,Basic Materials,AGI
2012Q4,2012,Q4,2012-12-31,2012-12-31,37906000.0,106946000.0,53014000.0,-0.21,60096000.0,0.5619284499,753856000.0,660472000.0,418068000.0,40371000.0,93384000.0,42046000.0,245178000.0,2228213250.0,2113457250.0,5.213909611209789,10.35565133387828,0.0,0.0,0.05857564670966127,5.213909611209789,0.05739228915078913,20.834937725581135,14.695650094971773,3.373667998037767,0.31849839075608083,1.1142558150596966,0.005418242621077673,0.14186528992274386,9.234722944688018,0.05028281263265133,42.561328863675435,0.5619284498718979,-2.0,110.2235887920041,2.8671208317984545,2.4998698331132028,0.49637708224396804,0.4638347171268585,0.5917252146760343,0.6976601189103607,0.8268485434459147,0.8550738677610094,Gold,Basic Materials,AGI
2012Q3,2012,Q3,2012-09-30,2012-09-30,25895000.0,71281000.0,33306000.0,0.21,40161000.0,0.5634180216,706736000.0,616875000.0,378457000.0,39897000.0,89861000.0,46343000.0,207283000.0,2406042480.0,2427500480.0,5.137970381969316,9.485851066496227,0.0,0.0,0.0379766295537492,5.137970381969316,0.04197771023302938,33.75433116819349,23.228832593164704,3.9003728145896654,0.0,0.6715145760956347,0.0,0.1008594439790813,8.260796551119132,0.03664027302981594,115.64176103047198,0.5634180216326932,0.049999999999999906,174.19227178077182,2.610741873483199,2.431181787131219,-0.160338699560945,0.04906011991573489,-0.17655203105298292,0.6588201185202972,0.5612296669433934,0.9063925951493728,Gold,Basic Materials,AGI
2012Q2,2012,Q2,2012-06-30,2012-06-30,24684000.0,80889000.0,40447000.0,0.2,47830000.0,0.5913041328,666163000.0,592550000.0,337148000.0,23276000.0,73613000.0,38165000.0,193449000.0,1843590760.0,1925292760.0,4.952940586445552,14.484791201237327,0.0,0.0,0.04353436562271594,4.952940586445552,0.041657244114420726,22.791612703828704,18.671920677361854,3.1112830309678507,0.48411926754172746,0.8662124983623739,0.006481915758788029,0.121425236766377,12.710087643925073,0.037053994292688124,54.521522446324006,0.5913041328239934,-0.1666666666666666,9.260542361546577,2.0521262099009814,2.3008999043656084,0.08635413827564277,-0.16240244316253818,0.09177531244095338,0.7118889129085963,0.7331424314496903,0.9422673510613637,Gold,Basic Materials,AGI
2012Q1,2012,Q1,2012-03-31,2012-03-31,29470000.0,70256000.0,37047000.0,0.24,44028000.0,0.6266795719,642074000.0,561456000.0,310181000.0,31720000.0,80618000.0,36784000.0,168780000.0,2171844400.0,2244158400.0,4.720497729947873,9.778720050441361,0.0,0.0,0.04927633075700002,4.720497729947873,0.0524885298224616,30.91329423821453,18.424197488971835,3.8682361574192816,0.0,0.7130274032187908,0.0,0.10942040948551102,8.538619167717528,0.04589813635188467,109.31369035635193,0.6266795718515145,-0.6307692307692307,18.533468993260737,2.264676620810596,2.2247949766519883,-0.00750659362953946,0.38395792241946086,0.03706295663858019,1.860742620593539,0.689007112918522,0.8878087761908672,Gold,Basic Materials,AGI
2011Q4,2011,Q4,2011-12-31,2011-12-31,21294000.0,71133000.0,35723000.0,0.65,44361000.0,0.6236346,599224000.0,533550000.0,274642000.0,23512000.0,65674000.0,33220000.0,151245000.0,2024358800.0,2098087800.0,4.485875231209013,11.680928887376659,0.0,0.0,0.03838941880531506,4.485875231209013,0.039910036547652517,28.458785655040558,23.76677467831314,3.794131384125199,0.3888419273034658,0.805900060204696,0.004090184012834089,0.11870852969840995,10.177994215719632,0.03553595984139487,1138.5595050618672,0.6236345999746953,0.6666666666666666,18.619259211049595,2.663551779359125,2.1053990051548244,-0.4187652315190902,-0.5317530125780632,-0.31296638202938687,0.9896428946519404,0.8747648891012557,1.535384602878213,Gold,Basic Materials,AGI
2011Q3,2011,Q3,2011-09-30,2011-09-30,45476000.0,128481000.0,51996000.0,0.39,76322000.0,0.594033359,577316000.0,508571000.0,279670000.0,28652000.0,68745000.0,31764000.0,129951000.0,1732299920.0,1618048920.0,4.427207200933196,9.760924193773558,0.0,0.0,0.07356940884346762,4.427207200933196,0.0894191764768341,13.482926814081459,9.52315463101416,3.4062105782673413,0.07560031665054094,1.6420790832388867,0.0019846447836815695,0.22254882941058277,7.964365489320118,0.07877141807952663,-67.63097993284923,0.594033359018065,2.0,43.28277864244699,7.587482728892239,2.0971847998978626,1.2069224763612179,1.9350716406350845,1.0607982244064842,3.540180373860063,1.877175425510675,1.5170039372049537,Gold,Basic Materials,AGI
2011Q2,2011,Q2,2011-06-30,2011-06-30,15494000.0,56864000.0,25231000.0,0.13,34583000.0,0.6081703714,550457000.0,492297000.0,261938000.0,21200000.0,58160000.0,25145000.0,132795000.0,1940762230.0,1831754230.0,4.213320438537182,12.35556603773585,0.0,0.0,0.032353813946314015,4.213320438537182,0.03147287105141815,34.12989290236354,31.314738447140826,3.942258900622998,0.0,0.8861006164247365,0.0,0.10330325529514567,10.592971698113207,0.02814752105977397,162.82928349693765,0.608170371412493,-0.13333333333333328,39.482794670629374,1.7574333254094492,1.6695313681892918,0.06764015806371944,-0.13232905863246905,-0.0005545652604476134,1.0394069076677097,0.43308694551671756,1.5337290262618322,Gold,Basic Materials,AGI
2011Q1,2011,Q1,2011-03-31,2011-03-31,17857000.0,54376000.0,25245000.0,0.15,32392000.0,0.5957039871,528922000.0,468946000.0,249973000.0,24465000.0,59976000.0,24284000.0,117301000.0,1850528160.0,1725896160.0,4.024182198880994,10.217576129164112,0.0,0.0,0.039225716672263454,4.024182198880994,0.03807901122943793,34.032075915845226,25.907601500812007,3.9461433939088937,0.0,0.9052874320540274,0.0,0.10280532857396743,8.924545268751277,0.03376112167767648,98.07240235306587,0.5957039870531117,-0.4,20.323704392277122,1.9788840234745722,2.6207610666926864,-0.23598367809043092,-0.11234279465128995,-0.11872512741744048,1.5450172287774482,0.42463333186441254,1.5557750072489827,Gold,Basic Materials,AGI
2010Q4,2010,Q4,2010-12-31,2010-12-31,20117000.0,60791000.0,28646000.0,0.25,42397000.0,0.6974223158,528383000.0,458997000.0,232764000.0,18194000.0,69386000.0,25225000.0,116524000.0,2224595880.0,2110561880.0,3.9388065080836165,12.793448389578982,0.0,0.0,0.0438879242351858,3.9388065080836165,0.04382817316888781,36.59416492572914,27.645721031963017,4.846645795070556,0.2016702291594174,0.729197224975223,0.0018237020199821639,0.11505101413179455,11.234637792678905,0.038072761614207876,157.19303843979648,0.6974223158033261,0.47058823529411753,4.416306537834892,17.19998453875735,3.0448642349776804,0.7725239349471131,0.03248819544241429,1.2536385807568249,64.01115097712751,1.38950639310837,1.6439488031157459,Gold,Basic Materials,AGI
2010Q3,2010,Q3,2010-09-30,2010-09-30,19484000.0,34336000.0,12711000.0,0.17,23919000.0,0.6966157968,500717000.0,433285000.0,221206000.0,23655000.0,67432000.0,27059000.0,96407000.0,1978188519.9999998,1853443519.9999998,3.7410528497051434,9.35134221094906,0.0,0.0,0.023369288399947837,3.7410528497051434,0.04496809259494328,57.61266658900279,25.38221771710121,4.5655596662704685,0.0,0.38497357625928524,0.0,0.06857366536386822,8.040329740012682,0.038912199905335745,-429.0150769898069,0.696615796831314,0.7000000000000001,7.658476481570355,50.958175409339894,2.5196347097389062,-0.29554691641632796,0.6131809902301706,-0.3333158502045526,135.6478845012198,0.8030099430012697,1.49830797928494,Gold,Basic Materials,AGI
2010Q2,2010,Q2,2010-06-30,2010-06-30,12078000.0,47494000.0,19066000.0,0.1,33954000.0,0.7149113572,475245000.0,412683000.0,207100000.0,20210000.0,62562000.0,22362000.0,80979000.0,1764712750.0,1655513750.0,3.5896403253164006,10.24740227610094,0.0,0.0,0.02850017512245418,3.5896403253164006,0.029267016087408494,37.15654082620963,36.52742072362974,4.27619443980004,0.0,0.6054914587246222,0.0,0.0999358225757241,8.899406234537357,0.02541426001325632,316.42688721534876,0.7149113572240704,-0.1666666666666666,4.4813214133993355,0.0,2.3113279060975396,0.01804989206044615,-0.13759371652981078,-0.1296051129879023,4.224515785245393,0.8648676284736846,1.3923249632693926,Gold,Basic Materials,AGI
2010Q1,2010,Q1,2010-03-31,2010-03-31,14005000.0,46651000.0,21905000.0,0.12,33352000.0,0.7149257251,450369000.0,385653000.0,191887000.0,20284000.0,64716000.0,21660000.0,68910000.0,1527734250.0,1415144250.0,3.385148123765635,9.460017747978702,0.0,0.0,0.038099560185897316,3.385148123765635,0.03631502931391691,32.74815652397591,27.27122902534809,3.961421925928231,0.0,0.6139889196675901,0.0,0.10358395004984801,8.293827647406824,0.031096722909436485,-57.47683408577878,0.7149257250648432,0.0,9.324657388385788,0.0,2.081544040869668,-0.09610276979782102,-0.3025745729794333,-0.1445030267525874,8.691505614723651,1.2632191224365021,1.3125545841249393,Gold,Basic Materials,AGI
2009Q4,2009,Q4,2009-12-31,2009-12-31,20081000.0,52649000.0,25605000.0,0.12,36898000.0,0.7008300253,360282000.0,320200000.0,210335000.0,13537000.0,40082000.0,20026000.0,58334000.0,1363682250.0,1240600250.0,2.8106210226025894,15.537785329098028,0.0,0.0,0.05640684792690952,2.8106210226025894,0.06271392879450344,25.901389390111873,16.97727018076789,4.258845252966896,0.0,0.786527514231499,0.0,0.1461327515668282,13.980276279825663,0.0557368949878151,77.6054091736854,0.7008300252616384,-0.07692307692307698,7.9665010835059595,0.0,1.8935475693764432,0.3320096747409841,0.4226709174636911,0.4237655693950178,18.31610637741229,1.830937181545784,0.9456849059765218,Gold,Basic Materials,AGI
2009Q3,2009,Q3,2009-09-30,2009-09-30,14115000.0,41283000.0,17984000.0,0.13,27701000.0,0.6710025919,321128000.0,292583000.0,183533000.0,10676000.0,28545000.0,21891000.0,38253000.0,950985600.0,849667600.0,2.6951271186440677,17.191176470588236,0.0,0.0,0.0447468715306203,2.6951271186440677,0.048242720868950005,23.035767749436815,16.843528161530287,3.250310510180017,0.0,0.6204376227673473,0.0,0.12855621434443587,14.85481453727988,0.04395443561445903,66.82023608768971,0.6710025918659012,0.08333333333333341,27.055963152838437,0.0,3.1163138278549023,0.016699699038390955,0.08836456164700439,0.05101981181695985,13.544051304171319,1.919779984952664,0.8854565342903825,Gold,Basic Materials,AGI
2009Q2,2009,Q2,2009-06-30,2009-06-30,12969000.0,41978000.0,17111000.0,0.12,27246000.0,0.6490542665,300990000.0,274399000.0,166671000.0,9535000.0,26591000.0,22049000.0,24139000.0,890961119.9999999,802470119.9999999,2.5500817813464183,17.479916098584162,0.0,0.0,0.04274204247008499,2.5500817813464183,0.047263291775844665,21.224477583496114,17.174823039555864,3.2469546900681125,0.0,0.668148215338564,0.0,0.13946642745606166,14.831463030938647,0.04308781022625336,56.62288655862726,0.6490542665205584,0.3333333333333333,7.7893941434485505,0.0,3.4039372720286254,0.2742493686278178,0.47425258610890075,0.4571233926594567,35.977102162050635,1.2103631949043696,0.6157145904420663,Gold,Basic Materials,AGI
2009Q1,2009,Q1,2009-03-31,2009-03-31,8797000.0,35521000.0,11743000.0,0.09,21382000.0,0.6019537738,281814000.0,253975000.0,147777000.0,11694000.0,27839000.0,23133000.0,11169000.0,725202660.0,651099660.0,2.5005168899959633,12.636993329912777,0.0,0.0,0.03547095418478871,2.5005168899959633,0.03463726744758342,20.41616677458405,20.609374218483573,2.8554096269317846,0.0,0.6112047724030606,0.0,0.12604412839674395,10.53471865914144,0.031215624489911786,63.11598433420365,0.6019537738239351,-0.689655172413793,10.727033490802754,0.0,3.8883113049501112,0.13049898243459845,-0.0374590055683385,0.3350111826939441,11.052378726782024,1.232623776812114,1.2498420186895238,Gold,Basic Materials,AGI
2008Q4,2008,Q4,2008-12-31,2008-12-31,9139351.0,32400936.0,8796181.0,0.29,18913772.0,0.5837415314,209267831.0,179706803.0,76395981.0,13383298.0,29561028.0,26666118.0,2371932.0,692700580.0,649253866.0,1.769307593852455,5.708307548707351,0.0015860345014040882,0.0018469306362319518,0.05134425347637609,1.769307593852455,0.050857011796042025,21.37902991444445,18.948297860537362,3.854615231233066,0.0,0.5057790564040855,0.0,0.15482998913483267,3.6683076174497495,0.04367298574428288,89.91342513918592,0.5837415314174874,2.2222222222222223,5.71305563272183,0.0,2.5381707986539066,-0.07596906799213338,0.09509673362408579,-0.2327486927732014,2.780709175852095,10.129439972198067,0.8169486092705226,Gold,Basic Materials,AGI
2008Q3,2008,Q3,2008-09-30,2008-09-30,8345702.0,37207140.0,11464537.0,0.09,20468765.0,0.5501300288,198821043.0,168353217.0,69221231.0,14712071.0,30467825.0,30529826.0,-6766557.0,575241140.0,541413052.0,1.7589194579685312,4.7050636854593755,0.003623992657557882,0.004279846936337427,0.0488094282722111,1.7589194579685312,0.049572572171282005,15.4605040860437,17.231658283509283,3.4168704955605333,0.0,0.5482630330090974,0.0,0.18713884324608437,2.5706533091092343,0.04197594919567945,38.31932866033497,0.550130028806299,0.5,9.604746807673571,0.0,2.9451365192723835,0.14086548033278942,0.34794809326208626,0.12674645382403607,4.451151043323732,67.12944082030391,0.6548159634764634,Gold,Basic Materials,AGI
2008Q2,2008,Q2,2008-06-30,2008-06-30,6191412.0,32336641.0,10174904.0,0.06,17941436.0,0.5548330144,185264813.0,158342341.0,55204874.0,10160165.0,26922472.0,34478727.0,-15113491.0,572278210.0,554673808.0,1.6628930698060302,5.433462350266949,0.0042589522922520644,0.004983089141015037,0.04085811950003024,1.6628930698060302,0.03910143023589629,17.69751564486862,23.107742224229305,3.6141830819591076,0.0,0.41750975898849163,0.0,0.17454280970234753,1.9708897444086784,0.03341925484792409,71.05272789915914,0.554833014350501,0.0,11.561558167820511,0.0,5.3630864237831215,-0.42181150133705864,0.0853962993096245,0.07984359259870871,3.154625057902582,0.0,0.5339654471982688,Gold,Basic Materials,AGI
2008Q1,2008,Q1,2008-03-31,2008-03-31,5704287.0,31030427.0,9422572.0,0.06,31030427.0,1.0,187447264.0,149170798.0,60585205.0,15993001.0,38276465.0,35040342.0,-21303587.0,535275350.00000006,526417568.00000006,1.5745447809244344,3.7882324274224706,0.04967664932148596,0.062423424187889646,0.03499208425856204,1.5745447809244344,0.03823997106994091,17.250015605650546,23.45934513813909,3.5883387176087913,0.0,0.0,0.0,0.16554217083691336,1.5007901268811277,0.030431423101486294,56.16460354809178,1.0,23.222222222222218,27.58601924232641,0.0,5.078493472764984,3.478601154230625,22.977180173758935,8.15976016144774,5.077320628907021,0.0,0.43332844216658273,Gold,Basic Materials,AGI
2007Q4,2007,Q4,2007-12-31,2007-12-31,-259555.0,20683055.0,1028692.0,-0.0027,6928598.0,0.334989101,175829222.0,141136844.0,49734166.0,10540731.0,34692377.0,36221931.0,-27008358.0,523906670.0,526022268.0,1.4897438647230814,4.718284339103237,0.05614605972606761,0.06994713584498177,-0.001824255378806943,1.4897438647230814,-0.0018390307778173075,25.330236273123095,-504.6200901543026,3.7120475075948276,0.0,0.37972732596724346,0.0,0.11763149927376691,1.1376576254531114,-0.0014761766960443015,88.05097883408476,0.33498910098145557,-3.25,-1.1776641038214002,0.0,17.534529837995912,0.28295895015316225,-3.223664370652137,-0.030982062619750523,0.891719808984342,0.0,0.5336983193740413,Gold,Basic Materials,AGI
2007Q3,2007,Q3,2007-09-30,2007-09-30,116724.0,15589656.0,1061582.0,0.0012,5400483.0,0.3464145072,173056953.0,141975247.0,51831354.0,15080499.0,31081707.0,34673979.0,-24423425.0,605850712.02,613198267.02,1.497434616037971,3.4369787100546207,0.09410759127372363,0.11470994658667508,0.0018245335440989381,1.497434616037971,0.0008221433134749187,38.862352833186314,1297.613841240876,4.267298172194763,0.0,0.2938564679871324,0.0,0.0900839621277742,1.076733203589616,0.0006744831569986096,26525.86304816112,0.3464145071578231,-0.9400000000000001,1.0085880672316523,727.9987266823308,9.693815720237934,-0.3777322026586434,-0.9381700181478975,-0.6390281886497331,1.246712685702474,0.0,1.28705754680944,Gold,Basic Materials,AGI
2007Q2,2007,Q2,2007-06-30,2007-06-30,1887822.0,20797101.0,2940900.0,0.02,8678712.0,0.417303931,169207604.0,140866742.0,51182947.0,12853379.0,28340862.0,31290232.0,-24539808.0,490058820.0,496517506.0,1.500481907947295,3.98206160418984,0.08433815421202938,0.10130607691629583,0.011247501538381917,1.500481907947295,0.01340147413929684,23.5638043975456,64.89738174467719,3.4788823326374647,0.0,0.38728984176275844,0.0,0.1229087848794313,1.4743739370013131,0.011156839027163343,-973.7860828890554,0.41730393096614765,1.0,1.3356879986832515,0.0,2.3422795799578524,-0.48822404489200694,0.5879182346875089,0.1496427620666753,2.1327557696262205,0.0,1.5913005021057576,Gold,Basic Materials,AGI
2007Q1,2007,Q1,2007-03-31,2007-03-31,1188866.0,16958030.0,2558099.0,0.01,16958030.0,1.0,161512314.0,137197364.0,45546306.0,10383281.0,24314950.0,30849809.0,-26428200.0,598909140.0,605446601.0,1.4638132855344301,4.386504227324677,0.07311442519484923,0.08607220762637977,0.009592597355177642,1.4638132855344301,0.00866537056790683,35.31714120095317,125.94126251402596,4.365310837896273,0.0,0.0,0.0,0.10499527608774152,1.1978453631371433,0.007360838133988966,1315.5465398512922,1.0,0.12359550561797757,1.2951947014887149,0.0,17.14524790431629,1.599921165402865,0.3900362104908702,0.7683771378008821,2.424556963675047,0.0,1.861638351911181,Gold,Basic Materials,AGI
