Quarters,Year,Quarter,FillingDate,Date,NetIncome,Revenue,OperatingIncome,EPSDiluted,GrossProfit,GrossProfitRatio,TotalAssets,CommonStockEquity,CurrentAssets,CurrentLiability,TotalLiability,Inventory,RetainedEarnings,MarketCap,EnterpriseValue,bookValuePerShare,currentRatio,debtToAssets,debtToEquity,roic,shareholdersEquityPerShare,roe,priceToSalesRatio,peRatio,pbRatio,payoutRatio,inventoryTurnover,dividendYield,assetTurnover,quickRatio,returnOnAssets,priceToFreeCashFlowsRatio,grossProfitMargin,epsdilutedGrowth,fiveYNetIncomeGrowthPerShare,fiveYRevenueGrowthPerShare,fiveYShareholdersEquityGrowthPerShare,grossProfitGrowth,netIncomeGrowth,operatingIncomeGrowth,threeYNetIncomeGrowthPerShare,threeYRevenueGrowthPerShare,threeYShareholdersEquityGrowthPerShare,Industry,Sector,Symbol
2020Q4,2020,Q4,2020-12-31,2020-12-31,292300000.0,1068900000.0,412800000.0,0.38,679450000.0,0.6356534755,7472800000.0,3664500000.0,1759800000.0,916500000.0,3644600000.0,521600000.0,1755600000.0,7181906201.009999,8251006201.009999,4.729930195304245,1.9201309328968903,0.2617358955143989,0.5337426661208896,0.04365988352169849,4.729930195304245,0.07976531586846773,6.7189692216390675,6.142581424059185,1.9598597901514532,0.0,0.7466449386503068,0.0,0.14303875388074083,1.113366066557556,0.03911519109303072,-40.7946958307867,0.6356534755355974,0.0,0.0,0.0,0.0,0.0,0.0,0.0,0.0,0.0,0.0,Gold,Basic Materials,GFI
2020Q2,2020,Q2,2020-06-30,2020-06-30,80400000.0,877150000.0,107450000.0,0.1,469550000.0,0.5353132303,6771900000.0,2834800000.0,1561600000.0,1668800000.0,3800100000.0,0.0,1292500000.0,7282623332.2,8521623332.2,3.659000168549181,0.9357622243528284,0.3218889824126168,0.7689431353181883,0.01216014778576132,3.659000168549181,0.028361789191477353,8.302597425981872,22.644973047885575,2.5690078073232683,0.0,0.0,0.0,0.12952790206588993,0.5637583892617449,0.011872591148717495,-61.019047609551734,0.535313230348287,0.0,5.871794871794871,0.3282101756511205,-0.16643142789931784,0.0,0.0,0.0,0.0,0.0,0.0,Gold,Basic Materials,GFI
2018Q2,2018,Q2,2018-06-30,2018-06-30,0.0,0.0,0.0,0.0,0.0,0.0,6057800000.0,2729800000.0,1069600000.0,983200000.0,3200800000.0,0.0,0.0,0.0,1393300000.0,0.0,1.0878763222131815,0.3122255604344812,0.6928712726207048,,0.0,0.0,0.0,0.0,0.0,0.0,0.0,,0.0,0.5066110659072417,0.0,0.0,0.0,0.0,1.0,-1.0,-1.0,0.0,0.0,0.0,-1.0,-1.0,-1.0,Gold,Basic Materials,GFI
2017Q2,2017,Q2,2017-06-30,2017-06-30,0.0,0.0,0.0,0.0,0.0,0.0,6574000000.0,3310400000.0,1033700000.0,884700000.0,3263600000.0,0.0,0.0,0.0,1364500000.0,0.0,1.168418672996496,0.28255247946455736,0.561110439826003,,0.0,0.0,0.0,0.0,0.0,0.0,0.0,,0.0,0.5572510455521645,0.0,0.0,0.0,0.0,-1.0,-1.0,-1.0,0.0,0.0,0.0,-1.0,-1.0,0.0,Gold,Basic Materials,GFI
2016Q2,2016,Q2,2016-06-30,2016-06-30,0.0,0.0,0.0,0.0,0.0,0.0,5990900000.0,2961100000.0,991300000.0,521300000.0,2947700000.0,0.0,0.0,0.0,1155400000.0,0.0,1.9015921734126222,0.27688661136056353,0.5601972240045929,,0.0,0.0,0.0,0.0,0.0,0.0,0.0,,0.0,0.9656627661615192,0.0,0.0,0.0,0.0,-1.0,-1.0,0.0,0.0,0.0,0.0,1.0,-1.0,-1.0,Gold,Basic Materials,GFI
2015Q4,2015,Q4,2015-12-31,2015-12-31,-255000000.0,640100000.0,-188000000.0,0.0,18000000.0,0.0281206062,5513800000.0,2554900000.0,904300000.0,522100000.0,2876800000.0,294400000.0,324000000.0,0.0,1380300000.0,0.0,1.7320436697950585,0.33013529689143606,0.712474069435203,-0.04955772675047939,0.0,-0.0998082116716897,0.0,0.0,0.0,0.0,2.113111413043478,,0.11609053647212449,1.0882972610610995,-0.04624759693859044,0.0,0.028120606155288237,-1.0,1.0,-1.0,-1.0,-0.9331103678929766,-15.166666666666666,-2.8024928092042187,-1.0,-1.0,-1.0,Gold,Basic Materials,GFI
2015Q3,2015,Q3,2015-09-30,2015-09-30,18000000.0,635100000.0,104300000.0,0.02,269100000.0,0.4237128011,6344400000.0,3068000000.0,1024800000.0,633500000.0,3179800000.0,0.0,0.0,2062220772.22,3488920772.2200003,3.957326058361218,1.6176795580110497,0.30144694533762056,0.6233702737940026,0.007388854267492277,3.957326058361218,0.005867014341590613,3.2470804160289717,28.641955169722227,0.6721710470078227,0.12777777777777777,0.0,0.001115302508336209,0.10010402874976357,0.7668508287292818,0.002837147720824664,26.50669373033419,0.42371280113367976,0.0,-0.8214023943923062,-0.5122726872898967,-0.5511878097738948,0.04708171206225681,0.5384615384615384,0.004816955684007707,-0.9009234688625543,-0.5675908900658461,-0.5396134248095709,Gold,Basic Materials,GFI
2015Q2,2015,Q2,2015-06-30,2015-06-30,11700000.0,660400000.0,103800000.0,0.02,257000000.0,0.389158086,6629000000.0,3400800000.0,953600000.0,567500000.0,3131600000.0,0.0,0.0,2502433336.49,3979333336.49,4.3895610883314715,1.680352422907489,0.2854125810831196,0.5563396847800518,0.004963203651795827,4.3895610883314715,0.0034403669724770644,3.789269134600242,53.47079778824786,0.7358366668107504,0.0,0.0,0.0,0.0996228692110424,0.7314537444933921,0.0017649720923216172,75.83131322696968,0.38915808600847973,2.2658227848101262,-0.8552361380729826,-0.48563622982315846,-0.4661455673701865,0.13968957871396895,1.959016393442623,0.5775075987841946,-0.944442076423935,-0.5588523240596064,-0.4752655095347993,Gold,Basic Materials,GFI
2015Q1,2015,Q1,2015-03-31,2015-03-31,-12200000.0,609800000.0,65800000.0,-0.0158,225500000.0,0.3697933749,6650900000.0,3435100000.0,944500000.0,557700000.0,3119200000.0,0.0,0.0,3097624188.6,4596924188.6,4.446876109340309,1.6935628474090012,0.28591619179359185,0.5535792262233996,-0.004686060615825046,4.446876109340309,-0.00355157055107566,5.079737928173171,-63.47590550409836,0.9017566267648686,-1.0491803278688525,0.0,0.00413219913736052,0.09168683937512216,0.7213555675094137,-0.001834338209866334,-125.91968246341463,0.36979337487700886,0.4919614147909967,-1.1698571154834072,-0.4265355510987861,-0.48097008926602536,-0.20176991150442478,0.49166666666666664,-0.568241469816273,-1.0426843907080294,-0.6038573111642056,-0.4951147897206344,Gold,Basic Materials,GFI
2014Q4,2014,Q4,2014-12-31,2014-12-31,-24000000.0,708000000.0,152400000.0,-0.0311,282500000.0,0.3990112994,6750800000.0,3594700000.0,1095700000.0,718400000.0,3059500000.0,373300000.0,684100000.0,3490451464.11,4943351464.110001,4.665296500305904,1.525194877505568,0.2830627481187415,0.5315881714746711,0.33217088055797733,4.665296500305904,-0.006676495952374329,4.930016192245763,-36.3588694178125,0.9709993780037277,0.0,1.1398339137422984,0.0,0.1048764590863305,0.8630289532293987,-0.0035551342063162884,63.23281637880435,0.3990112994350282,-2.0366666666666666,-1.1153623451947527,-0.40801720324918334,-0.41085437800679564,0.07292062286365363,-2.256544502617801,0.5119047619047619,-1.092126194676658,-0.5666884834339313,-0.4165881664517851,Gold,Basic Materials,GFI
2014Q3,2014,Q3,2014-09-30,2014-09-30,19100000.0,699200000.0,100800000.0,0.03,263300000.0,0.3765732265,7012800000.0,3719700000.0,1075900000.0,657900000.0,3189300000.0,0.0,0.0,3000572519.1,4498472519.1,4.834687349716586,1.6353549171606627,0.27722165183664155,0.5226496760491437,0.006138042429824168,4.834687349716586,0.005134822700755437,4.291436669193364,39.274509412303665,0.8066705699653198,0.7382198952879581,0.0,0.004699103224550358,0.09970339949806069,0.678218574251406,0.002723591147615788,48.94898073572594,0.37657322654462244,0.4999999999999999,-0.8640342789170177,-0.3244923386339087,-0.3698122828725618,-0.08987210508123056,-0.020512820512820513,0.02231237322515213,-0.9387282361976504,-0.5814826908245228,0.0,Gold,Basic Materials,GFI
2014Q2,2014,Q2,2014-06-30,2014-06-30,19500000.0,747000000.0,98600000.0,0.02,289300000.0,0.3872824632,,,,,,,,2860205383.8,,,0.0,0.0,0.0,0.0,,0.0,3.828922869879518,36.6692997923077,0.0,0.0,0.0,0.0,0.0,0.0,0.0,42.753443704035874,0.3872824631860776,5.8965517241379315,-0.7517202585167208,-0.2789248085796058,0.0,0.07187847350870692,7.863636363636363,-0.14036617262423715,-0.9017135762060672,-0.502980947468007,0.0,Gold,Basic Materials,GFI
2014Q1,2014,Q1,2014-03-31,2014-03-31,2200000.0,714600000.0,114700000.0,0.0029,269900000.0,0.3776938147,7205400000.0,3843700000.0,1077200000.0,652000000.0,3257900000.0,0.0,0.0,2833334356.41,4519634356.41,5.005852192457444,1.6521472392638037,0.285910567074694,0.5359679475505372,0.0013832350421882859,5.005852192457444,0.0005723651689778078,3.9649235326196473,321.96981322840907,0.7371372262169265,7.136363636363637,0.0,0.005541174469748363,0.09917561828628528,0.5733128834355828,0.00030532656063507924,50.05891089063604,0.3776938147215225,1.0043939393939394,-0.9863352665005677,-0.2824721172132289,-0.2992722791690925,-0.06219596942321056,1.0043521266073194,-0.8564455569461827,-0.9868945358667082,-0.47757818592010504,0.0,Gold,Basic Materials,GFI
2013Q4,2013,Q4,2013-12-31,2013-12-31,-505500000.0,780700000.0,799000000.0,-0.66,287800000.0,0.368643525,7255300000.0,3994000000.0,1076300000.0,629500000.0,3157500000.0,402700000.0,741100000.0,2452927321.6,4188027321.6,5.2104275114288,1.7097696584590945,0.2839441511722465,0.5157986980470706,0.1020094957257717,5.2104275114288,-0.12656484727090636,3.1419589107211476,-1.2131193479723048,0.614153059989985,0.0,1.2239880804569159,0.0,0.10760409631579673,0.8328832406671962,-0.06967320441608203,81.22275899337748,0.3686435250416293,-42.25,-8.949267992919854,-0.07337392320092082,-0.2418124350209449,0.017320607988688584,-43.83898305084746,6.153088630259624,-6.487215596311586,-0.44098670517782224,-0.4316895821823461,Gold,Basic Materials,GFI
2013Q3,2013,Q3,2013-09-30,2013-09-30,11800000.0,683300000.0,111700000.0,0.016,282900000.0,0.4140201961,7988900000.0,4421700000.0,1219400000.0,590100000.0,3441100000.0,0.0,0.0,3367431494.9900002,5019031494.99,6.000766171506039,2.066429418742586,0.268710335590632,0.4854920053373137,0.003997347192437242,6.000766171506039,0.00266865685143723,4.928188928713596,71.34388760572034,0.761569417868693,0.0,0.0,0.0,0.08553117450462516,0.8390103372309778,0.0014770494060508956,935.3976374972223,0.4140201961071272,1.088888888888889,0.1495598514771613,-0.18084852989531022,-0.9048974246565434,0.17825905872553102,1.0869565217391304,-0.3978436657681941,-0.8768154942251247,-0.4479005229312003,-0.3194351517287806,Gold,Basic Materials,GFI
2013Q2,2013,Q2,2013-06-30,2013-06-30,-135700000.0,637100000.0,185500000.0,-0.18,240100000.0,0.3768639146,7827800000.0,4322500000.0,1146900000.0,610400000.0,3379200000.0,0.0,0.0,3870432956.56,5526832956.559999,5.874368644330641,1.8789318479685453,0.26815963616852756,0.48562174667437824,0.030552999662771037,5.874368644330641,-0.03139386928860613,6.075079197237482,-7.130495498452468,0.8954153745656448,0.0,0.0,0.0,0.08138940698535987,0.7252621231979031,-0.017335649863307698,-16.857286396167247,0.37686391461309054,-4.813559322033898,-3.91449946978103,-0.3559869547686135,-0.20520910224390124,-0.36194525644432635,-4.933333333333334,-0.20556745182012848,-2.7678293344524065,-0.4775351216919565,-0.2855646210246599,Gold,Basic Materials,GFI
2013Q1,2013,Q1,2013-03-31,2013-03-31,34500000.0,805200000.0,233500000.0,0.0472,376300000.0,0.4673373075,8513600000.0,4824200000.0,1424500000.0,805300000.0,3563300000.0,0.0,0.0,5630297395.8,7041497395.8,6.597580445343764,1.768905997764808,0.23253382822777674,0.4103685585174744,0.010119573201041182,6.597580445343764,0.007151444799137681,6.992421008196722,40.79925649130435,1.167094522573691,1.7739130434782608,0.0,0.01086976329983084,0.09457808682578463,0.7059480938780579,0.004052339785754557,-405.05736660431654,0.4673373075012419,-0.9344444444444444,-0.8153750340160749,-0.12466338822997156,-0.1780991734537952,-0.20021253985122212,-0.35514018691588783,-0.40066735112936347,-0.49255759893324236,-0.2000430974430158,-0.22994445866966387,Gold,Basic Materials,GFI
2012Q4,2012,Q4,2012-12-31,2012-12-31,53500000.0,954300000.0,389600000.0,0.72,470500000.0,0.4930315414,10648300000.0,5914600000.0,1645400000.0,995000000.0,4607600000.0,402100000.0,1054300000.0,7843398790.391999,9548998790.391998,8.112461000700936,1.6536683417085427,0.22174431599410235,0.3992155006255706,0.019667044432657804,8.112461000700936,0.009045413045683563,8.21900742994027,36.65139621678504,1.3261080699272985,0.0,1.2031832877393682,0.0,0.08961993933303908,1.0441206030150754,0.0050242761755397575,131.1605148894983,0.49303154144399036,2.1304347826086953,-0.3276071306573244,0.0663755282851852,-0.022067505059154464,-0.23743922204213938,-0.6865846514352666,-0.05367986397862521,-0.7282201460286616,-0.15672078370427267,0.024462407017470142,Gold,Basic Materials,GFI
2012Q3,2012,Q3,2012-09-30,2012-09-30,170700000.0,1380000000.0,411700000.0,0.23,617000000.0,0.4471014493,10979700000.0,6261300000.0,1664900000.0,1153200000.0,4718400000.0,0.0,0.0,8087347622.139999,9778047622.14,8.595659108270814,1.443721817551162,0.19897629261273075,0.3489211505597879,0.02991508437025853,8.595659108270814,0.027262709022088064,5.860396827637681,11.844387261482131,1.2916403338188553,0.0,0.0,0.0,0.1256864941665073,0.42837322233784253,0.015546872865378836,-30.10926143760238,0.44710144927536233,-0.14814814814814817,1.5304928570740794,0.7137692850182746,0.059623792285519055,-0.07551693137548697,-0.13787878787878788,-0.1401420217209691,0.2834642476543266,0.4081928569917353,0.12041966704721829,Gold,Basic Materials,GFI
2012Q2,2012,Q2,2012-06-30,2012-06-30,198000000.0,1407500000.0,478800000.0,0.27,667400000.0,0.4741740675,10747600000.0,6093500000.0,1759000000.0,1013600000.0,4654100000.0,0.0,0.0,8037159083.4176,9402759083.417599,8.36529934298759,1.7353985793212312,0.2010123190293647,0.35454172478870927,0.03681781099685537,8.36529934298759,0.032493640764749324,5.710237359444121,10.147928135628282,1.3189725253823912,0.0,0.0,0.0,0.13095947002121403,0.7841357537490135,0.01842271762998251,39.61142968663184,0.4741740674955595,-0.27027027027027023,18.376964727931046,0.6676391977482592,0.0826871416257921,-0.04548054919908467,-0.26064227035100823,0.08917197452229299,1.6609751214673127,0.43409296841739603,0.07214569867689921,Gold,Basic Materials,GFI
2012Q1,2012,Q1,2012-03-31,2012-03-31,267800000.0,1442300000.0,439600000.0,0.37,699200000.0,0.4847812522,11023400000.0,6374800000.0,1634000000.0,1450500000.0,4648600000.0,0.0,0.0,8665408255.78,10117608255.78,8.807697311790418,1.1265081006549467,0.1933976812961518,0.3344261780761749,0.037597027168707345,8.807697311790418,0.0420091610717199,6.008048433599113,8.089440119286781,1.3593223718046055,0.0,0.0,0.0,0.1308398497741169,0.46859703550499826,0.024293775060326216,-42.167436767785894,0.4847812521666782,0.08823529411764697,3.4465428406311904,0.7841638111728557,0.0028836171277908653,-0.13132066095167103,0.09529652351738241,0.5500705218617772,0.7646408834612618,0.5363800268924056,0.23291647970724202,Gold,Basic Materials,GFI
2011Q4,2011,Q4,2011-12-31,2011-12-31,244500000.0,1533500000.0,283600000.0,0.34,804900000.0,0.5248777307,10077400000.0,5782800000.0,1713000000.0,1492500000.0,4225100000.0,297700000.0,772500000.0,9498918293.880001,10662618293.880001,7.99657502991041,1.1477386934673366,0.18930478099509795,0.32989209379539325,0.022683092259532973,7.99657502991041,0.042280556131977585,6.194273422810565,9.712595392515338,1.6426157387217266,0.0,2.4474302989586834,0.0,0.15217218727052612,0.8223785594639866,0.024262210490801198,46.29102482397661,0.5248777306814477,-0.15,0.681904568999387,0.6683140295895235,0.040068571578373874,0.000870430241233524,-0.16552901023890784,-0.5466751918158568,3.075542144643203,0.9293217715319604,0.16360965329647648,Gold,Basic Materials,GFI
2011Q3,2011,Q3,2011-09-30,2011-09-30,293000000.0,1570300000.0,625600000.0,0.4,804200000.0,0.5121314399,,,,,,,,9542452501.8,,,0.0,0.0,0.0,0.0,,0.0,6.0768340455963825,8.142024318941978,0.0,0.0,0.0,0.0,0.0,0.0,0.0,27.555450481663296,0.5121314398522575,0.6000000000000001,0.732006671763684,0.6141647283123464,0.0,0.22516758074344911,0.5727321524422974,0.5024015369836695,28.084768686387704,0.9181556195886208,0.0,Gold,Basic Materials,GFI
2011Q2,2011,Q2,2011-06-30,2011-06-30,186300000.0,1411300000.0,416400000.0,0.25,656400000.0,0.4651030964,,,,,,,,9072996850.297201,,,0.0,0.0,0.0,0.0,,0.0,6.428822256286545,12.175250738455718,0.0,0.0,0.0,0.0,0.0,0.0,0.0,91.36955539070696,0.46510309643591013,0.13636363636363635,3.486536707344452,0.4138591578191547,0.0,0.12013651877133105,0.1813570069752695,0.16835016835016836,3.0779766620028357,0.453965659195606,0.0,Gold,Basic Materials,GFI
2011Q1,2011,Q1,2011-03-31,2011-03-31,157700000.0,1285000000.0,356400000.0,0.22,586000000.0,0.4560311284,,,,,,,,10847909767.1812,,,0.0,0.0,0.0,0.0,,0.0,8.44195312621105,17.197066847148385,0.0,0.0,0.0,0.0,0.0,0.0,0.0,529.1663301064,0.45603112840466925,3.4971623155505105,0.41487164224148726,0.46073778516384467,0.0,-0.016448472641826115,3.4449612403100773,-0.48467322151532677,-0.14451823617653056,0.41606172623802734,0.0,Gold,Basic Materials,GFI
2010Q4,2010,Q4,2010-12-31,2010-12-31,-64500000.0,1334200000.0,691600000.0,-0.0881,595800000.0,0.4465597362,10710000000.0,6714000000.0,1588500000.0,1092500000.0,3627700000.0,256300000.0,779600000.0,11435643687.5028,12024443687.5028,9.168277314776587,1.4540045766590388,0.13056022408963586,0.208266309204647,0.11928058790134785,9.168277314776587,-0.009606791778373548,8.571161510645181,-44.32420033915814,1.7032534536048258,0.0,2.8809988294966837,0.0,0.1245751633986928,1.1175286041189931,-0.0060224089635854345,53.68846801644507,0.44655973617148853,-1.6776923076923078,-2.0792825613660915,0.6822402154460596,0.7650762290799916,0.11845316313121833,-1.6775210084033614,1.3200268366320027,-1.8070644037144628,0.484312495903932,0.10520793973300377,Gold,Basic Materials,GFI
2010Q3,2010,Q3,2010-09-30,2010-09-30,95200000.0,1230000000.0,298100000.0,0.13,532700000.0,0.4330894309,9841800000.0,6457000000.0,1432900000.0,1367400000.0,3384800000.0,0.0,0.0,9631676919.03,10353776919.03,8.81733193647787,1.0479011262249525,0.13570688288727673,0.20684528418770326,0.019929046371941435,8.81733193647787,0.014743689019668577,7.830631641487805,25.29326922014181,1.4916643826901037,0.707983193277311,0.0,0.00699774302715999,0.12497713832835457,0.4486616937253181,0.009673027291755574,5665.692305311765,0.43308943089430896,0.3,5.454244848166413,0.7807598986947785,0.7268422217076911,0.16386279222197947,0.29347826086956524,0.6653631284916202,0.4037839616825404,0.5193929719652806,0.08695035327551978,Gold,Basic Materials,GFI
2010Q2,2010,Q2,2010-06-30,2010-06-30,73600000.0,1169200000.0,179000000.0,0.1,457700000.0,0.3914642491,9181400000.0,5801100000.0,1132500000.0,1351800000.0,3042800000.0,234900000.0,834400000.0,8124820291.708,8745220291.708,8.222393259353698,0.8377718597425655,0.12210556124338336,0.1932564513626726,0.01142382930462642,8.222393259353698,0.012687248970022926,6.949042329548409,27.59789501259511,1.4005654602933926,0.0,3.0289484887186036,0.0,0.12734441370597077,0.5796715490457168,0.00801620667872002,-129.997124667328,0.39146424905918575,0.07526881720430115,1.218097933050413,0.6563455921895032,1.2618090118724223,0.3320721769499418,0.12195121951219512,0.12155388471177944,7.668985377200647,0.430262392199235,0.06419138040234999,Gold,Basic Materials,GFI
2010Q1,2010,Q1,2010-03-31,2010-03-31,65600000.0,971200000.0,159600000.0,0.093,343600000.0,0.3537891269,9125600000.0,6044700000.0,1142600000.0,1316900000.0,3080900000.0,0.0,0.0,7669051456.309999,8497851456.309999,8.567668293050506,0.8676437087098489,0.1329337249057596,0.20068820619716446,0.010385549601896988,8.567668293050506,0.010852482339901071,7.896469786151153,29.226568049961887,1.268723254472513,0.0,0.0,0.0,0.10642587884632243,0.29182170248310424,0.00718856842289822,52.205932309802584,0.35378912685337727,-0.6423076923076924,2.9791122704021853,0.36806972317380765,0.7240575627030754,0.11341542449773169,-0.6493853554249065,-0.5080147965474723,0.11739782798816031,0.23247997471467596,-0.02444715526458876,Gold,Basic Materials,GFI
2009Q4,2009,Q4,2009-12-31,2009-12-31,187100000.0,1075600000.0,324400000.0,0.26,308600000.0,0.2869096318,8663600000.0,5487400000.0,993700000.0,1020000000.0,2817200000.0,0.0,892600000.0,7824937778.196,8696637778.196,7.918749331484834,0.9742156862745098,0.12820305646613417,0.20240915551991837,0.03221992213622661,7.918749331484834,0.034096293326529865,7.274951448676088,10.455555556114376,1.4259827565324197,0.0,0.0,0.0,0.12415162288194284,0.23431372549019608,0.02159610323652985,2173.5938272766666,0.2869096318333953,0.44444444444444453,5.917442327755282,0.5900164814242589,0.5294833935095822,0.4958797867183713,0.45376845376845376,1.2173615857826383,0.343137290505136,0.221149814213564,0.029946230114582868,Gold,Basic Materials,GFI
2009Q3,2009,Q3,2009-09-30,2009-09-30,128700000.0,948300000.0,146300000.0,0.18,206300000.0,0.2175471897,8745800000.0,5407700000.0,1065500000.0,1157700000.0,2983700000.0,0.0,816100000.0,8366270828.7553,9274570828.755299,7.67182098019042,0.920359333160577,0.13919824372841821,0.22512343510179927,0.014084695573572328,7.67182098019042,0.023799397155907318,8.82238830407603,16.251497336354507,1.547103357944283,0.5641025641025641,0.0,0.00867770139002315,0.1084291888677994,0.2669949036883476,0.014715634933339432,-87.78878099428437,0.21754718970789835,0.7999999999999998,4.575124173337121,0.5550782304874612,0.6295813427344853,-0.6959021226415094,0.881578947368421,-0.15822784810126583,-0.21948633191428366,7.13793431441572e-05,0.397324120726692,Gold,Basic Materials,GFI
2009Q2,2009,Q2,2009-06-30,2009-06-30,68400000.0,902200000.0,173800000.0,0.1,678400000.0,0.7519397029,8335100000.0,5224500000.0,1018300000.0,975300000.0,2831100000.0,196000000.0,561500000.0,6949804160.6779995,7705704160.6779995,7.802390433791731,1.0440889982569466,0.13357968110760518,0.21311130251698726,0.012690714009269705,7.802390433791731,0.013092161929371232,7.703174640520948,25.401330996630115,1.330233354517753,0.0,1.1418367346938776,0.0,0.10824105289678589,0.7597662257766841,0.008206260272822162,57.674723325128625,0.7519397029483484,-0.5238095238095237,3.4966040254313153,0.5240619323579475,0.6153064204656229,1.2605798067310896,-0.5128205128205128,-0.34930737551478847,0.7760838864688053,-0.025462327099715958,1.076057011099059,Gold,Basic Materials,GFI
2009Q1,2009,Q1,2009-03-31,2009-03-31,140400000.0,868500000.0,267100000.0,0.21,300100000.0,0.3455382844,7270400000.0,4783500000.0,954900000.0,625400000.0,2486900000.0,0.0,0.0,6540342242.935,7350742242.935,7.143790724479423,1.526862807803006,0.1479698503521127,0.2248980871746629,0.0275041911597921,7.143790724479423,0.029350893697083727,7.530618587144502,11.645908552234687,1.367271295690394,0.0,0.0,0.0,0.11945697623239436,0.42436840422129835,0.01931117957746479,45.35604884143551,0.345538284398388,1.9999999999999996,1.732218198430278,0.43378949675726336,0.4435524797247163,0.1833596214511041,1.5904059040590406,0.5439306358381503,0.35696386331851343,0.06354234020355361,0.3290393692168138,Gold,Basic Materials,GFI
2008Q4,2008,Q4,2008-12-31,2008-12-31,54200000.0,718100000.0,173000000.0,0.07,253600000.0,0.3531541568,6888100000.0,4489900000.0,746300000.0,526300000.0,2398200000.0,0.0,0.0,5588026274.346001,6558426274.346001,6.872214412501922,1.4180125403762114,0.1567485954036672,0.240473061760841,0.016275651533015037,6.872214412501922,0.012071538341611171,7.781682599005711,25.775028940710335,1.2445770004556895,0.0,0.0,0.0,0.10425226114603446,0.2076762302869086,0.00786864302202349,-104.84101828041277,0.3531541568026737,4.035971223021583,-0.03610943083036175,0.23644429342064383,0.762476077982846,0.3025166923472008,4.956043956043956,1.6493108728943338,0.016549100305164155,0.014858818529427359,0.3230383292505858,Gold,Basic Materials,GFI
2008Q3,2008,Q3,2008-09-30,2008-09-30,9100000.0,739500000.0,65300000.0,0.0139,194700000.0,0.2632860041,62459200000.0,41218100000.0,6655500000.0,4773800000.0,21241100000.0,0.0,0.0,5395837313.9761,13151437313.9761,63.097830419782746,1.3941723574510871,0.15327926070138587,0.23226931857606245,0.00027657989170959136,63.097830419782746,0.00022077679466059812,7.296602182523462,148.23728884549723,0.1309094139219445,0.0,0.0,0.0,0.01183972897507493,0.3808496376052621,0.00014569510976765633,-16.02089463769626,0.26328600405679514,-0.7804107424960506,-0.8836121931588787,0.34911520925644723,18.117153867384435,-0.3771593090211132,-0.7796610169491526,-0.8258202187249933,-0.3083761922010633,0.2002134461515717,11.357479388550434,Gold,Basic Materials,GFI
2008Q2,2008,Q2,2008-06-30,2008-06-30,41300000.0,877500000.0,374900000.0,0.0633,312600000.0,0.3562393162,8021900000.0,4824100000.0,768000000.0,1538200000.0,3046400000.0,152800000.0,521800000.0,7111596579.5942,8197696579.5942,7.3910869650313185,0.499284878429333,0.16701778880315138,0.2777305611409382,0.01884428909917335,7.3910869650313185,0.008561182396716487,8.104383566489117,43.04840544548547,1.4741810036264174,0.0,3.6969895287958114,0.0,0.10938805021254316,0.3357170719022234,0.005148406237923684,223.63511256585534,0.35623931623931626,-0.73625,-0.6952674768736741,0.6558327052328802,1.405709211851774,-0.07977627318221961,-0.7523980815347722,0.51535974130962,1.132290270706045,0.3437342685324505,1.033133976658597,Gold,Basic Materials,GFI
2008Q1,2008,Q1,2008-03-31,2008-03-31,166800000.0,821100000.0,247400000.0,0.24,339700000.0,0.4137133114,7437400000.0,5239300000.0,748600000.0,598100000.0,2198100000.0,0.0,0.0,7774992269.9978,8360592269.9978,8.027222059221117,1.2516301621802375,0.11136956463280179,0.15809363846315347,0.02869509537643598,8.027222059221117,0.031836314011413736,9.468995579098527,11.653165872298862,1.4839753917503864,0.0,0.0,0.0,0.11040148438970608,0.4057849857883297,0.022427192298383844,59.53286577333691,0.4137133114115211,1.1818181818181819,0.3025064758293303,0.49667906258256345,1.8968550519335923,0.17869535045107565,1.3426966292134832,1.608011796510199,9.93660477523331,0.25025824753190357,0.6153044708701748,Gold,Basic Materials,GFI
2007Q4,2007,Q4,2007-12-31,2007-12-31,71200000.0,800800000.0,-406900000.0,0.11,288200000.0,0.3598901099,7680800000.0,5412100000.0,681200000.0,509800000.0,2268700000.0,0.0,0.0,7979588266.9019,8706888266.901901,8.295522485109418,1.3362102785406043,0.11925841058223102,0.1692503834001589,-0.03455242012789317,8.295522485109418,0.013155706657304927,9.96452081281456,28.01821722929038,1.4743977877167642,0.0,0.0,0.0,0.10425997291948755,0.3701451549627305,0.00926986772211228,-43.2029684185268,0.3598901098901099,0.22222222222222227,-0.37742815248728356,0.5650828570024582,2.1505710762447503,0.24761904761904763,0.17880794701986755,-2.740376390076989,1.7960163639605158,0.2573693007648951,0.6022560318980459,Gold,Basic Materials,GFI
2007Q3,2007,Q3,2007-09-30,2007-09-30,60400000.0,721000000.0,233800000.0,0.09,231000000.0,0.3203883495,7952700000.0,5290800000.0,739900000.0,579700000.0,2661900000.0,0.0,0.0,10308592060.975,11170292060.975,8.111991417001597,1.2763498361221322,0.13475926414928263,0.20255915929538065,0.022903448288281145,8.111991417001597,0.011416042942466167,14.297631152531206,42.668013497413085,1.948399497424775,0.0,0.0,0.0,0.09066103335973946,0.362256339485941,0.007594904875073874,-44.223904165486914,0.32038834951456313,6.769230769230769,-0.16554808326390197,0.3644744488402709,2.7861259346560603,0.03401969561324977,7.22680412371134,1.1994355597365944,1.8276991704237413,0.27779746981078557,0.723078510265235,Gold,Basic Materials,GFI
2007Q2,2007,Q2,2007-06-30,2007-06-30,-9700000.0,718500000.0,106300000.0,-0.0156,223400000.0,0.3109255393,8026000000.0,4791200000.0,824700000.0,812100000.0,3107700000.0,144900000.0,211800000.0,8385628709.2971,9501828709.2971,7.7264234711664095,1.0155153306243074,0.1797408422626464,0.30109367173150775,-0.0050428760126736295,7.7264234711664095,-0.002024544999165136,11.671021168124009,-216.1244512705438,1.7502147080683546,0.0,3.416839199447895,0.0,0.08952155494642412,0.7185075729589951,-0.0012085721405432346,166.05205364944752,0.31092553931802364,-1.2228571428571429,-1.0654659489818978,0.5147014279555897,2.387594504057692,-0.08141447368421052,-1.187984496124031,-0.2055306427503737,0.6176892049996778,0.3106231273397418,0.5995791989796916,Gold,Basic Materials,GFI
2007Q1,2007,Q1,2007-03-31,2007-03-31,51600000.0,692600000.0,133800000.0,0.07,243200000.0,0.3511406295,7463600000.0,5446000000.0,805700000.0,1073100000.0,2017600000.0,0.0,0.0,9870410034.422699,10464910034.422699,8.782372312567263,0.7508153946510111,0.12297014845382925,0.16852735952993023,0.013151548942533366,8.782372312567263,0.009474843922144694,14.251241747650447,47.82175404274563,1.8124146225528275,0.0,0.0,0.0,0.092797041642103,0.3012766750535831,0.006913553781017203,-14.006541839680288,0.3511406295119838,-0.65,-0.6016936001033267,0.5726179894333974,3.732565917747913,-0.009368635437881873,-0.5038461538461538,-0.4077025232403719,0.08429944527477974,0.23466552330634285,0.7746621952725263,Gold,Basic Materials,GFI
2023Q1,2023,Q1,2023-02-23,2023-02-23,,,,,,,0.0,0.0,0.0,0.0,0.0,0.0,0.0,0.0,0.0,0.0,0.0,0.0,0.0,0.0,0.0,0.0,0.0,0.0,0.0,0.0,0.0,,0.0,0.0,0.0,0.0,0.0,0.0,0.0,0.0,0.0,0.0,0.0,0.0,0.0,0.0,0.0,Gold,Basic Materials,GFI
2022Q4,2022,Q4,2022-12-31,2022-12-31,,,,,,,7338100000.0,4339500000.0,1802400000.0,785400000.0,2998600000.0,759000000.0,2629200000.0,0.0,704100000.0,0.0,2.294881588999236,0.20080129733854812,0.33955524830049544,,0.0,,0.0,0.0,0.0,0.0,,,,1.3698752228163993,,0.0,0.0,0.0,0.0,0.0,0.0,0.0,0.0,0.0,0.0,0.0,0.0,Gold,Basic Materials,GFI
2022Q3,2022,Q3,2022-11-04,2022-11-04,,,,,,,0.0,0.0,0.0,0.0,0.0,0.0,0.0,0.0,0.0,0.0,0.0,0.0,0.0,0.0,0.0,0.0,0.0,0.0,0.0,0.0,0.0,,0.0,0.0,0.0,0.0,0.0,0.0,0.0,0.0,0.0,0.0,0.0,0.0,0.0,0.0,0.0,Gold,Basic Materials,GFI
2022Q2,2022,Q2,2022-06-30,2022-06-30,,,,,,,7547900000.0,4245600000.0,1526100000.0,688100000.0,3141300000.0,0.0,2579100000.0,0.0,851300000.0,0.0,2.217846243278593,0.20872030631036448,0.37106651592236667,,0.0,,0.0,0.0,0.0,0.0,0.0,,,1.0523179770382212,,0.0,0.0,0.0,0.0,0.0,0.0,0.0,0.0,0.0,0.0,0.0,0.0,Gold,Basic Materials,GFI
2021Q4,2021,Q4,2021-12-31,2021-12-31,,,,,,,7348800000.0,3977800000.0,1421100000.0,822400000.0,3218700000.0,627600000.0,2222600000.0,0.0,968900000.0,0.0,1.7279912451361867,0.20324406705856737,0.37548393584393386,,0.0,,0.0,0.0,0.0,0.0,,,,0.8269698443579766,,0.0,0.0,0.0,0.0,0.0,0.0,0.0,0.0,0.0,0.0,0.0,0.0,Gold,Basic Materials,GFI
2021Q2,2021,Q2,2021-06-30,2021-06-30,,,,,,,7483400000.0,3904600000.0,1577200000.0,777000000.0,3414100000.0,0.0,1952600000.0,0.0,1096600000.0,0.0,2.0298584298584297,0.24054574124061257,0.46102033498949957,,0.0,,0.0,0.0,0.0,0.0,0.0,,,0.9054054054054054,,0.0,0.0,0.0,0.0,0.0,0.0,0.0,0.0,0.0,0.0,0.0,0.0,Gold,Basic Materials,GFI
2019Q4,2019,Q4,2019-12-31,2019-12-31,,,,,,,6561300000.0,2777000000.0,1101100000.0,1367800000.0,3652600000.0,417800000.0,1190000000.0,0.0,1663700000.0,0.0,0.8050153531218014,0.3320530992333836,0.7845516744688513,,0.0,,0.0,0.0,0.0,0.0,,,,0.4448018716186577,,0.0,0.0,0.0,1.0,-1.0,-1.0,0.0,0.0,0.0,0.0,0.0,0.0,Gold,Basic Materials,GFI
2019Q2,2019,Q2,2019-06-30,2019-06-30,,,,,,,6515800000.0,2704200000.0,1035400000.0,644900000.0,3690800000.0,0.0,0.0,0.0,1794000000.0,0.0,1.6055202356954568,0.3574081463519445,0.8611789068855854,,0.0,,0.0,0.0,0.0,0.0,0.0,,,0.8292758567219723,,0.0,0.0,0.0,-1.0,-1.0,0.0,0.0,0.0,0.0,0.0,0.0,0.0,Gold,Basic Materials,GFI
2018Q4,2018,Q4,2018-12-31,2018-12-31,,,,,,,6104300000.0,2586100000.0,921100000.0,615500000.0,3397400000.0,368200000.0,1073900000.0,0.0,1700500000.0,0.0,1.4965069049553208,0.34405255311829364,0.8121109005838908,,0.0,,0.0,0.0,0.0,0.0,,,,0.8141348497156783,,0.0,0.0,0.0,1.0,-1.0,-1.0,0.0,0.0,0.0,0.0,0.0,0.0,Gold,Basic Materials,GFI
2017Q4,2017,Q4,2017-12-31,2017-12-31,,,,,,,6620100000.0,3275800000.0,1114400000.0,854000000.0,3217100000.0,393500000.0,1471100000.0,0.0,1302500000.0,0.0,1.3049180327868852,0.2691046963036812,0.5438366200622748,,0.0,,0.0,0.0,0.0,0.0,,,,0.7076112412177986,,0.0,0.0,0.0,-1.0,-1.0,-1.0,0.0,0.0,0.0,1.0,-1.0,-1.0,Gold,Basic Materials,GFI
2016Q4,2016,Q4,2016-12-31,2016-12-31,,,,,,,6334700000.0,3067000000.0,1052700000.0,859400000.0,3145100000.0,329400000.0,1570900000.0,0.0,1166200000.0,0.0,1.2249243658366302,0.2672423319178493,0.5519726116726443,,0.0,,0.0,0.0,0.0,0.0,,,,0.7522690249010938,,0.0,0.0,0.0,-1.0,-1.0,-1.0,0.0,0.0,0.0,1.0,-1.0,-1.0,Gold,Basic Materials,GFI
