Quarters,Year,Quarter,FillingDate,Date,NetIncome,Revenue,OperatingIncome,EPSDiluted,GrossProfit,GrossProfitRatio,TotalAssets,CommonStockEquity,CurrentAssets,CurrentLiability,TotalLiability,Inventory,RetainedEarnings,MarketCap,EnterpriseValue,bookValuePerShare,currentRatio,debtToAssets,debtToEquity,roic,shareholdersEquityPerShare,roe,priceToSalesRatio,peRatio,pbRatio,payoutRatio,inventoryTurnover,dividendYield,assetTurnover,quickRatio,returnOnAssets,priceToFreeCashFlowsRatio,grossProfitMargin,epsdilutedGrowth,fiveYNetIncomeGrowthPerShare,fiveYRevenueGrowthPerShare,fiveYShareholdersEquityGrowthPerShare,grossProfitGrowth,netIncomeGrowth,operatingIncomeGrowth,threeYNetIncomeGrowthPerShare,threeYRevenueGrowthPerShare,threeYShareholdersEquityGrowthPerShare,Industry,Sector,Symbol
2023Q1,2023,Q1,2023-05-04,2023-03-31,433000000.0,357000000.0,399000000.0,24.79,347000000.0,0.9719887955,20345000000.0,4877000000.0,831000000.0,74000000.0,15291000000.0,0.0,4830000000.0,381411841.0,1383411841.0,285.14348090205203,11.22972972972973,0.08994839026787908,0.37523067459503795,0.05937523926192481,285.14348090205203,0.08878408857904449,1.0683805070028012,0.2202146887990762,0.0782062417469756,0.020785219399538105,0.0,0.023596540622345282,0.017547308921110838,99.5,0.02128287048414844,5.448740585714286,0.9719887955182073,0.3480152256661228,12.923388440303507,2.9035575912097302,0.7852562791758644,0.8858695652173914,0.8347457627118644,0.33,2.0598506647034656,21.00174697266173,0.43684211006367457,Insurance—Diversified,Financial Services,ESGRP
2022Q4,2022,Q4,2023-03-01,2022-12-31,236000000.0,184000000.0,300000000.0,18.39,184000000.0,1.0,22154000000.0,4701000000.0,836000000.0,593000000.0,17189000000.0,0.0,4406000000.0,364213148.4,1864213148.4,276.21572818539136,1.4097807757166947,0.10481177214047124,0.49393746011486916,0.040475907031463365,276.21572818539136,0.050202084662837695,1.9794192847826086,0.3858190131355932,0.07747567504786215,0.038135593220338986,0.0,0.024710804756877362,0.008305497878486955,12.48735244519393,0.01065270380066805,-4.3881102216867465,1.0,1.6544483985765124,1.3442794204506456,-0.2786187863909295,0.7209903914152498,1.384133611691023,1.493723849372385,1.6437768240343347,0.5284134919148803,-0.4706738771560818,0.24809994099913915,Insurance—Diversified,Financial Services,ESGRP
2022Q3,2022,Q3,2022-11-03,2022-09-30,-478000000.0,-466000000.0,-466000000.0,-28.1,-479000000.0,1.0278969957,21552000000.0,4060000000.0,7177000000.0,154000000.0,17228000000.0,0.0,3866000000.0,398919534.3,1380919534.3,238.662165709843,46.603896103896105,0.08839086859688196,0.46921182266009853,-0.07945212320094167,238.662165709843,-0.11773399014778325,-0.8560505027896996,-0.20863992379707114,0.09825604293103447,-0.01882845188284519,0.0,0.022560940806753572,-0.02162212323682257,46.603896103896105,-0.022178916109873794,0.8729092654266959,1.0278969957081545,0.09354838709677414,-16.524123662346746,-3.2255119670491577,0.5492046665173237,-48.9,0.10486891385767791,0.11406844106463879,-6.557979407264081,-2.452779624643027,0.117923729576399,Insurance—Diversified,Financial Services,ESGRP
2022Q2,2022,Q2,2022-08-09,2022-06-30,-534000000.0,23000000.0,-526000000.0,-31.0,10000000.0,0.4347826087,23269000000.0,4693000000.0,7407000000.0,205000000.0,18209000000.0,0.0,4310000000.0,401329661.7,1521329661.7,272.46154579458533,36.13170731707317,0.08186858051484808,0.40592371617302364,-0.08032279650208468,272.46154579458533,-0.11378649051779245,17.449115726086955,-0.1878884183988764,0.0855166549541871,-0.016853932584269662,0.0,0.022425454330678496,0.000988439554772444,36.13170731707317,-0.02294898792384718,0.7629841477186312,0.43478260869565216,-1.3700305810397555,-7.366005991712153,-0.9089913003114094,0.7953222000024315,-0.2857142857142857,-1.3217391304347825,-0.7022653721682848,-3.8781999696090472,-0.9459364828349718,0.321006736410781,Insurance—Diversified,Financial Services,ESGRP
2022Q1,2022,Q1,2022-05-05,2022-03-31,-230000000.0,14000000.0,-309000000.0,-13.08,14000000.0,1.0,23240000000.0,5534000000.0,7660000000.0,267000000.0,17292000000.0,0.0,4803000000.0,461932836.84000003,1602932836.8400002,314.8369381897263,28.689138576779026,0.0819277108433735,0.3440549331405855,-0.03868416153835268,314.8369381897263,-0.04156125767979761,32.995202631428576,-0.5021009096086957,0.08347178114203108,-0.0391304347826087,0.0,0.019483351869001977,0.0006024096385542169,28.689138576779026,-0.009896729776247849,-0.7184025456298601,1.0,-2.6029411764705883,-5.706842971840204,-0.9444827173275863,1.146883713501471,-0.9020979020979021,-2.554054054054054,-3.1458333333333335,-1.8081654786195176,-0.9782361393877228,0.5978323996531067,Insurance—Diversified,Financial Services,ESGRP
2021Q4,2021,Q4,2022-02-24,2021-12-31,148000000.0,143000000.0,144000000.0,8.16,143000000.0,1.0,24020000000.0,6096000000.0,9068000000.0,254000000.0,17924000000.0,0.0,5085000000.0,534066077.28,579066077.28,337.40723791660326,35.7007874015748,0.07039966694421315,0.27739501312335957,0.016894253956023574,337.40723791660326,0.024278215223097113,3.734727813146853,0.9021386440540541,0.08760926464566929,0.06233108108108108,0.0,0.017273143516216102,0.005953372189841799,35.7007874015748,0.006161532056619483,-9.385552207792207,1.0,1.7640449438202248,8.339231502029516,-0.2584370996661492,1.3558400189485793,0.0,1.7551020408163265,0.0,2.5498382762023613,-0.09611276502574062,0.8556281301891349,Insurance—Diversified,Financial Services,ESGRP
2021Q3,2021,Q3,2021-11-04,2021-09-30,-196000000.0,51966000.0,0.0,-10.68,0.0,1.0,26053448000.0,6079865000.0,0.0,0.0,19565094000.0,0.0,5012607000.0,537456386.36,641036386.36,331.33711007895374,0.0,0.06489498050315644,0.27808808254788553,0.0,331.33711007895374,-0.03223755790630219,10.342462116768656,-0.6855311050510203,0.08839939478261441,-0.045535714285714284,0.0,0.016605998601013628,0.001994592040178329,0.0,-0.0075229965722771125,0.35761596604402063,0.0,-1.6180555555555556,-2.3659205798334124,-0.833006000566868,1.321086092327925,0.0,-1.5185185185185186,0.0,-13.345207358253894,-0.7920370992235091,0.8190812580483412,Insurance—Diversified,Financial Services,ESGRP
2021Q2,2021,Q2,2021-08-05,2021-06-30,378000000.0,547000000.0,0.0,17.28,0.0,1.0,24621331000.0,7187308000.0,0.0,0.0,17243939000.0,0.0,5208565000.0,647062529.5799999,1241915529.58,328.5626364085652,0.0,0.05540772755136593,0.1898084790578058,0.0,328.5626364085652,0.052592709259155164,1.1829296701645338,0.4279514084523809,0.09002849600712812,0.02361111111111111,0.0,0.013793102817734021,0.02221650811647835,0.0,0.015352541257822334,0.4184975704780112,0.0,1.062052505966587,7.771577375861,0.6066695787590765,1.4366352547673258,0.0,1.0655737704918034,0.0,42.19999802514295,1.0173870496663036,0.728605614862566,Insurance—Diversified,Financial Services,ESGRP
2021Q1,2021,Q1,2021-05-07,2021-03-31,183000000.0,144000000.0,0.0,8.38,0.0,1.0,22059792000.0,6760776000.0,0.0,0.0,15111558000.0,0.0,4831239000.0,628052568.36,1429239568.3600001,309.5917882602256,0.0,0.06180996629523977,0.201680250906109,0.0,309.5917882602256,0.027067898714585426,4.361476169166667,0.8579953119672132,0.09289652080767061,0.048770491803278686,0.0,0.01421059390506972,0.006527713407270567,0.0,0.008295635788406346,0.776466345671686,0.0,-0.7740630897816122,2.596567672713775,-0.5581981797057864,1.3357831638310282,0.0,-0.7732524641757479,0.0,4.946799644307034,0.2332100674476316,0.938324811860971,Insurance—Diversified,Financial Services,ESGRP
2020Q4,2020,Q4,2021-03-01,2020-12-31,807065000.0,1017129000.0,0.0,37.09,0.0,1.0,21647284000.0,6674395000.0,0.0,0.0,14593844000.0,0.0,4647312000.0,614562071.12,1086669071.12,306.69792956226263,0.0,0.06343793521626084,0.205750333925397,0.0,306.69792956226263,0.1209195739838592,0.6042125149513975,0.19036944704577696,0.09207756974527279,0.011058588837330326,0.0,0.014522536322058991,0.04698644873878866,0.0,0.037282506202625694,0.9006736726773906,0.0,0.32228163992869885,5.3178494286355225,8.782588081131399,1.3642287807994014,0.0,0.32093089485451287,0.0,5.2696987122655035,2.1186298238217223,0.9109128698469275,Insurance—Diversified,Financial Services,ESGRP
2020Q3,2020,Q3,2020-11-06,2020-09-30,610982000.0,793050000.0,0.0,28.05,0.0,1.0,21770588000.0,5820885000.0,0.0,0.0,15558504000.0,0.0,3816548000.0,572110056.52,1379417056.52,267.2818755890098,0.0,0.06650752841402355,0.24874361888269567,0.0,267.2818755890098,0.10496376410116331,0.7214047746295946,0.23409448090123766,0.09828575148280716,0.014607631648722875,0.0,0.015600145283738773,0.036427587532316535,0.0,0.028064561232797203,0.4559121761076256,0.0,-0.23569482288828342,10.088902082784719,1.6332101543693909,1.1250563071288473,0.0,-0.23599077159702642,0.0,14.499959379767322,1.958472481196284,0.7349810251927975,Insurance—Diversified,Financial Services,ESGRP
2020Q2,2020,Q2,2020-08-10,2020-06-30,799705000.0,1213845000.0,0.0,36.7,0.0,1.0,21293915000.0,5186913000.0,0.0,0.0,15726916000.0,0.0,3190104000.0,527720449.06,1417887449.06,238.05602584431333,0.0,0.07241608694314784,0.29729089344664156,0.0,238.05602584431333,0.15417744619969528,0.4347511000663182,0.16497347429989806,0.1017407558329974,0.011160365384735622,0.0,0.01691236338462461,0.057004313204030356,0.0,0.0375555645826519,0.7636512737302276,0.0,2.536207618250314,47.937159315032794,3.2137743069786042,0.9245791796162991,0.0,2.5535733742726077,0.0,6.536525116664722,2.7969411025039443,0.5686150014169883,Insurance—Diversified,Financial Services,ESGRP
2020Q1,2020,Q1,2020-05-07,2020-03-31,-514751999.0,20444000.0,0.0,-23.89,0.0,1.0,19131509000.0,4276599000.0,0.0,0.0,14448732000.0,0.0,2375073000.0,472372580.48,1198048580.48,198.45150619187777,0.0,0.08057670725294068,0.3604626012399105,0.0,198.45150619187777,-0.12036480366758726,23.105682864410095,-0.2294175551516411,0.11045519593490062,-0.01733844650887893,0.0,0.018893984047361274,0.0010686036318410638,0.0,-0.02690598002488983,2.9875820967415505,0.0,-3.6339581036383684,-11.29593794241106,-0.9361687970774571,0.6434874338673111,0.0,-3.5931437444900634,0.0,-9.592296588059504,-0.933873523581505,0.35324752239342394,Insurance—Diversified,Financial Services,ESGRP
2019Q4,2019,Q4,2020-02-27,2019-12-31,198505000.0,446884000.0,0.0,9.07,0.0,1.0,19363315000.0,4842183000.0,0.0,0.0,14068173000.0,0.0,2887892000.0,610882340.8000001,1099004340.8000002,221.30898264787425,0.0,0.06151875337461587,0.24600619183537673,0.0,221.30898264787425,0.04099493967906624,1.3669819031336994,0.7693538459988414,0.12615845803432046,0.04496108410367497,0.0,0.014610014734280889,0.023078899454974523,0.0,0.010251602062973205,0.543837024718637,0.0,0.7924901185770753,0.6590187539543987,0.7741598845203888,0.8601087924870628,0.0,0.8074335090642556,0.0,9.343542009025587,0.9136176559804405,0.5452204318258437,Insurance—Diversified,Financial Services,ESGRP
2019Q3,2019,Q3,2019-11-07,2019-09-30,109827000.0,409623000.0,0.0,5.06,0.0,1.0,18213354000.0,4637800000.0,0.0,0.0,13128077000.0,0.0,2691482000.0,589155991.9200001,967222991.9200001,213.48698430462363,0.0,0.06647183160224086,0.2610451075941179,0.0,213.48698430462363,0.02368084005347363,1.438288357636168,1.3411000753912972,0.12703350552417095,0.08126417001283838,0.0,0.015148789323035355,0.022490256325111785,0.0,0.006030026100629242,1.0818876639066555,0.0,-0.5301764159702879,2.6901858161860286,0.7122850466264808,0.8599601491400315,0.0,-0.5342070106240855,0.0,-0.35351010630931695,0.11185755977519506,0.4955211930363458,Insurance—Diversified,Financial Services,ESGRP
2019Q2,2019,Q2,2019-08-06,2019-06-30,235785000.0,540654000.0,0.0,10.77,0.0,1.0,18224842000.0,4514830000.0,0.0,0.0,13261707000.0,0.0,2573117000.0,565850580.35,989812580.35,206.25295714605693,0.0,0.08216515676788858,0.3316729533559403,0.0,206.25295714605693,0.05222455773528571,1.0466038914906761,0.5999645655470026,0.1253315363701402,0.03785228067943253,0.0,0.01577271511231737,0.02966577158803352,0.0,0.012937560720691021,-49.34599985610883,0.0,-0.3347745521927116,3.019204969704537,0.6099476089136379,0.8119711527602752,0.0,-0.32764063270817234,0.0,4.467753600364749,0.5869583476271626,0.5295811851143144,Insurance—Diversified,Financial Services,ESGRP
2019Q1,2019,Q1,2019-05-08,2019-03-31,350683000.0,792646000.0,0.0,16.19,0.0,1.0,18058251000.0,4267712000.0,0.0,0.0,13321741000.0,0.0,2335028000.0,560321227.44,946061227.44,197.0400263870467,0.0,0.061123859669466325,0.25863741508330457,0.0,197.0400263870467,0.08217119618193543,0.7068997098831005,0.39944995012589724,0.1312931208666377,0.02606057322425096,0.0,0.016310286943356286,0.043893841103437976,0.0,0.019419544007888694,5.229901878325151,0.0,4.060491493383743,8.147470722545764,3.7950609696998514,0.8435937653305038,0.0,4.091815592957337,0.0,5.948936242696634,1.4519451361934874,0.4866117051167741,Insurance—Diversified,Financial Services,ESGRP
2018Q4,2018,Q4,2019-03-01,2018-12-31,-113423000.0,187909000.0,0.0,-5.29,0.0,1.0,16556270000.0,3901933000.0,0.0,0.0,12183738000.0,0.0,1976539000.0,502148555.99999994,761591556.0,181.82912428807222,0.0,0.0520370228318335,0.22079799935057828,0.0,181.82912428807222,-0.02906841301478011,2.6722964626494736,-1.1068049601932588,0.12869225483881963,-0.06171587773202966,0.0,0.013940097838297878,0.011349718263835996,0.0,-0.006850758051179402,-2.0003766766124755,0.0,-6.148648648648648,-1.6426799280952007,0.09715531857075271,0.7311965959518706,0.0,-6.104478546821172,0.0,-1.9004230167499427,0.8327786269232498,0.40165813783930643,Insurance—Diversified,Financial Services,ESGRP
2018Q3,2018,Q3,2018-11-08,2018-09-30,-15965000.0,291980000.0,0.0,-0.74,0.0,1.0,15121228000.0,3905364000.0,0.0,0.0,10747223000.0,0.0,2083193000.0,563681944.54,404732944.53999996,182.14530473170794,0.0,0.026087166994638266,0.10100723005589236,0.0,182.14530473170794,-0.004087967216372149,1.9305498477292964,-8.826839093955527,0.14433531536112895,0.0,0.0,0.0,0.019309278320517355,0.0,-0.0010558004945101019,2.769867789685757,0.0,-2.85,-1.3115497987824234,0.8509904548358097,0.8836134454374178,0.0,-2.9365599223677825,0.0,-1.2943100054854237,-0.015277124021522747,0.4481678856115355,Insurance—Diversified,Financial Services,ESGRP
2018Q2,2018,Q2,2018-08-02,2018-06-30,8244000.0,255463000.0,0.0,0.4,0.0,1.0,15203212000.0,3917421000.0,0.0,0.0,10804971000.0,0.0,2098484000.0,520608600.00000006,140509600.00000006,190.07379912663757,0.0,0.028915600203430696,0.1122192381160973,0.0,190.07379912663757,0.0021044457565321676,2.0379021619569175,15.7875,0.13289574952500638,0.0,0.0,0.0,0.016803225528921124,0.0,0.0005422538342555507,-13.580149207011688,0.0,1.1886792452830188,-0.6521736312965567,1.6564996586328835,1.0224101462558959,0.0,1.2000485319097307,0.0,-0.46666667583361976,-0.06246424887221687,0.5366637962314612,Insurance—Diversified,Financial Services,ESGRP
2018Q1,2018,Q1,2018-05-08,2018-03-31,-41210000.0,103782000.0,0.0,-2.12,0.0,1.0,15611652000.0,3100035000.0,0.0,0.0,12021574000.0,0.0,2089760000.0,489107449.409025,696787449.409025,159.72131521289708,0.0,0.05511953507546799,0.27757976926066963,0.0,159.72131521289708,-0.01329339830034177,4.712835071679337,-2.9671648229132797,0.15777481525499715,0.0,0.0,0.0,0.0066477269670115625,0.0,-0.0026396950175420256,-6.590501110424246,0.0,-1.358108108108108,-3.9489471831775886,0.08058022852396572,0.6963207586716309,0.0,-1.3564848054947622,0.0,-1.915189228854162,-0.640226141705986,0.32274115480560533,Insurance—Diversified,Financial Services,ESGRP
2017Q4,2017,Q4,2018-02-28,2017-12-31,115601000.0,292895000.0,0.0,5.92,0.0,1.0,13606422000.0,3136684000.0,0.0,0.0,9980868000.0,0.0,2132912000.0,492494480.74343103,184033480.74343103,160.49812338478336,0.0,0.04752821866027674,0.20616963646959655,0.0,160.49812338478336,0.03685452535225098,1.6814711099316513,1.0650740061578858,0.15701118784787726,0.0,0.0,0.0,0.02152623224533239,0.0,0.008496061639128935,3.5395861745695387,0.0,2.2707182320441985,0.39674520675723074,5.425712342782237,0.705133083413619,0.0,2.256549664769846,0.0,0.08164010858239748,0.30182094468474935,0.3489916537220891,Insurance—Diversified,Financial Services,ESGRP
2017Q3,2017,Q3,2017-11-08,2017-09-30,35498000.0,241401000.0,0.0,1.81,0.0,1.0,14759430000.0,3021345000.0,0.0,0.0,11287256000.0,0.0,2037051000.0,494226577.61216503,523229577.61216503,154.0546390467345,0.0,0.044273660974712435,0.216279173679272,0.0,154.0546390467345,0.011749072019249705,2.0473261403729275,3.4806649502237095,0.16357833270022623,0.0,0.0,0.0,0.016355712923873077,0.0,0.002405106430261873,-2.249582732637064,0.0,-0.6283367556468172,-0.3671332028126777,3.0501331324844143,0.728151408056645,0.0,-0.626560905561926,0.0,0.32116808790219964,0.11775306722713309,0.34216842469525827,Insurance—Diversified,Financial Services,ESGRP
2017Q2,2017,Q2,2017-08-03,2017-06-30,95057000.0,286388000.0,0.0,4.87,0.0,1.0,14830771000.0,2962225000.0,0.0,0.0,11401482000.0,0.0,1996283000.0,491876173.51889503,451595173.51889503,151.76192094890618,0.0,0.043206587169338666,0.21631948957287175,0.0,151.76192094890618,0.032089729848340354,1.7175167029306222,1.2936348020632227,0.16604956528248022,0.0,0.0,0.0,0.01931039188724578,0.0,0.006409444256134762,-2.9207064516293273,0.0,0.7517985611510793,0.9959020339376966,8.695356865297619,0.76152653005847,0.0,0.7502992137583089,0.0,0.8171637973191523,-0.04361417658832393,0.3332571161739603,Insurance—Diversified,Financial Services,ESGRP
2017Q1,2017,Q1,2017-05-08,2017-03-31,54309000.0,280268000.0,0.0,2.78,0.0,1.0,14882877000.0,2864866000.0,0.0,0.0,11535730000.0,0.0,1905956000.0,492297593.13561803,301580593.13561803,146.64834253003923,0.0,0.049106432848971336,0.2551061725051015,0.0,146.64834253003923,0.01895690758311209,1.7565244449441892,2.266187893054641,0.17183965781841734,0.0,0.0,0.0,0.018831574029671817,0.0,0.003649092846766119,-5.22947548981419,0.0,2.159090909090909,39.43815623467307,41.04225727925606,13.732373320272156,0.0,2.164491318028202,0.0,0.5706217732082014,0.8797576817241086,0.3721068502770246,Insurance—Diversified,Financial Services,ESGRP
2016Q4,2016,Q4,2017-02-27,2016-12-31,17162000.0,208836000.0,0.0,0.88,0.0,1.0,12865744000.0,2802312000.0,0.0,0.0,9600390000.0,0.0,1847550000.0,493069847.166263,211801847.16626298,143.22162591804067,0.0,0.052356319230353096,0.24037401973798778,0.0,143.22162591804067,0.006124228851034432,2.361038552578401,7.182581388624039,0.17595108866045714,0.0,0.0,0.0,0.01623194119205232,0.0,0.001333929852793589,13.897120833321956,0.0,-0.8874680306905371,-0.04134536315287274,52.724851640610744,13.54043724917881,0.0,-0.8872041590262305,0.0,-0.8933477608203126,0.3373170189524799,0.3636142847126339,Insurance—Diversified,Financial Services,ESGRP
2016Q3,2016,Q3,2016-11-08,2016-09-30,152151000.0,329961000.0,0.0,7.82,0.0,1.0,12470920000.0,2777454000.0,0.0,0.0,9234444000.0,0.0,1817266000.0,490307574.256649,291886574.256649,142.75089199584164,0.0,0.04575588649434043,0.20544642683551195,0.0,142.75089199584164,0.0547807452436656,1.4859561410489392,0.8056266049132917,0.17653130322109709,0.0,0.0,0.0,0.026458432898294592,0.0,0.012200463157489584,-22.45306471844342,0.0,2.969543147208122,90.21541020394166,204.56659056519575,17.72646298364076,0.0,2.981342893029098,0.0,2.271966563752343,1.3050968633839362,0.4762252582223379,Insurance—Diversified,Financial Services,ESGRP
2016Q2,2016,Q2,2016-08-05,2016-06-30,38216000.0,301920000.0,0.0,1.97,0.0,1.0,12659166000.0,2615814000.0,0.0,0.0,9600055000.0,0.0,1662623000.0,488854668.198994,302038668.198994,134.84276555784285,0.0,0.04850477511709697,0.23473763807365508,0.0,134.84276555784285,0.014609601447197699,1.6191529815811936,3.1979711913792257,0.18688433818268194,0.0,0.0,0.0,0.023849912387593306,0.0,0.003018840261672846,-9.012142692260785,0.0,-0.15450643776824038,28.56974098810554,71.43137862310599,16.493616303315154,0.0,-0.15665894295487146,0.0,0.7130440509403205,2.335588150556846,0.43474470687932043,Insurance—Diversified,Financial Services,ESGRP
2016Q1,2016,Q1,2016-05-06,2016-03-31,45315000.0,290278000.0,0.0,2.33,0.0,1.0,12850350000.0,2577764000.0,0.0,0.0,9839570000.0,0.0,1622957000.0,490102370.648506,324663370.648506,132.54303441097224,0.0,0.045182738213356055,0.2252393935208964,0.0,132.54303441097224,0.01757918878531937,1.6883896493999062,2.7038639007420615,0.1901269358438189,0.0,0.0,0.0,0.022589112358807346,0.0,0.003526363095168614,-3.0236807823435785,0.0,-0.6030664395229983,92.59839013155792,52.78342987985856,18.434232923101145,0.0,-0.6021090896319191,0.0,2.236114193525921,2.0162447398093493,0.4076737371525578,Insurance—Diversified,Financial Services,ESGRP
2015Q4,2015,Q4,2016-02-29,2015-12-31,113888000.0,92696000.0,0.0,5.87,0.0,1.0,11832132000.0,2516872000.0,0.0,0.0,8893686000.0,0.0,1578312000.0,488922859.4017,267247859.40170002,129.7243025095739,0.0,0.050730502330433774,0.23849047547908675,0.0,129.7243025095739,0.04524981802809201,5.274476346354751,1.073253677739753,0.19425813446281734,0.0,0.0,0.0,0.007834260131648294,0.0,0.009625315201013647,-2.4215250556033223,0.0,1.3201581027667986,5.645807877830888,16.500503291112548,18.247439356083806,0.0,1.3222543941927327,0.0,0.3861000840692917,1.0484781721671332,0.3781918147511641,Insurance—Diversified,Financial Services,ESGRP
2015Q3,2015,Q3,2015-11-09,2015-09-30,49042000.0,268067000.0,0.0,2.53,0.0,1.0,12053610000.0,2438074000.0,0.0,0.0,9211653000.0,0.0,1503640000.0,488481783.78419703,193149783.7841971,125.77637340355136,0.0,0.06062250230428892,0.29971198577237607,0.0,125.77637340355136,0.02011505803351334,1.8222376636594473,2.4901196106612544,0.2003556019153631,0.0,0.0,0.0,0.022239561425996028,0.0,0.004068656609928478,-8.222768470932179,0.0,2.373333333333333,15.603039066974896,58.11554292414478,19.03929593871842,0.0,2.371742866964593,0.0,-0.11538495191189066,3.5504182025706865,0.4109319793457594,Insurance—Diversified,Financial Services,ESGRP
2015Q2,2015,Q2,2015-08-07,2015-06-30,14545000.0,256398000.0,0.0,0.75,0.0,1.0,12332360000.0,2398810000.0,0.0,0.0,9504402000.0,0.0,1454598000.0,488712010.993333,62260010.99333298,123.69250814184441,0.0,0.052747973623864366,0.27117904294212547,0.0,123.69250814184441,0.006063423113960673,1.9060679529221483,8.400000188953817,0.20373102121190634,0.0,0.0,0.0,0.020790667804053725,0.0,0.0011794174026706972,-1.8895453564542724,0.0,-0.6767241379310345,7.490688721964017,82.53630043577934,20.189661892719556,0.0,-0.6756750730260664,0.0,-0.6926228244606565,7.736276863315938,0.4357200627072233,Insurance—Diversified,Financial Services,ESGRP
2015Q1,2015,Q1,2015-05-11,2015-03-31,44847000.0,287299000.0,0.0,2.32,0.0,1.0,11509172000.0,2334175000.0,0.0,0.0,8576772000.0,0.0,1440053000.0,487131214.930603,-65371785.06939697,120.75024250407502,0.0,0.03736133233563631,0.18421840693178532,0.0,120.75024250407502,0.019213212376964023,1.695554857241421,2.7155172861652006,0.20869524132963596,0.0,0.0,0.0,0.024962612427722863,0.0,0.0038966313128346677,-2.2202375284546982,0.0,-0.5758683729433273,19.50550313490243,48.26671038827726,19.5653272107236,0.0,-0.576675476684916,0.0,32.74696251920421,42.5540332512705,11.130635917136484,Insurance—Diversified,Financial Services,ESGRP
2014Q4,2014,Q4,2015-03-02,2014-12-31,105940000.0,223019000.0,0.0,5.47,0.0,1.0,9936885000.0,2304850000.0,0.0,0.0,7039446000.0,0.0,1395206000.0,488182861.372335,-155178138.62766498,118.97636500710937,0.0,0.032207376859045865,0.1388554569711695,0.0,118.97636500710937,0.0459639455929887,2.188974308791336,1.1520267636689048,0.21180678194777752,0.0,0.0,0.0,0.022443552481486904,0.0,0.010661288723780138,8.16441217132714,0.0,2.992700729927007,8.626340040863449,57.56589629778826,19.878704614714405,0.0,3.008475538234515,0.0,4.976957454362802,56.94789159726431,11.078960551050097,Insurance—Diversified,Financial Services,ESGRP
2014Q3,2014,Q3,2014-11-10,2014-09-30,26429000.0,212436000.0,0.0,1.37,0.0,1.0,10249445000.0,2214258000.0,0.0,0.0,7445789000.0,0.0,1289266000.0,486139620.091254,-115242379.908746,114.78040774332244,0.0,0.031243935647247242,0.14462316496090338,0.0,114.78040774332244,0.011935826809703296,2.2884050730161274,4.598543456915263,0.2195496731145395,0.0,0.0,0.0,0.02072658568341993,0.0,0.002578578644990046,4.278343542887792,0.0,-0.4888059701492537,4.510187077653403,47.938951053089475,22.04905348729657,0.0,-0.4897186878535709,0.0,14.980181969981729,132.4828965582759,14.05721629336743,Insurance—Diversified,Financial Services,ESGRP
2014Q2,2014,Q2,2014-08-11,2014-06-30,51793000.0,296485000.0,0.0,2.68,0.0,1.0,10618096000.0,2199810000.0,0.0,0.0,7806529000.0,0.0,1262837000.0,487008818.525746,-154934181.474254,113.8279474437882,0.0,0.03637299945300928,0.17556607161527588,0.0,113.8279474437882,0.02354430609916311,1.6426086261556099,2.350746329261416,0.22138676455045936,0.0,0.0,0.0,0.027922614374554535,0.0,0.004877804834313044,1.370817095006167,0.0,0.5141242937853108,42.095298526183015,76.79021095495777,23.382076362631143,0.0,0.7505323283874674,0.0,39.226875456280276,70.39709410397818,13.767291585408575,Insurance—Diversified,Financial Services,ESGRP
2014Q1,2014,Q1,2014-05-09,2014-03-31,29587000.0,127577000.0,0.0,1.77,0.0,1.0,8709307000.0,1786558000.0,0.0,0.0,6334096000.0,0.0,1211044000.0,421238882.315828,260654882.31582803,106.87822344187796,0.0,0.05571499546404783,0.2716055118277716,0.0,106.87822344187796,0.01656089530818479,3.3018403185200156,3.559324047012438,0.23578237164191032,0.0,0.0,0.0,0.014648352618641185,0.0,0.0033971704063250957,-13.556864132203527,0.0,-0.7846715328467154,20.600253252198918,72.38453423077634,23.16703438394334,0.0,-0.7847607685088862,0.0,70.10263210137188,26.50205266106916,14.671108617721204,Insurance—Diversified,Financial Services,ESGRP
2013Q4,2013,Q4,2014-03-03,2013-12-31,137461000.0,133399000.0,0.0,8.22,0.0,1.0,8620155000.0,1755523000.0,0.0,0.0,6541773000.0,0.0,1181457000.0,421201611.514349,229806611.51434898,105.03089291721741,0.0,0.052486991243196904,0.25772718443449616,0.0,105.03089291721741,0.07830202167673109,3.157457038766025,0.7660383881871021,0.2399294179081385,0.0,0.0,0.0,0.015475243774618902,0.0,0.015946464999759286,6.663211863293136,0.0,2.439330543933054,11.165881300710682,240.2660421054987,23.024101534256864,0.0,2.437642233725961,0.0,8.311070902482898,28.23428237501878,14.583631615905418,Insurance—Diversified,Financial Services,ESGRP
2013Q3,2013,Q3,2013-11-07,2013-09-30,39987000.0,123091000.0,0.0,2.39,0.0,1.0,8342269000.0,1617883000.0,0.0,0.0,6466358000.0,0.0,1043996000.0,421620259.130962,256723259.130962,96.69993871243028,0.0,0.04263384458113254,0.2198323364544902,0.0,96.69993871243028,0.024715631476441745,3.4252728398580077,2.63598331414561,0.26059996868188984,0.0,0.0,0.0,0.014755098403084341,0.0,0.004793300240018633,-3.692689938700106,0.0,1.0782608695652176,10.23064211820419,72.5964179196551,24.042364157815417,0.0,1.0829817158931083,0.0,14.68430003156133,30.449339617721932,14.406698704031879,Insurance—Diversified,Financial Services,ESGRP
2013Q2,2013,Q2,2013-08-09,2013-06-30,19197000.0,77889000.0,0.0,1.15,0.0,1.0,7874748000.0,1568877000.0,0.0,0.0,6084527000.0,0.0,1004009000.0,420665053.093057,151671053.09305698,93.98380416480936,0.0,0.044179572476477975,0.22175288438800492,0.0,93.98380416480936,0.012236140882937285,5.400827499301018,5.478265524470712,0.26813131500624776,0.0,0.0,0.0,0.009890983178128367,0.0,0.002437792295067728,-19.108110519784557,0.0,0.5972222222222222,13.483731559717326,24.43830664286184,26.74747774709043,0.0,0.6052345513838949,0.0,12.01904527085452,28.48175352516308,15.100288235405028,Insurance—Diversified,Financial Services,ESGRP
2013Q1,2013,Q1,2013-05-10,2013-03-31,11959000.0,82191000.0,0.0,0.72,0.0,1.0,8043926000.0,1563932000.0,0.0,0.0,6259431000.0,0.0,984812000.0,418565590.609745,125179590.60974503,94.1574960964181,0.0,0.04313440973972162,0.22185747206400278,0.0,94.1574960964181,0.007646751904814276,5.092596398751019,8.750012346553746,0.26763669431263315,0.0,0.0,0.0,0.010217771769655763,0.0,0.0014867118369810961,39.517144128563544,0.0,-0.8297872340425533,7.669252134676431,124.21639078012909,27.50377079326268,0.0,-0.8289274168168683,0.0,5.363767960427326,15.40310826902306,15.03623873881595,Insurance—Diversified,Financial Services,ESGRP
2012Q4,2012,Q4,2013-03-01,2012-12-31,69906000.0,38500000.0,0.0,4.23,0.0,1.0,5882243000.0,1553755000.0,0.0,0.0,4107010000.0,0.0,972853000.0,415979012.107103,-131480987.89289701,94.12644968653797,0.0,0.018263441343718715,0.0691421749246181,0.0,94.12644968653797,0.04499164926259288,10.804649665119559,1.4876370129427483,0.2677249708654859,0.0,0.0,0.0,0.006545122328336317,0.0,0.011884242116485156,6.04805263390138,0.0,0.47902097902097923,16.05634209434921,9.784446978029452,28.395051926341008,0.0,0.4650431721016011,0.0,6.45464200390872,10.865191962776844,15.517888568200682,Insurance—Diversified,Financial Services,ESGRP
2012Q3,2012,Q3,2012-11-08,2012-09-30,47716000.0,50704000.0,0.0,2.86,0.0,1.0,5908470000.0,1487274000.0,0.0,0.0,4164281000.0,0.0,902947000.0,420434699.883916,-96762300.11608398,89.14417934015012,0.0,0.021521307546623746,0.08549735959883653,0.0,89.14417934015012,0.03208285763080643,8.291943434125828,2.20279727913025,0.2826881259834543,0.0,0.0,0.0,0.008581578648956497,0.0,0.008075863971552704,-6.042985883863455,0.0,0.17213114754098358,155.71977271972693,18.316969950384557,29.111164074557873,0.0,0.1717786891284595,0.0,10.503026162410574,12.506139392735085,16.901042504458374,Insurance—Diversified,Financial Services,ESGRP
2012Q2,2012,Q2,2012-08-02,2012-06-30,40721000.0,25256000.0,0.0,2.44,0.0,1.0,6030941000.0,1437813000.0,0.0,0.0,4343865000.0,0.0,855230000.0,420561329.888941,-126009670.11105901,86.15363910747843,0.0,0.020943995306868364,0.08785008898931919,0.0,86.15363910747843,0.02832148547829238,16.651937357021737,2.581968332610576,0.2925007145497648,0.18995113086613785,0.0,0.018392085649060048,0.004187737867108963,0.0,0.006752014320816602,-2.437923631883397,0.0,34.492494240231544,30.488834742550928,9.30262969083833,28.437722420705736,-1.0,3.2093239611329336,0.0,38.23600206065311,6.673513826377497,17.454207905966573,Insurance—Diversified,Financial Services,ESGRP
2012Q1,2012,Q1,2012-05-04,2012-03-31,9674000.0,48019000.0,0.0,0.0687469295193744,48019000.0,1.0,6459783000.0,1400739000.0,0.0,0.0,4794168000.0,0.0,814510000.0,3546119243.119012,2996405243.119012,9.954156016956686,0.0,0.03763299788862877,0.17355196078641347,0.0,9.954156016956686,0.006906354431482239,73.84825263164605,91.64046007646816,2.531605990208748,1.1629108951829648,0.0,0.003172482149840226,0.0074335314359630965,0.0,0.00149757352530263,-252.44673190852222,1.0,-0.9248627195128581,-0.2766561985942873,0.9077870480731028,2.4954595476766213,0.7176634711689798,-0.9248627195128581,0.0,-0.1610441418784146,2.2811069354287667,1.2508086584705471,Insurance—Diversified,Financial Services,ESGRP
2011Q4,2011,Q4,2012-02-24,2011-12-31,128751000.0,27956000.0,0.0,0.9149509946815146,27956000.0,1.0,6606138000.0,1386066000.0,0.0,0.0,4922727000.0,0.0,804836000.0,3546119243.119012,2938355243.119012,9.849884392309406,0.0,0.03674007415527802,0.17510710168202667,0.0,9.849884392309406,0.09288951608364969,126.84644595503691,6.885614952736313,2.5584057635920745,0.06291213272129925,0.0,0.002284187147884963,0.004231821981314953,0.0,0.019489601942920355,-15.664454647579344,1.0,9.672330901856764,0.6881391933707453,-0.5867492498041361,3.3503530962618875,1.4081316220174003,9.672330901856764,0.0,0.3534785442465782,5.005585392051557,1.2530001999320555,Insurance—Diversified,Financial Services,ESGRP
2011Q3,2011,Q3,2011-11-04,2011-09-30,12064000.0,11609000.0,0.0,0.08573113063073524,11609000.0,1.0,6775611000.0,1072694000.0,0.0,0.0,5438094000.0,0.0,676085000.0,3546119243.119012,3098111243.119012,7.622950053117201,0.0,0.04642666174312545,0.2932513838988565,0.0,7.622950053117201,0.01124645052549935,305.46293764484557,73.48556123837474,3.3058069152237377,0.0,0.0,0.0,0.0017133510173473654,0.0,0.0017805036328089083,-16.82227735007762,1.0,0.28682666666666684,4.378510922871154,1.2120807926829267,4.9770766933380886,-0.6160664087045673,0.2868266666666667,0.0,1.3311101962398793,-0.17473519584843963,0.974113879789466,Insurance—Diversified,Financial Services,ESGRP
2011Q2,2011,Q2,2011-08-05,2011-06-30,9375000.0,30237000.0,0.0,0.06662212779037988,30237000.0,1.0,5200761000.0,1084678000.0,0.0,0.0,3854522000.0,0.0,664021000.0,3546119243.119012,2992031243.119012,7.708112674924124,0.0,0.03953959814727114,0.18958253048370116,0.0,7.708112674924124,0.008643118049780673,117.27748265763839,94.563179816507,3.2692829052668277,0.0,0.0,0.0,0.005813956842085226,0.0,0.00180262080876241,-19.442828946794517,1.0,1.6762774764487578,7.281802120141341,4.707248018120045,5.116927206695089,-0.2257048475071061,1.6762774764487582,0.0,-0.16092365524031152,0.1714772771299059,1.27571853278532,Insurance—Diversified,Financial Services,ESGRP
2011Q1,2011,Q1,2011-05-06,2011-03-31,3503000.0,39051000.0,0.0,0.024893580122634745,39051000.0,1.0,5231044000.0,959715000.0,0.0,0.0,4017615000.0,0.0,654646000.0,3546119243.119012,3120163243.119012,6.820080573050072,0.0,0.03908015302490287,0.21301115435311524,0.0,6.820080573050072,0.0036500419395341325,90.80738631837883,253.07730824429146,3.6949711561442844,0.0,0.0,0.0,0.007465240208264354,0.0,0.0006696559998348322,-12.213088998667185,1.0,-0.9718163679078299,0.2959674435812061,9.51453957996769,4.716332122222884,0.016503110602077205,-0.97181636790783,0.0,-0.7002652519893899,6.022298147815141,1.0646047474195535,Insurance—Diversified,Financial Services,ESGRP
2010Q4,2010,Q4,2011-03-07,2010-12-31,124292000.0,38417000.0,0.0,0.8832637341143356,38417000.0,1.0,5235904000.0,948421000.0,0.0,0.0,4020083000.0,0.0,651143000.0,3546119243.119012,2992243243.119012,6.73982133984852,0.0,0.04684539670704428,0.258617217459335,0.0,6.73982133984852,0.1310515056077417,92.3059906582766,7.132637746433826,3.7389716624990506,0.3397724712773147,0.0,0.011909074992880232,0.007337223906320666,0.0,0.023738403148720832,169.33858187856416,1.0,4.796390430443501,6.209512761020882,0.5046608177972739,4.743724375162758,0.16701600899176766,4.796390430443501,0.0,2.557400040069836,0.2623467945979692,1.1048004988914755,Insurance—Diversified,Financial Services,ESGRP
2010Q3,2010,Q3,2010-11-05,2010-09-30,21443000.0,32919000.0,0.0,0.1523816838623057,32919000.0,1.0,5012929000.0,883221000.0,0.0,0.0,3840110000.0,0.0,526851000.0,3546119243.119012,2929519243.119012,6.276486648442359,0.0,0.04132853268019555,0.2345698302010482,0.0,6.276486648442359,0.02427818179142027,107.72256882405334,41.34355317724913,4.0149851997620205,0.0,0.0,0.0,0.006566819518090123,0.0,0.004277539139293614,54.14666508556919,1.0,0.7251005631536606,21.10618556701031,12.825703485930282,4.949899961601424,0.4781105473485699,0.7251005631536604,0.0,7.350077881619938,0.4869235286146618,1.1200747001313014,Insurance—Diversified,Financial Services,ESGRP
2010Q2,2010,Q2,2010-08-06,2010-06-30,12430000.0,22271000.0,0.0,0.08833205849967167,22271000.0,1.0,4603893000.0,821433000.0,0.0,0.0,3492900000.0,0.0,505408000.0,3546119243.119012,3093303243.119012,5.8373988583717455,0.0,0.058845633467154865,0.3298126566621989,0.0,5.8373988583717455,0.015132092331328301,159.22586516631546,71.32178686884578,4.316991456538771,0.0,0.0,0.0,0.004837427802948505,0.0,0.0026998889852566078,-6.415377651716068,1.0,-0.21927014634759123,14.615577889447236,8.632785467128029,4.565490467092158,-0.4753716049091894,-0.21927014634759123,0.0,0.13994864269992655,0.0774552491533622,0.9945730561342675,Insurance—Diversified,Financial Services,ESGRP
2010Q1,2010,Q1,2010-05-07,2010-03-31,15921000.0,42451000.0,0.0,0.11314036229873473,42451000.0,1.0,4592175000.0,826238000.0,0.0,0.0,3494516000.0,0.0,492978000.0,3546119243.119012,2738735243.119012,5.8715449196019085,0.0,0.05542929004230022,0.30807225036853786,0.0,5.8715449196019085,0.019269266240477926,83.53441009914988,55.68304822434226,4.29188592526489,0.0,0.0,0.0,0.009244203454789941,0.0,0.0034669845988012215,-24.817126762677667,1.0,-0.8008406199572186,407.23076923076917,49.11924439197166,4.651036180835784,0.5346878276273453,-0.8008406199572184,0.0,0.19044414535666218,0.6865713150576083,1.0618270111371468,Insurance—Diversified,Financial Services,ESGRP
2009Q4,2009,Q4,2010-03-04,2009-12-31,79941000.0,27661000.0,0.0,0.5680895485536809,27661000.0,1.0,4170842000.0,801881000.0,0.0,0.0,3094690000.0,0.0,477057000.0,3546119243.119012,2534635243.119012,5.698455301832278,0.0,0.06112938346741497,0.31795366145350745,0.0,5.698455301832278,0.09969184953877196,128.19924236719612,11.089801363252311,4.4222512356808705,0.0,0.0,0.0,0.0066319942112408,0.0,0.019166633499902417,-15.950877102845116,1.0,1.284877240117758,11.9669099756691,5.828190570229573,4.485797747889502,-0.1264211723092471,1.284877240117758,0.0,0.048159123092253696,-0.591109994234948,1.5168105206992875,Insurance—Diversified,Financial Services,ESGRP
2009Q3,2009,Q3,2009-11-06,2009-09-30,34987000.0,31664000.0,0.0,0.2486302277335489,31664000.0,1.0,4340561000.0,700757000.0,0.0,0.0,3382218000.0,0.0,397116000.0,3546119243.119012,2565196243.119012,4.979831723093678,0.0,0.07353012663570446,0.45545317421017556,0.0,4.979831723093678,0.049927435616055206,111.9921438579779,25.33883473232209,5.060412158735499,0.0,0.0,0.0,0.007294909575052626,0.0,0.008060478818291,-728.0064141077831,1.0,2.998057364872586,13.421681780708989,3.5022038959192376,4.0095221074454015,0.14096281349091958,2.998057364872586,0.0,14.59830584039233,5.033536585365853,2.90463480954822,Insurance—Diversified,Financial Services,ESGRP
2009Q2,2009,Q2,2009-08-07,2009-06-30,8751000.0,27752000.0,0.0,0.062187758964652194,27752000.0,1.0,4397602000.0,656948000.0,0.0,0.0,3483726000.0,0.0,362129000.0,3546119243.119012,2352710243.119012,4.6685091848143445,0.0,0.08067055636230837,0.5400077327277045,0.0,4.6685091848143445,0.013320689004304755,127.77887154507826,101.30611481884962,5.397868998945141,0.0,0.0,0.0,0.006310712065348342,0.0,0.001989948158109806,136.15355128120606,1.0,-0.24108923770705054,11.448079658605975,10.665405632618747,3.7611482740377298,0.8962760505637171,-0.24108923770705057,0.0,6.730565371024734,4.238203095507739,2.7047889738557664,Insurance—Diversified,Financial Services,ESGRP
2009Q1,2009,Q1,2009-05-08,2009-03-31,11531000.0,14635000.0,0.0,0.08194344059209284,14635000.0,1.0,4371009000.0,622327000.0,0.0,0.0,3510428000.0,0.0,353378000.0,3546119243.119012,2374750243.119012,4.422479884949732,0.0,0.08983829591748724,0.6309930309949593,0.0,4.422479884949732,0.01852884416070651,242.30401387898954,76.88230082211022,5.698160682597753,0.0,0.0,0.0,0.003348197178271653,0.0,0.002638063659900952,1149.0989122226222,1.0,-0.8787818262094486,9.501821493624771,3.465974977113213,3.5855770222674153,2.1439312567132114,-0.8787818262094486,0.0,3.2660007399186086,2.9404954227248252,2.7067544225385665,Insurance—Diversified,Financial Services,ESGRP
2008Q4,2008,Q4,2009-03-05,2008-12-31,95126000.0,4655000.0,0.0,0.6759996296733521,4655000.0,1.0,4358151000.0,615209000.0,0.0,0.0,3486920000.0,0.0,341847000.0,3546119243.119012,2071107243.1190119,4.371896812351127,0.0,0.08983947550234032,0.6364243696044759,0.0,4.371896812351127,0.15462387578855316,761.787162861227,9.319532102472017,5.7640886968802665,0.0,0.0,0.0,0.0010681135187835392,0.0,0.021827146420580656,-29.73834526784586,1.0,3.610841224097708,8.292370811761257,-0.46726939803158624,3.5746228147795636,-0.6690836710030568,3.610841224097708,0.0,4.517749419953597,-0.817679774400752,2.725762007715461,Insurance—Diversified,Financial Services,ESGRP
2008Q3,2008,Q3,2008-11-10,2008-09-30,-36435000.0,14067000.0,0.0,-0.25892023744453235,14067000.0,1.0,3661471000.0,543380000.0,0.0,0.0,2919305000.0,0.0,246721000.0,3546119243.119012,1740141243.1190119,3.861454058531906,0.0,0.0,0.0,0.0,3.861454058531906,-0.06705252309617579,252.08781141103375,-24.33181860243593,6.5260393152471785,0.0,0.0,0.0,0.0038418985156512234,0.0,-0.009950918633521882,-61.30699566265018,1.0,-4.260986306274053,-45.59608323133415,4.0311158798283255,3.3894242808559447,-0.45499980628414244,-4.260986306274053,0.0,-38.56185567010309,4.908021839563208,2.660529630902097,Insurance—Diversified,Financial Services,ESGRP
2008Q2,2008,Q2,2008-08-11,2008-06-30,11173000.0,25811000.0,0.0,0.07939936360553754,25811000.0,1.0,3543920000.0,476631000.0,0.0,0.0,2892884000.0,0.0,283156000.0,3546119243.119012,2061169243.1190119,3.387111615024699,0.0,0.0,0.0,0.0,3.387111615024699,0.02344161416273805,137.38790605241996,79.34572726928783,7.439967696433954,0.0,0.0,0.0,0.0072831779498408545,0.0,0.0031527235377773765,-88.39883442899195,1.0,-0.04398049114400624,4.312886352829291,5.819286657859973,2.8835736983622584,3.641431397230714,-0.04398049114400616,0.0,13.03643216080402,10.163927335640139,2.2293385909996344,Insurance—Diversified,Financial Services,ESGRP
2008Q1,2008,Q1,2008-05-12,2008-03-31,11687000.0,5561000.0,0.0,0.08305203279852477,5561000.0,1.0,3994956000.0,464842000.0,0.0,0.0,3362008000.0,0.0,271983000.0,3546119243.119012,2395387243.119012,3.3033347334758147,0.0,0.08259490217163844,0.7098390420831164,0.0,3.3033347334758147,0.025141876164374133,637.6765407514857,75.8560632138062,7.628654990553806,0.0,0.0,0.0,0.0013920053187068894,0.0,0.002925438978551954,9.47177591995206,1.0,-0.6655027333352413,168.3768115942029,3.082966226138032,2.8597239982064866,-0.8172707258568002,-0.6655027333352415,0.0,298.66666666666663,5.565525383707202,2.179276383284317,Insurance—Diversified,Financial Services,ESGRP
2007Q4,2007,Q4,2008-02-29,2007-12-31,34939000.0,30433000.0,0.0,0.24828912243926216,30433000.0,1.0,2417143000.0,450599000.0,0.0,0.0,1903107000.0,0.0,260296000.0,3546119243.119012,2611109243.119012,3.202118843756521,0.0,0.024916606092399166,0.1336598616508248,0.0,3.202118843756521,0.07753900918555079,116.52217142966556,25.373645804967314,7.8697894205690915,0.0,0.0,0.0,0.012590483889451307,0.0,0.01445466817643805,-56.215330180545834,1.0,12.605529595015577,3.1843113772455087,1.112522560044426,2.7472161930660546,0.37463300058719906,12.605529595015577,0.0,4.667315490673155,6.512466057763516,2.082620712301778,Insurance—Diversified,Financial Services,ESGRP
2007Q3,2007,Q3,2007-11-09,2007-09-30,2568000.0,22139000.0,0.0,0.018249133244340857,22139000.0,1.0,2523273000.0,416599000.0,0.0,0.0,2044140000.0,0.0,225357000.0,3546119243.119012,2732934243.119012,2.9605025936367433,0.0,0.03460663986813951,0.2096068401508405,0.0,2.9605025936367433,0.0061642010662531594,160.17522214729715,345.22188893292565,8.51206854341708,0.0,0.0,0.0,0.008773921807113222,0.0,0.0010177257871027035,5794.3124887565555,1.0,-0.7644900953778431,0.5573074590661006,8.209234608985026,0.0,0.0710691823899371,-0.764490095377843,0.0,0.058532563891179,2.147874306839187,1.9781534832183578,Insurance—Diversified,Financial Services,ESGRP
2007Q2,2007,Q2,2007-08-09,2007-06-30,10904000.0,20670000.0,0.0,0.07748775268547224,20670000.0,1.0,2456500000.0,411834000.0,0.0,0.0,1984731000.0,0.0,222789000.0,3546119243.119012,2821999243.119012,2.9266407868184863,0.0,0.0,0.0,0.0,2.9266407868184863,0.026476687208923985,171.5587442244321,81.30317413607419,8.610554842774059,0.0,0.0,0.0,0.008414410746997761,0.0,0.00443883574190922,283.5080942691887,1.0,-0.18468670554807828,0.09160076083692063,0.8780665091768127,0.0,-0.17878426698450536,-0.18468670554807837,0.0,14.510668563300145,7.688524590163935,1.9847152868873252,Insurance—Diversified,Financial Services,ESGRP
2007Q1,2007,Q1,2007-05-10,2007-03-31,13374000.0,25170000.0,0.0,0.09504046262064432,25170000.0,1.0,2489277000.0,400731000.0,0.0,0.0,2030778000.0,0.0,211885000.0,3546119243.119012,2956638243.119012,2.8477388684337837,0.0,0.02882162169979476,0.17903531296555544,0.0,2.8477388684337837,0.03337400899855514,140.8867398934848,66.28755875428092,8.849126329430495,0.0,0.0,0.0,0.010111369686860884,0.0,0.005372644346129419,28.682163166732817,1.0,-0.8246446740441601,4.338922155688622,9.924479166666668,0.0,-0.6279324158524147,-0.8246446740441601,0.0,11.180327868852459,6.6808056148916695,1.9527609531809544,Insurance—Diversified,Financial Services,ESGRP
