Quarters,Year,Quarter,FillingDate,Date,NetIncome,Revenue,OperatingIncome,EPSDiluted,GrossProfit,GrossProfitRatio,TotalAssets,CommonStockEquity,CurrentAssets,CurrentLiability,TotalLiability,Inventory,RetainedEarnings,MarketCap,EnterpriseValue,bookValuePerShare,currentRatio,debtToAssets,debtToEquity,roic,shareholdersEquityPerShare,roe,priceToSalesRatio,peRatio,pbRatio,payoutRatio,inventoryTurnover,dividendYield,assetTurnover,quickRatio,returnOnAssets,priceToFreeCashFlowsRatio,grossProfitMargin,epsdilutedGrowth,fiveYNetIncomeGrowthPerShare,fiveYRevenueGrowthPerShare,fiveYShareholdersEquityGrowthPerShare,grossProfitGrowth,netIncomeGrowth,operatingIncomeGrowth,threeYNetIncomeGrowthPerShare,threeYRevenueGrowthPerShare,threeYShareholdersEquityGrowthPerShare,Industry,Sector,Symbol
2023Q1,2023,Q1,2023-05-12,2023-03-31,-327601.0,0.0,-439924.0,-0.12,-543371.0,0.0,9409720.0,-5272300.0,106984.0,5368318.0,5379284.0,0.0,-10067430.0,209621.7864,156011.7864,-3.727450631057116,0.019928774711185142,0.0,0.0,0.06341574892824149,-3.727450631057116,0.06213625931756539,0.0,-0.15996729741362206,-0.03975907789769171,0.0,0.0,0.0,0.0,1.7428822212096973,-0.03481516984564897,-0.8909195425161611,0.0,-1.0827586206896551,0.9999998403878041,0.0,-5.527725387049691,0.7864933531998629,-1.0416936020892482,-1.3498125654625286,0.9999998403878041,0.0,-5.527725387049691,,,ADOCR
2022Q4,2022,Q4,2023-01-24,2022-12-31,7857344.618456,0.0,1257599.192923,1.45,-2544984.0,0.0,21405267.0,-4303663.0,86112.0,4366518.0,4389775.0,0.0,-9636382.0,486788.431463,473062.431463,-0.7947908681277017,0.019720976759972135,0.0,0.0,-0.5030260162673297,-0.7947908681277017,-1.8257341753887328,0.0,0.015488325099028682,-0.11311025781131098,0.0,0.0,0.0,0.0,4.885558928189464,0.36707529125686683,-685253.8618812986,0.0,68.12962962962963,0.0,0.0,0.0,-6.609187291829864,68.32366222651015,4.760065995308884,0.0,0.0,0.0,,,ADOCR
2022Q3,2022,Q3,2022-11-04,2022-09-30,-116710.0,0.0,-334462.0,-0.0216,-334462.0,0.0,21055888.0,-2949690.0,49336.0,2983382.0,2999026.0,0.0,-8595012.0,379038.59,375552.59,-0.5447421593669394,0.016536936939352723,0.0,0.0,0.05750670027157893,-0.5447421593669394,0.03956686973885391,0.0,-0.8119239782366551,-0.12850116113896717,0.0,0.0,0.0,0.0,7.042355957098353,-0.00554286762923511,-1718084.2364822295,0.0,0.9645901639344263,0.6076429522530001,0.0,-6.9889054570292535,0.1709848926123759,0.9645628886513797,0.1709848926123759,0.6076429522530001,0.0,-6.9889054570292535,,,ADOCR
2022Q2,2022,Q2,2022-08-01,2022-06-30,-3293440.0,0.0,-403445.0,-0.61,-403445.0,0.0,27566065.0,-3443787.0,68187.0,3492169.0,3511974.0,0.0,-8364889.0,977919.5622,973816.5622,-0.6359908894764514,0.01952568733071051,0.0,0.0,0.20850894021168515,-0.6359908894764514,0.9563425380257258,0.0,-0.07423238029233871,-0.2839663318898643,0.0,0.0,0.0,0.0,7.875329344026592,-0.11947443351091279,-4.83833564484289,0.0,0.9999995796230414,-7.319404454754955,0.0,-2.0884945008928875,0.0,0.9999995808461729,0.9999996791947525,-7.319404454754955,0.0,-2.0884945008928875,,,ADOCR
2022Q1,2022,Q1,2022-05-11,2022-03-31,-7857354000000.0,0.0,-1257601000000.0,-1451078.58,0.0,0.0,27684537.0,-3091971.0,217703.0,3247713.0,3309674.0,0.0,-6514457.0,1949341.3199999998,1853119.3199999998,-0.5710182965803033,0.06703270886312922,0.0,0.0,700154.5263591354,-0.5710182965803033,2541212.061820761,0.0,-6.202282982286404e-08,-0.6304526530164739,0.0,0.0,0.0,0.0,0.029627617957621255,-283817.4248678965,-3.5625490153076886,0.0,-1209232149.0000002,0.0,0.0,0.0,0.0,-1174667961.3262072,-699405.2615052128,0.0,0.0,0.0,,,ADOCR
2021Q4,2021,Q4,2022-03-04,2021-12-31,-6689.0,0.0,-1798098.0,-0.0012,0.0,0.0,92719037.0,-1949712.0,259489.0,0.0,2209201.0,0.0,-1949992.0,3689091.0,3465693.0,-0.21663466666666667,0.0,0.0,0.0,0.0068551898944390335,-0.21663466666666667,0.003430763107576914,0.0,-137.87901779040214,-1.8921209901770109,0.0,0.0,0.0,0.0,0.0,-7.214268198234199e-05,15.110555419021873,0.0,0.97,0.0,0.0,0.0,0.0,0.9864706334470051,-1.893880211476716,0.0,0.0,0.0,,,ADOCR
2021Q3,2021,Q3,2021-10-19,2021-09-30,-494406.0,0.0,-621345.0,-0.04,0.0,0.0,92060662.0,-613686.0,504447.0,865277.0,1144348.0,0.0,-1058700.0,3600000.0,3187952.0,-0.06818733333333334,0.5829890312581982,0.0,0.0,1.0124803238138071,-0.06818733333333334,0.8056334998680107,0.0,-1.8203662576910475,-5.866192156901087,0.0,0.0,0.0,0.0,106.28765470479395,-0.005370437158055631,-6.115355998654621,0.0,0.7894736842105263,0.0,0.0,0.0,0.0,0.20974697504915046,0.037284884468608274,0.0,0.0,0.0,,,ADOCR
2021Q2,2021,Q2,2021-08-09,2021-06-30,-625630.0,0.0,-645409.0,-0.19,0.0,0.0,92293958.0,5000001.0,738922.0,478406.0,883238.0,0.0,-564294.0,3509418.8571,2941478.8571,0.5842848897764304,1.5445500265464898,0.0,0.0,-0.12908177418364516,0.5842848897764304,-0.12512597497480502,0.0,-1.4023539700382015,0.7018836310432738,0.0,0.0,0.0,0.0,192.56233408443873,-0.006778666919886565,-8.108826121444581,0.0,0.0,0.0,0.0,0.0,0.0,0.0,0.0,0.0,0.0,0.0,,,ADOCR
2020Q4,2020,Q4,2022-01-14,2020-12-31,-565298.0,0.0,-565298.0,7.719,0.0,0.0,92636908.0,5000001.0,1098228.0,70680.0,1227192.0,0.0,0.0,0.0,-1000730.0,0.0,15.538030560271647,0.0,0.0,-0.11305957738808452,0.0,-0.11305957738808452,0.0,0.0,0.0,,0.0,,0.0,1309.272920203735,-0.006102297801217631,0.0,0.0,0.0,0.0,0.0,0.0,0.0,0.0,0.0,0.0,0.0,0.0,,,ADOCR
