Quarters,Year,Quarter,FillingDate,Date,NetIncome,Revenue,OperatingIncome,EPSDiluted,GrossProfit,GrossProfitRatio,TotalAssets,CommonStockEquity,CurrentAssets,CurrentLiability,TotalLiability,Inventory,RetainedEarnings,MarketCap,EnterpriseValue,bookValuePerShare,currentRatio,debtToAssets,debtToEquity,roic,shareholdersEquityPerShare,roe,priceToSalesRatio,peRatio,pbRatio,payoutRatio,inventoryTurnover,dividendYield,assetTurnover,quickRatio,returnOnAssets,priceToFreeCashFlowsRatio,grossProfitMargin,epsdilutedGrowth,fiveYNetIncomeGrowthPerShare,fiveYRevenueGrowthPerShare,fiveYShareholdersEquityGrowthPerShare,grossProfitGrowth,netIncomeGrowth,operatingIncomeGrowth,threeYNetIncomeGrowthPerShare,threeYRevenueGrowthPerShare,threeYShareholdersEquityGrowthPerShare,Industry,Sector,Symbol
2023Q1,2023,Q1,2023-05-05,2023-03-31,-6731000.0,138984000.0,-3634000.0,-0.11,103713000.0,0.7462225868,1932654000.0,116992000.0,1243201000.0,363548000.0,1786510000.0,0.0,-279785000.0,4041557050.0000005,5220797050.0,1.9438084636217123,3.4196337209942014,0.7253222770345856,11.98199022155361,-0.002611174912326471,1.9438084636217123,-0.05753384846827134,29.079297257238245,-150.10982952013075,34.545584740836986,-1.4844748180062397,0.0,0.0024723144759270436,0.07191354479384308,3.3236051360480596,-0.003482775499390993,282.38939700950255,0.7462225867725781,-1.6111111111111112,0.16923403540447085,1.3932697879327496,-0.6746597861514555,-0.027027787680357244,-1.5954529370134465,-1.2400898520084567,0.5108458287432988,0.5704637936157677,-0.7243954359270801,Software—Application,Technology,BL
2022Q4,2022,Q4,2023-02-23,2022-12-31,11304000.0,139957000.0,15136000.0,0.18,106594000.0,0.7616196403,1943656000.0,111868000.0,1249567000.0,367821000.0,1807893000.0,0.0,-272969000.0,4028665760.0,5229012760.0,1.867953513224686,3.3972149496630153,0.7209686281934663,12.526504451675189,0.010563684735809663,1.867953513224686,0.10104766331748131,28.785025114856705,89.09823425336162,36.012673508063074,0.0,0.0,0.0,0.07200708355799586,3.332895620424065,0.005815843955926357,198.78938912464227,0.7616196403180977,1.5625,2.7084912195379482,1.4613344301528692,-0.6645738063908888,0.046660513344199836,1.5953233621234464,1.7066623091647604,2.1100468264710894,0.6242496341048049,-0.7386028179683397,Software—Application,Technology,BL
2022Q3,2022,Q3,2022-11-04,2022-09-30,-18988000.0,134268000.0,-21419000.0,-0.32,101842000.0,0.7584979295,1877658000.0,77931000.0,1177075000.0,314581000.0,1775132000.0,0.0,-283369000.0,3575730500.0,4785367500.0,1.3054862216266019,3.7417231174165,0.7456901097004885,17.966547330330677,-0.014690761320751412,1.3054862216266019,-0.2436514352439979,26.631293383382488,-47.078819517590055,45.88328778021583,-0.09816726353486413,0.0,0.0005212920828345424,0.07150822993324663,3.6706349080205096,-0.010112597714812814,216.0431695970032,0.7584979295141061,-0.6,-0.2777766765148237,1.5787903841139481,-0.7678813905595332,0.06580572241873706,-0.5861665692089215,-0.687465532183093,-0.9094652306260206,0.6654985700165363,-0.8172943018259783,Software—Application,Technology,BL
2022Q2,2022,Q2,2022-08-05,2022-06-30,-11971000.0,128477000.0,-12693000.0,-0.2,95554000.0,0.7437440164,1873573000.0,79183000.0,1171522000.0,328256000.0,1770755000.0,0.0,-264725000.0,3958770599.9999995,5149142600.0,1.3321276559950204,3.568927909923962,0.7466087523678021,17.665736332293548,-0.00817179914498891,1.3321276559950204,-0.15118144046070495,30.813068486966536,-82.67418344332135,49.99520856749554,0.0,0.0,0.0,0.06857325548564161,3.5043137063755117,-0.006389396089717348,-795.4130198915008,0.74374401643874,0.13043478260869565,-0.032293332099594764,1.649430522817706,-0.7673026172763961,0.0668914618759979,0.10870374506738142,0.4995663144614414,-1.126517126185758,0.7117554859523142,-0.7753722972969381,Software—Application,Technology,BL
2022Q1,2022,Q1,2022-05-10,2022-03-31,-13431000.0,120236000.0,-25364000.0,-0.23,89563000.0,0.7448933764,1871552000.0,66128000.0,1171476000.0,340816000.0,1780273000.0,0.0,-252875000.0,4328986060.0,5363308060.0,1.1184818091098219,3.4372682033707336,0.7479589132441952,21.168703121219455,-0.008720981241963523,1.1184818091098219,-0.20310609726590853,36.0040758175588,-80.57825292234384,65.46373790225019,0.0,0.0,0.0,0.06424400711281332,3.3719015539176564,-0.007176396915501145,-923.6155451248134,0.7448933763598257,0.5818181818181819,-0.2929807219370711,1.699437867516118,-0.7982810233491243,0.025287908968106784,0.5864330582584062,-0.24126455906821964,-0.4513448680791256,0.738927345431803,-0.808658153834399,Software—Application,Technology,BL
2021Q4,2021,Q4,2022-02-25,2021-12-31,-32476000.0,115326000.0,-20434000.0,-0.55,87354000.0,0.757452786,1817578000.0,325036000.0,1347688000.0,322577000.0,1492542000.0,0.0,-301735000.0,6089187400.0,6683068400.0,5.526883183132121,4.177880010044113,0.6236981301490225,3.487675211361203,-0.013916366817289139,5.526883183132121,-0.09991508632889895,52.799779754782094,-46.87451810567804,18.733886092617432,0.0,0.0,0.0,0.06345037186849753,4.10392867439402,-0.017867733874419693,398.0381357040136,0.7574527860152958,-1.3913043478260871,-0.6821938464687531,1.6477493227622317,-0.09501121853890636,0.02811746013064203,-1.3634378866166945,-4.4337086203999325,-2.903742742879491,0.7200384803120548,-0.06056271622320998,Software—Application,Technology,BL
2021Q3,2021,Q3,2021-11-05,2021-09-30,-13741000.0,109402000.0,5951000.0,-0.23,84965000.0,0.7766311401985339,1750392000.0,340740000.0,1301433000.0,256249000.0,1409652000.0,0.0,-269436000.0,6907454480.0,7635502480.0,5.823818964927873,5.078782746469255,0.6324440468192267,3.2488847801843046,0.003998527394531986,5.823818964927873,-0.04032693549333803,63.13828339518473,-125.67233971326687,20.271921347655105,0.0,0.0,0.0,0.06250142825150024,5.0067356360415065,-0.00785024154589372,696.1756178189881,0.7766311401985339,0.47727272727272724,-0.7503758814893755,1.8650269054541018,0.8833106526506748,0.08166772756206238,0.45999371217480156,1.6152812241521919,-1.8574065031465554,0.7275245604126701,-0.019895952046219956,Software—Application,Technology,BL
2021Q2,2021,Q2,2021-08-05,2021-06-30,-25446000.0,102122000.0,-9672000.0,-0.44,78550000.0,0.7691780419498248,1732067000.0,337041000.0,1287358000.0,259769000.0,1395026000.0,0.0,-259970000.0,6477471780.0,6926535780.0,5.789689765348542,4.955779942949313,0.6306955793280514,3.2411694719633517,-0.006802987605394571,5.789689765348542,-0.07549823315264315,63.42875952292356,-63.639391063428434,19.218646336795818,0.0,0.0,0.0,0.05895961299418556,4.885505968764556,-0.014691117606882412,788.013598540146,0.7691780419498248,0.3432835820895523,-1.8594582189915934,1.9814346457066883,0.8690393634001282,0.020580516072031808,0.3469356328919002,0.48291900561347234,-1.7680617512907841,0.6941779133530014,-0.012802668732198768,Software—Application,Technology,BL
2021Q1,2021,Q1,2021-05-07,2021-03-31,-38964000.0,98856000.0,-18705000.0,-0.67,76966000.0,0.7785668042405115,1922485000.0,339628000.0,1267491000.0,248238000.0,1351010000.0,0.0,0.0,6272024000.0,5435107000.0,5.869823712409263,5.105950740821308,0.005904337355037881,0.03342186156618418,-0.05132912620641128,5.869823712409263,-0.11472552321952253,63.44606296026544,-40.24242890873627,18.467334848716835,0.0,0.0,0.0,0.051420947367599744,5.022123929454797,-0.020267518342145713,268.1727381563195,0.7785668042405115,-1.2333333333333336,-2.558700159567328,2.1732244889871444,0.0,0.005723395358561572,-1.2940241389461289,-1.6008064516129032,-4.002497809720709,0.7707373696363659,-0.017552532778695278,Software—Application,Technology,BL
2020Q4,2020,Q4,2021-02-25,2020-12-31,-16985000.0,95710000.0,-7192000.0,-0.3,76528000.0,0.7995820708389928,1113505000.0,422070000.0,674115000.0,242330000.0,691435000.0,0.0,-201651000.0,7665081840.0,7708847840.0,7.344435163917311,2.78180580200553,0.3692655174426698,0.9741962233752695,-0.008401359659761283,7.344435163917311,-0.0402421399293956,80.08653056106989,-112.82134000588755,18.160688606155375,0.0,0.0,0.0,0.08595381251094517,2.6983411051046096,-0.015253636041149344,949.3537081991578,0.7995820708389928,-1.0,-1.0230450819287402,2.3569656097385674,1.1803771561406697,0.04582166040314315,-0.9409210375957033,-2.5324165029469548,-1.6752223262808272,0.7540705014292337,0.3188314986430659,Software—Application,Technology,BL
2020Q3,2020,Q3,2020-11-09,2020-09-30,-8751000.0,90157000.0,-2036000.0,-0.15,73175000.0,0.8116396951983762,1046765000.0,416934000.0,753997000.0,203630000.0,629831000.0,0.0,-189285000.0,5114556690.0,5111992690.0,7.3065559118868615,3.7027795511466874,0.3873897197556281,0.972590386008337,-0.002625044644919981,7.3065559118868615,-0.02098893350026623,56.72944629923356,-146.1134924580048,12.267065506770855,0.0,0.0,0.0,0.08612916939332133,3.028237489564406,-0.008360042607462037,274.18015921518173,0.8116396951983762,0.0,-0.1232750130233505,2.598213793677985,0.0,0.09989628583023945,-0.05028804608737398,0.3878532772098617,0.3839488485341582,0.8114499141957264,0.2991233227670867,Software—Application,Technology,BL
2020Q2,2020,Q2,2020-08-07,2020-06-30,-8332000.0,83272000.0,-3326000.0,-0.15,66529000.0,0.7989360169084446,1033250000.0,409778000.0,739913000.0,202995000.0,623472000.0,0.0,-181853000.0,4693866740.0,4622204740.0,7.238103649274031,3.6449814034828445,0.3870873457536898,0.9760358047528174,-0.004020754145192884,7.238103649274031,-0.020332960773882445,56.36788764530694,-140.83853636581853,11.454657741508818,0.0,0.0,0.0,0.08059230583111542,3.5696445725264168,-0.008063876119041859,1338.4279270031366,0.7989360169084446,0.3478260869565218,0.03724209181890062,1.4998190814223076,1.336619263752359,-6.0120541686080594e-05,0.3512419216693919,0.5466812048521194,0.2456303296620665,0.8029696257776654,0.2643591381714608,Software—Application,Technology,BL
2020Q1,2020,Q1,2020-05-06,2020-03-31,-12843000.0,82598000.0,-7337000.0,-0.23,66533000.0,0.8055037652243395,1011374000.0,396189000.0,720596000.0,199587000.0,615185000.0,0.0,-174240000.0,2955314140.0,3038755140.0,7.052889237013565,3.6104355494095306,0.38999420590206985,0.9955601998036291,-0.00942194877056227,7.052889237013565,-0.032416346743599646,35.779487881062494,-57.527722105427074,7.459354348555866,0.0,0.0,0.0,0.08166909570544625,3.5274040894447034,-0.012698566504576942,582.2131875492514,0.8055037652243395,-0.43750000000000006,-0.20819608763832356,1.7309287815595242,0.0,0.02143175153906382,-0.3540326831839747,-0.5488705932024488,-0.30128162111802054,0.9517736951080267,0.27199350739074807,Software—Application,Technology,BL
2019Q4,2019,Q4,2020-02-27,2019-12-31,-9485000.0,80258000.0,-4737000.0,-0.16,65137000.0,0.8115951057838471,1014552000.0,398613000.0,723406000.0,206997000.0,615939000.0,0.0,-163598000.0,2876068360.0,3145117360.0,7.146035388393898,3.494765624622579,0.38369743492694314,0.9765888217393813,-0.006773946944645066,7.146035388393898,-0.023795009194381517,35.83528570360587,-75.80570268845545,7.215189569833397,0.0,0.0,0.0,0.07910683730355861,3.432784050010387,-0.009348954021085168,500.7082799442897,0.8115951057838471,0.058823529411764754,-0.16390392348278043,1.9001315395994103,1.1214772777048232,0.09229788875287173,-0.026293010170958666,0.39740491031675357,0.48201673813105644,0.9426870863780109,0.17011372307592526,Software—Application,Technology,BL
2019Q3,2019,Q3,2019-11-07,2019-09-30,-9242000.0,74925000.0,-7861000.0,-0.17,59633000.0,0.7959025692359025,975639000.0,396421000.0,689260000.0,178205000.0,579218000.0,0.0,-152751000.0,2652498800.0,2507936800.0,7.145295602018746,3.867792710642238,0.3932140884077,0.9677464110125347,-0.010102386862218246,7.145295602018746,-0.02331359842187977,35.402052719386056,-71.75121185890501,6.691115758246914,0.0,0.0,0.0,0.07679582304520421,3.8067730983979127,-0.009472766053837536,366.873969571231,0.7959025692359025,-0.8888888888888891,-0.2201480395110178,2.075618124955835,0.0,0.0897843567251462,-0.7688038277511962,-0.3149882903981265,-0.24153150719243158,1.0692310909637328,1.3106506923823278,Software—Application,Technology,BL
2019Q2,2019,Q2,2019-08-07,2019-06-30,-5225000.0,69664000.0,-5978000.0,-0.09,54720000.0,0.7854846118511714,523502000.0,327185000.0,235782000.0,174748000.0,196317000.0,0.0,-144348000.0,2937304040.0,2890753040.0,5.930380090989831,1.3492686611577815,0.00958353549747661,0.015333832541222855,-0.017610575757898123,5.930380090989831,-0.015969558506655258,42.163872875516766,-140.54086315789473,8.977502147103321,0.0,0.0,0.0,0.13307303506003798,1.283728569139561,-0.00998085967197833,461.332501963248,0.7854846118511714,0.43750000000000006,0.38046319333606105,1.146006214800007,0.9144572989598104,0.08332838391637465,0.39123849469882327,0.35879008902713716,0.38046319333606105,1.146006214800007,0.9144572989598104,Software—Application,Technology,BL
2019Q1,2019,Q1,2019-05-09,2019-03-31,-8583000.0,64129000.0,-9323000.0,-0.16,50511000.0,0.7876467744702085,504953000.0,320536000.0,219339000.0,162631000.0,184417000.0,0.0,-139177000.0,2527893500.0,2495234500.0,5.845463663718428,1.3486912089331062,0.009935578162720095,0.015651908054009536,-0.027861497203181346,5.845463663718428,-0.02677702348566152,39.41888225295888,-73.63082546895025,7.8864573714029,0.0,0.0,0.0,0.12699993860814768,1.273422656197158,-0.01699762156081853,3658.311866859624,0.7876467744702085,-0.14285714285714277,0.17284374708192343,1.1720649764243565,0.0,0.042947698787966386,-0.11006207966890844,-0.10671889838556506,0.17284374708192343,1.1720649764243565,0.0,Software—Application,Technology,BL
2018Q4,2018,Q4,2019-02-28,2018-12-31,-7732000.0,62316000.0,-8424000.0,-0.14,48431000.0,0.7771840297836832,493868000.0,321569000.0,221521000.0,159229000.0,172299000.0,0.0,-130594000.0,2238286050.0,2192105050.0,5.883184836897858,1.3912101438808258,0.0,0.0,-0.026304554212336476,5.883184836897858,-0.024044606289785397,35.91832033506643,-72.37086297206416,6.960515628061163,0.0,0.0,0.0,0.12617946495824794,1.303022690590282,-0.01565600524836596,1069.9264101338433,0.7771840297836832,-0.7500000000000001,0.0317304908455305,1.2980186330582244,0.74656886982217,0.07107946126456864,-0.7336322869955157,-0.6777534355706034,0.0317304908455305,1.2980186330582244,0.74656886982217,Software—Application,Technology,BL
2018Q3,2018,Q3,2018-11-07,2018-09-30,-4460000.0,58734000.0,-5021000.0,-0.08,45217000.0,0.7698607280280587,474694000.0,322433000.0,204493000.0,143344000.0,152261000.0,0.0,-122862000.0,3011053870.0,2972652870.0,5.942041538433187,1.426589184060721,0.0,0.0,-0.015631810542840983,5.942041538433187,-0.013832331057925213,51.26594255456805,-168.78104652466368,9.338541247328903,0.0,0.0,0.0,0.1237302346353651,1.3151160843844178,-0.009395526381205577,1257.2249979123173,0.7698607280280587,0.5,0.3979756288015225,1.4650622482227385,0.0,0.03737267137744333,0.47262622679437155,0.4314347186049145,0.3979756288015225,1.4650622482227385,0.0,Software—Application,Technology,BL
2018Q2,2018,Q2,2018-08-08,2018-06-30,-8457000.0,55454000.0,-8831000.0,-0.16,43588000.0,0.786020846106683,464440000.0,314088000.0,192533000.0,141172000.0,150352000.0,0.0,-118402000.0,2325893650.0,2297211650.0,5.864774530856129,1.3638186042558014,0.0,0.0,-0.028565563768396234,5.864774530856129,-0.02692557499808971,41.94275705990551,-68.75646358046588,7.405229266957031,0.0,0.0,0.0,0.11939970717423133,1.2462102966593942,-0.01820902592369305,2006.810742018982,0.786020846106683,-0.23076923076923075,-0.03301821849103979,0.7598120139614123,0.8932783793082458,0.09854327335047129,-0.1819706498951782,-0.16812169312169312,-0.03301821849103979,0.7598120139614123,0.8932783793082458,Software—Application,Technology,BL
2018Q1,2018,Q1,2018-05-09,2018-03-31,-7155000.0,51284000.0,-7560000.0,-0.13,39678000.0,0.7736915997192106,458515000.0,317561000.0,186676000.0,131547000.0,140954000.0,0.0,-109945000.0,2084050710.0,2053186710.0,5.974694737634287,1.419082153146784,0.0,0.0,-0.023740090342542985,5.974694737634287,-0.02253110426028385,40.63744462210436,-72.81798427672956,6.562678383050815,0.0,0.0,0.0,0.11184803114401928,1.300303313644553,-0.01560472394578149,-1422.5602116040955,0.7736915997192106,-0.18181818181818185,0.28861534878592754,0.7920356476346292,0.0,0.010852950168144299,-0.22412318220701455,-0.32445690259285215,0.28861534878592754,0.7920356476346292,0.0,Software—Application,Technology,BL
2017Q4,2017,Q4,2018-03-08,2017-12-31,-5845000.0,50233000.0,-5708000.0,-0.11,39252000.0,0.7813986821412219,440884000.0,294628000.0,193954000.0,137039000.0,146256000.0,0.0,-125467000.0,1735316799.9999998,1704654799.9999998,5.56889577741655,1.415319726501215,0.0010025312780686077,0.0015001968584112848,-0.020953943652322084,5.56889577741655,-0.019838576102746513,34.54535464734337,-74.22227544910179,5.88985704006408,0.0,0.0,0.0,0.11393699930140354,1.2709447675479244,-0.013257455475816768,1448.5115191986642,0.7813986821412219,0.56,0.2437843157726495,0.9138145285513205,0.6532643922927535,0.12235152832184829,0.5535441490986862,0.5677394926164332,0.2437843157726495,0.9138145285513205,0.6532643922927535,Software—Application,Technology,BL
2017Q3,2017,Q3,2017-11-08,2017-09-30,-13092000.0,45871000.0,-13205000.0,-0.25,34973000.0,0.7624207015325587,422123000.0,295789000.0,172743000.0,117454000.0,126334000.0,0.0,-119622000.0,1794439039.9999998,1770236039.9999998,5.624220413751141,1.4707289662335894,0.001047088170983339,0.0014943084428427021,-0.045067955208724926,5.624220413751141,-0.04426128084546754,39.119248326829585,-34.26594561564314,6.066618569317993,0.0,0.0,0.0,0.1086673789393139,1.3196911131166245,-0.031014656865416004,-3850.7275536480684,0.7624207015325587,-0.24999999999999994,-0.8233469905065713,0.9863722234216847,0.0,0.09571401716899555,-0.2944433458572276,-0.6817371370351503,-0.8233469905065713,0.9863722234216847,0.0,Software—Application,Technology,BL
2017Q2,2017,Q2,2017-08-10,2017-06-30,-10114000.0,42293000.0,-7852000.0,-0.2,31918000.0,0.7546875369446481,417992000.0,296781000.0,167548000.0,111957000.0,121211000.0,0.0,-106530000.0,1852833080.0,1829768080.0,5.7247212684695805,1.4965388497369525,0.0010574365059618366,0.0014893136690017218,-0.026412596489696585,5.7247212684695805,-0.03407900101421587,43.80945026363701,-45.79872157405576,6.243098715888147,0.0,0.0,0.0,0.10118136232272389,1.3467313343515814,-0.0241966353423032,5417.640584795322,0.7546875369446481,-0.11111111111111122,-0.2762415378521443,0.3865009402718439,0.8480661017973267,0.08557241004013333,-0.12253052164261931,0.053405666063893915,-0.2762415378521443,0.3865009402718439,0.8480661017973267,Software—Application,Technology,BL
2017Q1,2017,Q1,2017-05-12,2017-03-31,-9010000.0,38634000.0,-8295000.0,-0.18,29402000.0,0.7610394988869907,416235000.0,284346000.0,162515000.0,110343000.0,131889000.0,0.0,-96416000.0,1526152320.0,1503146320.0,5.544752544752544,1.4728165810246232,0.0010619001285331604,0.001554444233433915,-0.028873494291832922,5.544752544752544,-0.03168674783538365,39.502829631930425,-42.34606881243063,5.367236817117175,0.0,0.0,0.0,0.09281775919852968,1.3159421077911604,-0.021646425697022114,-465.85846153846154,0.7610394988869907,0.4545454545454546,0.07153373410416784,0.39920360050163145,0.0,0.10231320061485397,0.4247957099080695,0.047537030657940064,0.07153373410416784,0.39920360050163145,0.0,Software—Application,Technology,BL
2016Q4,2016,Q4,2017-03-10,2016-12-31,-15664000.0,35340000.0,-8709000.0,-0.33,26673000.0,0.7547538200339559,420437000.0,291410000.0,163823000.0,108464000.0,129027000.0,0.0,-87334000.0,1318403192.58,1297277192.58,6.1071289460727165,1.510390544328072,0.0023594498105542565,0.0034041384990219966,-0.026288485152968288,6.1071289460727165,-0.05375244500875056,37.30625898641765,-21.04193042294433,4.524220831749082,0.0,0.0,0.0,0.08405539950099539,1.3602854403304323,-0.03725647362149383,-182.68022621310794,0.7547538200339559,-1.4594745667970936,-1.2469913782219146,0.49284543040149603,0.8130522152393957,0.08184952342324073,-1.3665206224505213,-0.21515278359146087,-1.2469913782219146,0.49284543040149603,0.8130522152393957,Software—Application,Technology,BL
2016Q3,2016,Q3,2016-09-30,2016-09-30,-6619000.0,32196000.0,-7167000.0,-0.134175,24655000.0,0.7657783575599454,331235000.0,152548000.0,68032000.0,97723000.0,178687000.0,0.0,-71670000.0,1169146572.3,1214954572.3,3.0923304961563884,0.6961718326289614,0.19742478904705119,0.4286781865380077,-0.025609133178772166,3.0923304961563884,-0.04338962162729108,36.31341074357063,-44.158731390693454,7.664122586333482,0.0,0.0,0.0,0.09719987320180537,0.5765991629401471,-0.01998279167358522,406.0946760333449,0.7657783575599454,0.12226474340104021,0.017223459539717843,0.4863579705461429,0.0,0.12256977644219824,0.12226495159793131,0.13221939702143118,0.017223459539717843,0.4863579705461429,0.0,Software—Application,Technology,BL
2016Q2,2016,Q2,2016-06-30,2016-06-30,-7541000.0,29026000.0,-8259000.0,-0.152865,21963000.0,0.7566664369875284,282798000.0,152812000.0,49461000.0,81337000.0,129986000.0,0.0,-65051000.0,1169146572.3,1190456572.3,3.0976820920539767,0.6080996348525272,0.12361119951343362,0.22875821270580846,-0.037000148602711704,3.0976820920539767,-0.049348218726278044,40.27928658099635,-38.75966623458427,7.650881948407193,0.0,0.0,0.0,0.10263863252215362,0.4830519935576675,-0.026665676560654602,2901.1081198511165,0.7566664369875284,0.1921820833685635,0.0,0.0,0.0,0.11936190815962489,0.19217996786288163,0.15715889376466988,0.0,0.0,0.0,Software—Application,Technology,BL
2016Q1,2016,Q1,2016-03-31,2016-03-31,-9335000.0,26561000.0,-9799000.0,-0.189232,19621000.0,0.7387146568276797,,,,,,,,1169146572.3,,,0.0,0.0,0.0,0.0,,0.0,44.017415470050075,-31.31083482324585,0.0,0.0,0.0,0.0,0.0,0.0,0.0,-199.27502510652803,0.7387146568276797,-0.29531110958997886,0.0,0.0,0.0,0.08241849175263419,-0.2952684889690579,0.01646090534979424,0.0,0.0,0.0,Software—Application,Technology,BL
2015Q4,2015,Q4,2015-12-31,2015-12-31,-7207000.0,24474000.0,-9963000.0,-0.14609,18127000.0,0.7406635613303915,286750000.0,166168000.0,48487000.0,74418000.0,120582000.0,0.0,-48156000.0,1169146572.3,1182766572.3,3.368424193600144,0.6515493563385203,0.1005231037489102,0.17346901930576283,-0.03340083542059536,3.368424193600144,-0.04337176833084589,47.770963974013235,-40.555937709865404,7.0359309391699965,0.0,0.0,0.0,0.08534960767218831,0.529979306081862,-0.025133391455972102,-495.6110946587537,0.7406635613303915,-0.07004475305250966,0.0,0.0,0.0,0.15326377401705052,-0.07008166295471419,-0.0122942491363544,0.0,0.0,0.0,Software—Application,Technology,BL
2015Q3,2015,Q3,2015-09-30,2015-09-30,-6735000.0,21661000.0,-9842000.0,-0.136527,15718000.0,0.7256359355523753,,,,,,,,1169146572.3,,,0.0,0.0,0.0,0.0,,0.0,53.97472749642214,-43.39816526726058,0.0,0.0,0.0,0.0,0.0,0.0,0.0,-750.896963583815,0.7256359355523753,0.0,0.0,0.0,0.0,0.0,0.0,0.0,0.0,0.0,0.0,Software—Application,Technology,BL
