Quarters,Year,Quarter,FillingDate,Date,NetIncome,Revenue,OperatingIncome,EPSDiluted,GrossProfit,GrossProfitRatio,TotalAssets,CommonStockEquity,CurrentAssets,CurrentLiability,TotalLiability,Inventory,RetainedEarnings,MarketCap,EnterpriseValue,bookValuePerShare,currentRatio,debtToAssets,debtToEquity,roic,shareholdersEquityPerShare,roe,priceToSalesRatio,peRatio,pbRatio,payoutRatio,inventoryTurnover,dividendYield,assetTurnover,quickRatio,returnOnAssets,priceToFreeCashFlowsRatio,grossProfitMargin,epsdilutedGrowth,fiveYNetIncomeGrowthPerShare,fiveYRevenueGrowthPerShare,fiveYShareholdersEquityGrowthPerShare,grossProfitGrowth,netIncomeGrowth,operatingIncomeGrowth,threeYNetIncomeGrowthPerShare,threeYRevenueGrowthPerShare,threeYShareholdersEquityGrowthPerShare,Industry,Sector,Symbol
2023Q2,2023,Q2,2023-04-26,2023-03-31,164040000.0,769222000.0,175205000.0,1.55,223857000.0,0.2910174176,4365733000.0,2755806000.0,1004451000.0,413721000.0,1609927000.0,99408000.0,2608100000.0,3716856000.0,4099918000.0,26.506290397045245,2.4278463022181613,0.1243168100293811,0.1969420198664202,0.04048622546603147,26.506290397045245,0.0595252350854886,4.831967884433882,5.664557425018288,1.3487364495178542,0.31197878566203363,5.48612787703203,0.013768895001581983,0.1761953834556534,1.8620592138180079,0.03757444626137237,67.05858155772458,0.29101741759856065,0.7032967032967032,15.460071261800564,0.3948011464561442,-0.3591852590961218,0.14957043305893772,0.6886098100777188,0.2148201049763214,1.4072870424786037,0.26755829049718916,-0.1686106968228196,Oil & Gas Drilling,Energy,HP
2023Q1,2023,Q1,2023-01-30,2022-12-31,97145000.0,719637000.0,144223000.0,0.91,194731000.0,0.2705961478,4411848000.0,2745145000.0,1078614000.0,469571000.0,1666703000.0,90761000.0,2494106000.0,5217143360.0,5530889360.0,26.082633399209485,2.2970200459568413,0.12306226325113649,0.19777898799516966,0.03283228914338375,26.082633399209485,0.03538793032790618,7.249687495223286,13.426175716712132,1.900498283332939,0.5328529517731226,5.783387137647227,0.009921904848710156,0.16311464039558934,1.832148918906832,0.02201911761239281,58.391271880736,0.27059614778006136,1.1666666666666667,-0.7994114432332927,0.31739241734228774,-0.382456926873488,0.6215826858860659,1.1332264652276072,5.128560387026594,2.273889738194511,0.20758200410943603,-0.2877942605863848,Oil & Gas Drilling,Energy,HP
2022Q4,2022,Q4,2022-11-17,2022-09-30,45539000.0,631332000.0,-34933000.0,0.42,120087000.0,0.1902121229,4355531000.0,2765472000.0,1002944000.0,394810000.0,1590059000.0,87957000.0,2473572000.0,3892645240.0,4215506240.0,26.264787448239183,2.5403206605709077,0.12742235102907085,0.20068617581374898,-0.0064516573588706445,26.264787448239183,0.016466990083428796,6.165765777752434,21.369843650497376,1.4075880139086565,0.5861569204418191,5.812442443466694,0.006857290699318904,0.14494949065911825,2.046414731136496,0.010455441598280438,102.6568538199847,0.19021212294006956,1.625,3.084347886282567,0.22316355421412934,-0.315169067159441,0.6625870495230448,1.5652884182063993,-2.400120240480962,0.14378748301261585,0.0059958770187655335,-0.2871457309418111,Oil & Gas Drilling,Energy,HP
2022Q3,2022,Q3,2022-07-27,2022-06-30,17752000.0,550233000.0,24950000.0,0.16,72229000.0,0.1312698439,4322610000.0,2732668000.0,946158000.0,401276000.0,1589942000.0,86091000.0,2454726000.0,4533744340.0,4887371340.0,25.953974299309518,2.357873383905342,0.1254542972879811,0.19844708541249798,0.006932145795971875,25.953974299309518,0.006496215420241317,8.239680898819227,63.84835990310952,1.6590908006387899,1.503774222622803,5.552310926810003,0.005888069109781342,0.12729184451060818,1.8213748143422481,0.004106778080835421,231.41975090602827,0.131269843866144,4.644646924829157,1.8397413809009617,0.13804793355175857,-0.3369556353214959,2.0450674536256326,4.839100346020762,1.9311438701250234,1.1192719328364138,-0.16879497090173912,-0.30647712149780104,Oil & Gas Drilling,Energy,HP
2022Q2,2022,Q2,2022-04-27,2022-03-31,-4624000.0,467597000.0,-26795000.0,-0.0439,23720000.0,0.0507274426,4334350000.0,2734410000.0,918496000.0,377598000.0,1599940000.0,83588000.0,2463665000.0,4508712540.0,4848475540.0,25.944891975747915,2.4324705109666893,0.12504043282153032,0.1982032687124462,-0.019373033961987994,25.944891975747915,-0.001691041211815346,9.64230424917183,-243.76689770761246,1.6488794803997937,-5.771410034602076,5.31029573623008,0.0059189845800193775,0.10788168929597287,1.8012674855269362,-0.0010668266291370102,-101.25794551620365,0.05072744264826336,0.9085416666666667,0.9024300882393625,0.18847868944681762,-0.3520929556081017,1.7869815532839854,0.9099179832849545,0.49267267494698574,-1.0788304656965517,-0.32664305751846545,-0.34272363590714705,Oil & Gas Drilling,Energy,HP
2022Q1,2022,Q1,2022-01-31,2021-12-31,-51331000.0,409782000.0,-52816000.0,-0.48,8511000.0,0.0207695799,4392254000.0,2776591000.0,954694000.0,398976000.0,1615663000.0,87272000.0,2495206000.0,2549432700.0,2857472700.0,25.81170575712785,2.392860723452037,0.12345278756647499,0.19528839501388573,-0.013869241042171087,25.81170575712785,-0.018487058410835446,6.221436519905706,-12.416632736552959,0.9181880586661846,-0.5322319845707273,4.597935191126592,0.010716109509382224,0.09329651700470874,1.8137557146294514,-0.011686710285880553,-49.39899436144859,0.02076957992298344,0.35135135135135137,-0.47355941222858294,0.1190418453226219,-0.37559398412195605,1.3118039273153577,0.3515620065436263,0.4557071602291933,-3.7470148070244247,-0.4386069332074779,-0.3488242695514099,Oil & Gas Drilling,Energy,HP
2021Q4,2021,Q4,2021-11-18,2021-09-30,-79161000.0,343807000.0,-97036000.0,-0.74,-27296000.0,-0.07939338058852786,5034128000.0,2912618000.0,1586566000.0,866306000.0,2121510000.0,84057000.0,2573375000.0,2957511590.0,3115948590.0,26.99392950815114,1.83141522741387,0.21373532814421883,0.36941713606109694,-0.018222424101660275,26.99392950815114,-0.027178641346033018,8.602243671594819,-9.34017884438044,1.0154134836768844,-0.34505627771250996,4.414897034155395,0.00923580488825743,0.06829524398267188,1.5579264139922844,-0.01572486833866759,216.76279610085018,-0.07939338058852786,-0.423076923076923,-0.08857631048526654,0.03811747271178903,-0.360385456470805,0.0662287903667214,-0.4249122491224912,-0.25422983959569323,-33.58483798888081,-0.5018124916245391,-0.32897274600128684,Oil & Gas Drilling,Energy,HP
2021Q3,2021,Q3,2021-07-28,2021-06-30,-55555000.0,332213000.0,-77367000.0,-0.52,-29232000.0,-0.08799174023894309,4495285000.0,3007907000.0,983543000.0,265301000.0,1487378000.0,90537000.0,2679859000.0,3520646480.0000005,3631095480.0000005,27.87783606435827,3.7072721173308807,0.10700144707176519,0.15991252389119742,-0.015646814168406416,27.87783606435827,-0.018469653483302508,10.597557831872926,-15.84306759067591,1.1704638740492976,-0.4965349653496535,3.9922352187503454,0.007835208719962135,0.07390254455501709,2.9831813675787124,-0.012358504521960231,279.61611309665636,-0.08799174023894309,0.5398230088495575,-1.6241862731022605,-0.09224927909446225,-0.3593234289151507,0.3012215236774795,0.540879151756568,0.5192296937044425,-6.002313688526569,-0.4832267036155929,-0.3165915841835274,Oil & Gas Drilling,Energy,HP
2021Q2,2021,Q2,2021-04-29,2021-03-31,-121003000.0,296171000.0,-160923000.0,-1.13,-41833000.0,-0.14124610444641778,4588104000.0,3083696000.0,978573000.0,251603000.0,1504408000.0,96504000.0,2762735000.0,2907932560.0,2962336560.0,28.5895365331306,3.889353465578709,0.10497735012109577,0.15619146634428296,-0.03479869915719879,28.5895365331306,-0.039239600790739425,9.818424356199628,-6.0079761658801845,0.9430023452376629,-0.2257134120641637,3.5024869435463817,0.00939223982553433,0.06455193692209243,3.064891913053501,-0.026373203397307473,47.171471952762545,-0.14124610444641778,-1725.6148428958836,-6.714437247161231,-0.32314649025526176,-0.3542439097698566,-1.1697926348644556,-1717.0360920617343,-0.7262156334810079,-9.281395310577892,-0.48234742589957996,-0.3088208054914274,Oil & Gas Drilling,Energy,HP
2021Q1,2021,Q1,2021-02-09,2020-12-31,-70431.0,246377000.0,-93223000.0,-0.0006544597972439299,246377000.0,1.0,4629710000.0,3224918000.0,952724000.0,228261000.0,1501835000.0,99353000.0,2911006000.0,2492409720.0,2599616720.0,29.966622373788528,4.173836091141281,0.1039345876955576,0.14920906516072657,-0.020409340142974474,29.966622373788528,-2.1839625069536653e-05,10.11624348051969,-8846.99109767006,0.7728598742665705,-382.1896608027715,0.0,0.010799989979175655,0.05321650816141832,3.318240961005165,-1.5212831905238125e-05,-124.80769754631947,1.0,0.9988100730959202,-1.004410998503459,-0.4938679421403725,-0.33089769994121676,4.771326669626046,0.9988055051472957,-0.23588757788678244,-1.0001422271561307,-0.5589022846998717,-0.290498018789317,Oil & Gas Drilling,Energy,HP
2020Q4,2020,Q4,2020-11-20,2020-09-30,-58963000.0,208267000.0,-75430000.0,-0.55,-65329000.0,-0.313679075417613,4829621000.0,3318514000.0,963327000.0,219136000.0,1511107000.0,104180000.0,3010012000.0,1574640600.0,1578847600.0,30.874492947787576,4.396023474007009,0.10189018972710281,0.14828655235445745,-0.014140631049331243,30.874492947787576,-0.017767892496460765,7.560682201212866,-6.676392822617574,0.4745017197456452,-0.46149280056984887,2.6261854482626226,0.017280768703664823,0.04312284545723153,3.5238801474883177,-0.012208618440246139,21.631758548212055,-0.313679075417613,-0.2790697674418606,-1.7860580331820606,-0.6312323755201111,-0.32078601889418545,-144.265350877193,-0.29307660255707363,-0.30991247568769104,-1.643734530331229,-0.6047255477242117,-0.1949751031459374,Oil & Gas Drilling,Energy,HP
2020Q3,2020,Q3,2020-07-29,2020-06-30,-45599000.0,317364000.0,-57584000.0,-0.43,456000.0,0.0014368359360229894,4962326000.0,3396057000.0,990544000.0,242167000.0,1566269000.0,113034000.0,3096168000.0,2096134890.0000002,2215945890.0,31.609164269957837,4.090334356043557,0.09678304085624362,0.1414195933696048,-0.010748572111024833,31.609164269957837,-0.013427042007834379,6.604828808560518,-11.492219621044322,0.6172260624600824,-1.693765214149433,2.8036519985137214,0.036845911190381456,0.06395468576631201,3.279662381744829,-0.00918903756020866,11.211495803982608,0.0014368359360229894,0.8891752577319587,-1.5028549520558152,-0.5179686633850157,-0.3223571336844162,-0.9944777475022707,0.8915703619156323,0.8889499576696924,-1.1138522461653195,-0.3567309953283364,-0.19248289299761537,Oil & Gas Drilling,Energy,HP
2020Q2,2020,Q2,2020-05-04,2020-03-31,-420540000.0,633639000.0,-518541000.0,-3.88,82575000.0,0.1303186830356086,5176754000.0,3461006000.0,1120116000.0,377419000.0,1715748000.0,112474000.0,3168966000.0,1698917050.0,1888294050.0,31.88192378197629,2.967831508217657,0.09268568682228284,0.1386333915630311,-0.10362995671707875,31.88192378197629,-0.12150802396759786,2.6812065703026486,-1.0099616267180291,0.49087376618243367,-0.18616065059209588,4.899478990700073,0.046081119734480265,0.12240083264532176,2.419856975933909,-0.08123623413436296,23.410735152266778,0.1303186830356086,-15.37037037037037,-3.7886801821069067,-0.2884659545653644,-0.3139337052163573,-0.01432408236347359,-14.740892011109295,-17.530891354246364,-7.615080324398219,0.5635634739060013,-0.20383083396852097,Oil & Gas Drilling,Energy,HP
2020Q1,2020,Q1,2020-02-05,2019-12-31,30605000.0,614657000.0,31368000.0,0.27,83775000.0,0.13629552742423823,5841510000.0,3975537000.0,1154644000.0,419347000.0,1865973000.0,148688000.0,3666260000.0,4931653650.0,5113042650.0,36.622329694624845,2.753433314176565,0.08206011801743042,0.12057616367298304,0.004822486772743072,36.622329694624845,0.007698331068230531,8.023423877056635,40.284705521973535,1.2405000003773075,2.535598758372815,3.5704428064134293,0.01573549269827576,0.10522227985572223,2.177196927604108,0.005239227528498624,74.99473312043796,0.13629552742423823,-0.27027027027027023,-0.8500757662767056,-0.42137961798366,-0.1964957475769781,0.01777383613567888,-0.25674527041795175,-0.19612516337356808,1.8706140747124982,0.6633040891542431,-0.11407625703008217,Oil & Gas Drilling,Energy,HP
2019Q4,2019,Q4,2019-11-15,2019-09-30,41177000.0,649050000.0,39021000.0,0.37,82312000.0,0.1268191972883445,5839515000.0,4012223000.0,1115086000.0,410238000.0,1827292000.0,149653000.0,3714307000.0,4363462720.0,4547835720.0,36.84453974434323,2.7181441017165646,0.08208832411595826,0.11947391757636602,0.01264500260254686,36.84453974434323,0.010262889176399219,6.722845266158231,26.4921116157078,1.0875424222432302,1.90307696043908,3.7870139589583904,0.01795890214457934,0.11114792923727398,2.190572301932049,0.007051441772133474,30.826735241755447,0.1268191972883445,1.2605633802816902,-0.7574003370533862,-0.34514544981549644,-0.18471561850090684,-0.178104624110076,1.2662024915472287,1.2324421887844454,1.5610580550607092,0.9418488961890197,-0.12697766129213417,Oil & Gas Drilling,Energy,HP
2019Q3,2019,Q3,2019-07-26,2019-06-30,-154683000.0,687974000.0,-167874000.0,-1.42,100149000.0,0.14557090820292629,5897379000.0,4095054000.0,1116238000.0,390526000.0,1802325000.0,150126000.0,3750785000.0,5626633500.0,5829257500.0,37.423385880740234,2.8582936859517676,0.0833677130128486,0.1200597110563133,-0.030319250397976887,37.423385880740234,-0.03777312826644044,8.178555439595101,-9.093813638214929,1.3740071559495919,-0.5073472844462545,3.915544276141375,0.013947594063128512,0.11665758636167016,2.2756641043105965,-0.02622910957562673,31.831511685137727,0.14557090820292629,-3.5818181818181816,-1.7950024980300054,-0.2859096699524616,-0.16024494287287058,-0.25466628959276016,-3.540326156574863,-2.7643831585142835,-6.2044840314508525,0.8535776930531228,-0.13995166306643764,Oil & Gas Drilling,Energy,HP
2019Q2,2019,Q2,2019-04-29,2019-03-31,60891000.0,720868000.0,95146000.0,0.55,134368000.0,0.18639750966889915,6144562000.0,4318620000.0,1048004000.0,373707000.0,1825942000.0,161526000.0,3979708000.0,6293033120.0,6566466120.0,39.473337842531485,2.804346720826744,0.07994499852064313,0.11374628932390439,0.014663840907239331,39.473337842531485,0.0140996429414952,8.729799519468196,25.83728761229082,1.4571861196400704,1.2884991213808281,3.630994390995877,0.012467437959392147,0.11731804480124051,2.2016365762482373,0.009909738074088925,95.85732094440213,0.18639750966889915,2.235294117647059,-0.6566588977909197,-0.20578603647668592,-0.09323880004899653,0.21852526956316712,2.211720027427607,0.7525833962681207,1.8350044104102865,0.6241689479951066,-0.10840987981782149,Oil & Gas Drilling,Energy,HP
2019Q1,2019,Q1,2019-01-30,2018-12-31,18959000.0,740598000.0,54289000.0,0.17,110271000.0,0.1488945419782392,6144341000.0,4326238000.0,1042747000.0,385913000.0,1818103000.0,159992000.0,3997283000.0,5232267480.0,5535682480.0,39.63861758076634,2.702026104329214,0.07987919290286785,0.11344845105609076,0.00970192330042991,39.63861758076634,0.004382329404900979,7.064922508567401,68.99450762171,1.2094266381091376,4.120575979745767,3.939740737036852,0.014930811602926692,0.12053334930466912,2.1125616395405182,0.0030856034845722267,390.8177083955781,0.1488945419782392,7.500000000000001,-0.8925246445498486,-0.18228354056509338,-0.07034385166402118,0.13583082691277656,6.728903383611904,1.3483432822908556,0.1707858249957491,0.500151744691737,-0.11493895229113188,Oil & Gas Drilling,Energy,HP
2018Q4,2018,Q4,2018-11-16,2018-09-30,2453000.0,696825000.0,23118000.0,0.02,97084000.0,0.13932335952355326,6214867000.0,4382735000.0,1115550000.0,377168000.0,1832132000.0,158134000.0,4027779000.0,7635075840.0,7886149840.0,40.227769210999746,2.9577005472362448,0.07948166871471264,0.11270770420753251,0.000541692906647666,40.227769210999746,0.0005596961714545826,10.956948789150792,778.1365511618426,1.7420801942166249,31.82307378719935,3.7926125943819797,0.01022412895901241,0.11212227067771523,2.3623902345904213,0.0003946987119756545,180.99459131424237,0.13932335952355326,1.25,-0.9849910961202731,-0.21193744772899667,-0.03568728864439354,0.6239670803920913,1.3063186813186813,2.718513752613801,1.1143490847212418,0.2172523061790056,-0.11502147345331555,Oil & Gas Drilling,Energy,HP
2018Q3,2018,Q3,2018-08-01,2018-06-30,-8008000.0,648872000.0,6217000.0,-0.08,59782000.0,0.09213219248172212,6265872000.0,4442491000.0,1133478000.0,381668000.0,1823381000.0,152109000.0,4103418000.0,6943782800.0,7175335800.0,40.79235113172031,2.969800978861209,0.07879190637791515,0.11113134500441306,-0.004360412317709453,40.79235113172031,-0.0018025922843737895,10.70131366432825,-216.77643606393607,1.5630381243315967,-9.607267732267733,3.8728148893227883,0.011079695637945357,0.10355653610542954,2.4000597377825756,-0.0012780344060651094,231.68338727436523,0.09213219248172212,0.3333333333333333,-1.0294035082635062,-0.2452655911017664,0.010827862882487422,0.29249994594945194,0.3258691809074838,5.96169193934557,-1.0871215543947104,-0.02772127410906088,-0.12548634603025613,Oil & Gas Drilling,Energy,HP
2018Q2,2018,Q2,2018-05-04,2018-03-31,-11879000.0,577484000.0,-1253000.0,-0.12,46253000.0,0.08009399394615262,6261792000.0,4503153000.0,1130983000.0,340185000.0,1758639000.0,143177000.0,4189497000.0,7246254080.0,7450193080.0,41.363421758459786,3.324611608389553,0.07880060532192701,0.10957500222621794,-7.371906625152383e-05,41.363421758459786,-0.002637929468530161,12.547973762043624,-152.5013485983669,1.609151205832891,-6.476134354743666,3.7103096167680563,0.010616519811571388,0.09222344019092298,2.7202316386671956,-0.0018970607774898942,286.69650168150343,0.08009399394615262,-1.0263736263736265,-1.0767913208096036,-0.3272169233049235,0.0535077539505267,-0.031086997507174727,-1.0237529643715533,-1.355965909090909,-1.0785468676623648,-0.3533767300426906,-0.10990159503980468,Oil & Gas Drilling,Energy,HP
2018Q1,2018,Q1,2018-02-02,2017-12-31,500106000.0,564087000.0,3520000.0,4.55,47737000.0,0.08462701675450773,6362096000.0,4590350000.0,1166346000.0,355762000.0,1771746000.0,139066000.0,4278326000.0,7025269120.0,7177314120.0,42.23613628626372,3.2784445781168308,0.07751659201621604,0.10743581644101212,346.6614734127036,42.23613628626372,0.10894724803119588,12.454229790794683,3.5118900393116657,1.5304430206846973,0.15297356960324413,3.712985201271339,0.010889689589571197,0.08866370454013897,2.7025820632895026,0.0786071131274976,-360.58456705846123,0.08462701675450773,22.666666666666668,2.0522493032245084,-0.3494084767007437,0.12054396625343652,3.3076159537989533,23.195366589739038,1.1186103716682954,1.4469761296713988,-0.4696101546238721,-0.07332724611148347,Oil & Gas Drilling,Energy,HP
2017Q4,2017,Q4,2017-11-22,2017-09-30,-22532000.0,532304000.0,-29677000.0,-0.21,11082000.0,0.020818930535934352,6439988000.0,4164591000.0,1235267000.0,344385000.0,2275397000.0,137204000.0,3855686000.0,5658520680.0,5674538680.0,38.35222123991601,3.586878057987427,0.0765377202566216,0.11835543994596348,-0.004956822158631974,38.35222123991601,-0.005410375232525835,10.630242643301573,-62.78316039410616,1.3587218240638756,-3.3931297709923665,3.798883414477712,0.013511305219794656,0.08265605463861113,3.028412968044485,-0.0034987642834117083,237.84291034424783,0.020818930535934352,0.0,-1.1395901267633255,-0.3753399986189961,0.05701177000690029,-0.30987669697347114,-0.033625395660351394,-0.05883402311973741,-1.1331267489882921,-0.4614121919649174,-0.15135411679279004,Oil & Gas Drilling,Energy,HP
2017Q3,2017,Q3,2017-08-04,2017-06-30,-21799000.0,498564000.0,-28028000.0,-0.21,16058000.0,0.03220850282009933,6513891000.0,4249904000.0,1250388000.0,333929000.0,2263987000.0,138403000.0,3954705000.0,5899802480.0,5859546480.0,39.14364661238625,3.74447262741481,0.07562868337833716,0.11591720660043145,-0.004067098627023636,39.14364661238625,-0.0051292923322503285,11.833591033448062,-67.66138905454379,1.388220176267511,-3.506766365429607,3.4862394601273095,0.012957043944969493,0.07653858500242021,3.155020977513184,-0.003346540493232079,-167.62231099241413,0.03220850282009933,0.5333333333333333,-1.1433155748194255,-0.4005515735469042,0.1525361831378853,1.3622949710082801,0.5534638862714573,0.5732123279327568,-1.112917484723787,-0.4784442235982885,-0.12164347443330827,Oil & Gas Drilling,Energy,HP
2017Q2,2017,Q2,2017-05-05,2017-03-31,-48818000.0,405283000.0,-65672000.0,-0.45,-44323000.0,-0.10936308702807668,6538184000.0,4347394000.0,1363887000.0,301417000.0,2190790000.0,131679000.0,4052974000.0,7227172049.999999,7025811049.999999,40.04415787776908,4.524917307252079,0.07530730245585013,0.11325704548518031,-0.009363677630435401,40.04415787776908,-0.01122925596345765,17.832408588566505,-37.01079545454545,1.6624147822810629,-1.5658363718300627,3.4144092831810693,0.010576889476430828,0.061987089993184655,3.766555967314385,-0.007466599288120371,-413.335547612239,-0.10936308702807668,-0.3636363636363636,-1.3722461166335873,-0.4793671113280982,0.19378880898905335,-2.4263296227581943,-0.39229387103214214,-0.3357741436823692,-1.2773984160845393,-0.5500218128411544,-0.08012621600117834,Oil & Gas Drilling,Energy,HP
2017Q1,2017,Q1,2017-02-03,2016-12-31,-35063000.0,368590000.0,-49164000.0,-0.33,-12936000.0,-0.03509590602023929,6677637000.0,4475915000.0,1445283000.0,286628000.0,2201722000.0,126082000.0,4178235000.0,8380562400.000001,8092042400.000001,41.338015811444826,5.042365016676668,0.07369523081293577,0.10994623445708866,-0.0064711656866028415,41.338015811444826,-0.007833705510493385,22.736814346563936,-59.75360351367539,1.872368532467663,-2.1725465590508515,3.0260148157548263,0.009089604774018507,0.05519766947499542,4.1793788464490556,-0.005250809530377288,-731.3519853390349,-0.03509590602023929,0.5147058823529412,-1.2405640566093874,-0.5019308891174253,0.2858686736943918,0.7805486284289277,0.5185968284478616,0.471360523005129,-1.2003559478916899,-0.5897737400547902,-0.03048736548857692,Oil & Gas Drilling,Energy,HP
2016Q4,2016,Q4,2016-11-23,2016-09-30,-72835000.0,331708000.0,-93001000.0,-0.68,-58947000.0,-0.1777075017786728,6832019000.0,4560925000.0,1572686000.0,330120000.0,2271094000.0,124325000.0,4289807000.0,7273111000.0,6903545000.0,42.20343296011844,4.763982794135466,0.07199145669823225,0.10783930891211761,-0.010620513583769175,42.20343296011844,-0.01596934832298273,21.926245372435996,-24.96434063293746,1.5946570048838777,-1.0449921054438114,3.142207922783028,0.010464847848465396,0.048551972703822985,4.013322428207925,-0.010660831007642105,72.32104964849304,-0.1777075017786728,-2.4,-1.5949532053361277,-0.5305113125287012,0.38334928068717516,-2.415294117647059,-2.4356132075471697,-6.015766445383223,-1.4492681832232506,-0.6218126274916334,0.011671978449111896,Oil & Gas Drilling,Energy,HP
2016Q3,2016,Q3,2016-08-05,2016-06-30,-21200000.0,366486000.0,-13256000.0,-0.2,41650000.0,0.11364690602096669,6976519000.0,4701462000.0,1537672000.0,326609000.0,2275057000.0,128885000.0,4438748000.0,7253195109.999999,6878547109.999999,43.51311929067906,4.707990288081468,0.07631083639276263,0.11323796725359048,-0.002924989143340621,43.51311929067906,-0.004509235637765444,19.791192869577554,-85.5329612028302,1.5427531074376437,-3.5254716981132077,2.520355355549521,0.010304424307703479,0.05253135553705222,4.004525288647894,-0.003038764747863512,86.52782713987473,0.11364690602096669,-2.0526315789473686,-1.1910941959516488,-0.43672008844174764,0.4453125096870521,-0.4451327551523387,-1.9997642065550578,-1.3184930684029696,-1.0784595935565393,-0.570337341079717,0.07824805777731911,Oil & Gas Drilling,Energy,HP
2016Q2,2016,Q2,2016-05-06,2016-03-31,21205000.0,438191000.0,41621000.0,0.19,75063000.0,0.17130201213626023,7025105000.0,4782100000.0,1460377000.0,371328000.0,2243005000.0,129649000.0,4536047000.0,6342582080.0,5976632080.0,44.272964615697965,3.9328491253016202,0.07573737332039877,0.11126137052759248,0.005278566608654307,44.272964615697965,0.0044342443696284055,14.474469078552504,74.77696392360292,1.3263173250245708,3.524640414996463,2.8008546151532214,0.011783844348767182,0.062375010764963656,3.431642644777663,0.003018460222302727,53.60985614064745,0.17130201213626023,0.2666666666666667,-0.78833160642744,-0.28506689293462917,0.5080728731942142,0.08670411442800476,0.32514685664291965,0.07631238686320145,-0.861837326841387,-0.48546046308639385,0.1276125023064792,Oil & Gas Drilling,Energy,HP
2016Q1,2016,Q1,2016-02-05,2015-12-31,16002000.0,487847000.0,38670000.0,0.15,69074000.0,0.1415894737489418,7130274000.0,4830293000.0,1476676000.0,408790000.0,2299981000.0,127242000.0,4589597000.0,5775474600.0,5459004600.0,44.78630901605904,3.6123094987646467,0.07457777919894804,0.1100885598451274,0.0033119486051354516,44.78630901605904,0.003312842512866197,11.838700658198164,90.23051181102362,1.195677901940938,4.6594175728034,3.291153864290093,0.01290976156314496,0.0684191098406597,3.106323540204017,0.0022442335315585346,29.812594076169436,0.1415894737489418,1.7499999999999998,-0.8489503768513061,-0.1934473685296323,0.6024937827904293,0.11748527793955867,1.7543131894032242,3.4137070095499658,-0.9015840205207797,-0.4330048253917899,0.1882012123118446,Oil & Gas Drilling,Energy,HP
2015Q4,2015,Q4,2015-11-25,2015-09-30,-21214000.0,566110000.0,-16021000.0,-0.2,61812000.0,0.1091872604264189,7152012000.0,4897452000.0,1439007000.0,351228000.0,2254560000.0,128729000.0,4649952000.0,5091792400.0,4905352400.0,45.456209392983105,4.09707369571902,0.07431992563770866,0.10853337613109837,-0.0029302845229887617,45.456209392983105,-0.004331640208010206,8.99435162777552,-60.00509569152447,1.0396819407316293,-3.5137173564627133,3.9175166434913655,0.01463924570059062,0.07915394996540834,3.453209880761215,-0.0029661583341862403,46.46643913122833,0.1091872604264189,-1.2409638554216869,-1.2513998193169193,-0.0032682023375222562,0.7167684505941808,-0.6224737218208136,-1.2334800792427911,-1.1206582316613949,-1.1324592789605403,-0.3304397579567479,0.25280223139395347,Oil & Gas Drilling,Energy,HP
2015Q3,2015,Q3,2015-08-07,2015-06-30,90860000.0,659694000.0,132780000.0,0.83,163729000.0,0.24818931201435818,7335817000.0,5021509000.0,1501691000.0,346503000.0,2314308000.0,128217000.0,4745771000.0,7580853840.0,7381480840.0,46.64575669750678,4.333847037399388,0.07791156731417918,0.11381937182627772,0.016877513615368288,46.64575669750678,0.01809416253162147,11.491470045202776,20.858611710323576,1.5096764418823105,0.8197226502311248,3.868168807568419,0.0098247508225274,0.0899278158111087,3.6396279397292375,0.012385805152991139,59.94523172785716,0.24818931201435818,-0.3941605839416059,3.4308531565025557,0.34054003212162726,0.8231059052319419,-0.3798519786679595,-0.39239118077800145,-0.41550895356822143,-0.39754406612885457,-0.20003833081815664,0.37342652093919415,Oil & Gas Drilling,Energy,HP
2015Q2,2015,Q2,2015-05-01,2015-03-31,149537000.0,883052000.0,227172000.0,1.37,264016000.0,0.2989812604467234,7344150000.0,5002376000.0,1568369000.0,391145000.0,2341774000.0,124269000.0,4729390000.0,7327463219.999999,7180451219.999999,46.47061665087416,4.009686944739164,0.0779007781703805,0.11436865201656173,0.026809354245479648,46.47061665087416,0.029893194753852968,8.297884178961148,12.250251141857866,1.4647965726686676,0.4983716404635642,4.981419340302087,0.010170641293235999,0.12023882954460353,3.4330823607613543,0.020361376061218794,256.5997765793528,0.2989812604467234,-0.2594594594594594,2.1413563373018483,0.9720930633051525,0.7577158098467183,-0.27613104524180965,-0.26351690783187715,-0.31537374291405856,0.14998134810165276,0.14406692591118792,0.3853731741336495,Oil & Gas Drilling,Energy,HP
2015Q1,2015,Q1,2015-02-06,2014-12-31,203042000.0,1056585000.0,331819000.0,1.85,364729000.0,0.345196079823204,6801519000.0,4921222000.0,1209992000.0,447456000.0,1880297000.0,110773000.0,4654349000.0,7279539660.0,7108905660.0,45.57826493660452,2.7041586211828648,0.011909398474076158,0.016459732968762637,0.04058869585232496,45.57826493660452,0.04125845166098989,6.889686736041114,8.963095886565341,1.479213833474694,0.3685050383664463,6.24570969460067,0.010278397191945513,0.15534544562766053,2.2034903990559966,0.029852449136729603,352.2982945361274,0.345196079823204,0.20915032679738566,2.1395997191373843,1.5838117291800275,0.7459930147156338,0.23969355118300256,0.20365408327800436,0.25926558432194063,0.39696197441044784,0.43175113521840935,0.41776671987960196,Oil & Gas Drilling,Energy,HP
2014Q4,2014,Q4,2014-11-26,2014-09-30,168688000.0,985038000.0,263502000.0,1.53,294209000.0,0.29867781750551753,6721861000.0,4890977000.0,1277366000.0,507526000.0,1830884000.0,106241000.0,4525797000.0,10592078620.0,10311169620.0,45.19225509581801,2.5168483979145897,0.011901465977948666,0.016356650215284187,0.03402036776538822,45.19225509581801,0.034489632643948234,10.752964474466975,15.69773579033482,2.1656365630016254,0.4436830124253059,6.502470797526379,0.007066035165059981,0.1465424530498325,2.1006273570221032,0.025095431161102556,-1035.1914210320563,0.29867781750551753,-0.1257142857142857,2.196006467579174,1.6573603001083443,0.7782915867002261,-0.0443726248091727,-0.12269150557263143,-0.03092912412839448,0.3759429184016585,0.39218104124421327,0.48131725773371126,Oil & Gas Drilling,Energy,HP
2014Q3,2014,Q3,2014-08-08,2014-06-30,192279000.0,952087000.0,271912000.0,1.75,307870000.0,0.32336330608442293,6693082000.0,4819087000.0,1450421000.0,502111000.0,1873995000.0,106250000.0,4431974000.0,12555787070.0,12200859070.0,44.564644848664194,2.88864613601375,0.02913456013238744,0.04046409620743514,0.03533917261675859,44.564644848664194,0.03989946643420216,13.187646790681944,16.32495887486413,2.605428594669488,0.35363716266466955,6.063218823529412,0.005415590406312935,0.14224941514238135,2.5008713212815494,0.028728020962540127,-1698.7940833446082,0.32336330608442293,0.10062893081761001,2.533986459258308,1.3905607712614207,0.8112308151725915,0.06418942274455583,0.10144354700120295,0.06489335871106203,0.731736801642895,0.4621162548718532,0.4802395171732088,Oil & Gas Drilling,Energy,HP
2014Q2,2014,Q2,2014-05-02,2014-03-31,174570000.0,893430000.0,255342000.0,1.59,289300000.0,0.3238082446302452,6488281000.0,4688073000.0,1388984000.0,438488000.0,1800208000.0,99829000.0,4314571000.0,11583351520.0,11193372520.0,43.53223080637373,3.167667074127456,0.030054185384387637,0.04159491543753691,0.03314663183940952,43.53223080637373,0.037237048143234974,12.965035335728597,16.588405109698115,2.470812958757255,0.387724122128659,6.051648318624848,0.005843300178116324,0.13769902998960742,2.757400430570506,0.026905431500269486,608.2734611143202,0.3238082446302452,0.0,0.6456852555089894,0.6792746903386584,0.844158823323384,-0.01887969830465939,0.00801468974835722,-0.03290901447178551,0.747768692596681,0.462039457526045,0.4828412092702762,Oil & Gas Drilling,Energy,HP
2014Q1,2014,Q1,2014-02-07,2013-12-31,173182000.0,889152000.0,264031000.0,1.59,294867000.0,0.3316272133448499,6410587000.0,4568612000.0,1391290000.0,478737000.0,1841975000.0,97335000.0,4208074000.0,9009087920.0,8622673920.0,42.63793409177874,2.90616768705991,0.030418431260663025,0.04268254778475388,0.03650533799308119,42.63793409177874,0.03790691789979101,10.132224771467646,13.00523137508517,1.9719529520125587,0.3110022981603169,6.105563260903066,0.0059784076344101215,0.13870055893477462,2.530938699118723,0.02701499878248279,54.86154078494656,0.3316272133448499,0.08163265306122457,0.17095909091471947,0.4002078947131254,0.8804539493789383,0.08182268449727588,0.08376252370194684,0.08550202685479825,0.6454633428541169,0.4796710073833367,0.5256230261931939,Oil & Gas Drilling,Energy,HP
2013Q4,2013,Q4,2013-11-27,2013-09-30,159797000.0,864536000.0,243234000.0,1.47,272565000.0,0.31527316387056176,6264827000.0,4443727000.0,1258211000.0,452273000.0,1821100000.0,88866000.0,4102663000.0,7344691900.0,7091823900.0,41.716518653423705,2.7819723927804665,0.03112615879097699,0.04388208366535568,0.03413786536580346,41.716518653423705,0.03596012986396329,8.495530434822841,11.490659868458106,1.6528224843695394,0.33501254716922096,6.661389057682353,0.0072888013178605895,0.13799838367444145,2.3642534486913878,0.02550700921190641,163.1211277928308,0.31527316387056176,-0.4024390243902439,0.2482692231635239,0.4633827077658769,0.9380588220187879,0.004229654001038992,-0.3996182732877716,0.013643940656776129,0.9153523447375453,0.5395657056032395,0.5755295931885773,Oil & Gas Drilling,Energy,HP
2013Q3,2013,Q3,2013-08-02,2013-06-30,266159000.0,840197000.0,239960000.0,2.46,271417000.0,0.3230397156857261,6197611000.0,4295024000.0,1280490000.0,432854000.0,1902587000.0,86586000.0,3996530000.0,6785976800.0,6540496800.0,40.35538851827492,2.958249201809386,0.03791783640502768,0.05471447889464646,0.03405674460076601,40.35538851827492,0.061969153140937046,8.076649642881371,6.3739877291393485,1.5799624868219595,0.060302300504585606,6.568960340008777,0.002365171658117075,0.13556788252763846,2.5479376417914588,0.04294541880734367,77.77356423274844,0.3230397156857261,0.7697841726618706,1.085104774089393,0.5792743800979119,0.94737479840718,0.027553674391134972,0.7617090283293619,0.030224969946762836,8.202531874832065,0.7269367065689971,0.5772527304617345,Oil & Gas Drilling,Energy,HP
2013Q2,2013,Q2,2013-05-03,2013-03-31,151080000.0,838309000.0,232920000.0,1.39,264139000.0,0.3150854875708122,6012452000.0,4174632000.0,931976000.0,304537000.0,1837820000.0,82725000.0,3783890000.0,6359358060.0,6421365060.0,39.262569832402235,3.0603046592039718,0.039085551119576505,0.0562923869696778,0.034371747219595385,39.262569832402235,0.03619001626969755,7.5859355679111165,10.52316332406672,1.5233338076266363,0.10614906010060896,6.940707162284678,0.002521795415306431,0.13942880541915345,2.548888969156457,0.025127851332534548,-95.43140640475404,0.3150854875708122,-0.06081081081081086,0.4463784804199391,0.7292472575393325,1.0251000664816896,-0.025684059874143312,-0.05340125185616812,-0.03170690135399735,2.2131717218167957,0.8954122204124061,0.48507690887992605,Oil & Gas Drilling,Energy,HP
2013Q1,2013,Q1,2013-02-07,2012-12-31,159603000.0,844572000.0,240547000.0,1.48,271102000.0,0.3209933552142387,5934288000.0,3990395000.0,979432000.0,427233000.0,1943893000.0,78550000.0,3648872000.0,5929610670.0,5923464670.0,37.6925293056382,2.2925008133734988,0.0396003699180087,0.058891413005479405,0.03688695903634202,37.6925293056382,0.039996792297504385,7.020846854975065,9.288062677393281,1.4859708550156063,0.04656554074798093,7.300700190961171,0.0012533706534226807,0.14232069626549976,1.9224147011115715,0.026895054638399755,48.413679762896194,0.3209933552142387,0.013698630136986314,0.4471680027193852,0.8082495273644191,1.0383893868855558,-0.29051691650615524,0.01583553448111256,0.02569055355147918,1.517004610775439,1.1064330758125436,0.44390956887336463,Oil & Gas Drilling,Energy,HP
2012Q4,2012,Q4,2012-11-21,2012-09-30,157115000.0,829447000.0,234522000.0,1.46,382112000.0,0.4606828404949322,5721085000.0,3834998000.0,895228000.0,381164000.0,1886087000.0,78777000.0,3505295000.0,4956038550.0,5094943550.0,36.28362741851554,2.34866881447356,0.041076124546305465,0.06127773730260094,0.036168655004141896,36.28362741851554,0.0409687306225453,5.97511179135014,7.886004757661586,1.2923184184189926,0.047283836680138754,5.678497531005243,0.001498979462135136,0.14498071607046564,1.8799886662958727,0.027462448119543757,77.53866029381855,0.4606828404949322,0.05797101449275368,0.3217552080682805,0.8073068390555852,1.0686581613508914,0.07380075874666292,0.047957311989328,0.016157335794413176,2.0480232423297435,1.2912013832014928,0.4277417499195041,Oil & Gas Drilling,Energy,HP
2012Q3,2012,Q3,2012-08-03,2012-06-30,149925000.0,819785000.0,230793000.0,1.38,355850000.0,0.43407722756576417,5518301000.0,3634590000.0,942577000.0,413589000.0,1883711000.0,70419000.0,3355603000.0,4653055680.0,4854189680.0,33.96305225386858,2.2790185425627856,0.06342531877112176,0.0962969688465549,0.037616216531141715,33.96305225386858,0.04124949444091355,5.675946351787359,7.758972286143071,1.2802147367378438,0.050358512589628146,6.588207728027947,0.0016225896527419163,0.14855749985366873,1.8211630386688233,0.02716868833360123,-43.330189037677165,0.43407722756576417,0.16949152542372878,0.2564777211825898,0.8788132081354314,1.0831798960456247,0.10590041457669047,0.15576746660088345,0.1585703170101152,1.7844068066584051,1.0799300224508674,0.38035267706991716,Oil & Gas Drilling,Energy,HP
2012Q2,2012,Q2,2012-05-04,2012-03-31,129719000.0,769982000.0,199205000.0,1.18,321774000.0,0.4178980807343548,5441072000.0,3602096000.0,999360000.0,385724000.0,1838976000.0,61410000.0,3213113000.0,5793420750.0,5819035750.0,33.54375378311682,2.590868081840902,0.06432555937506433,0.09716565022142663,0.03191857678772093,33.54375378311682,0.03601208851735212,7.52409893997522,11.165328035985477,1.6083471262287292,0.05818731257564428,7.298615860609021,0.0013028572109146396,0.14151292245351652,2.166284700977901,0.023840706390211342,-172.55676267349736,0.4178980807343548,-0.10606060606060615,0.16703673282290088,0.9870669194228726,1.206969078308438,-0.05791729613884693,-0.10095920602137422,-0.11799996457920091,0.226367349054794,0.45138157296958104,0.4210162989732391,Oil & Gas Drilling,Energy,HP
2012Q1,2012,Q1,2012-02-07,2011-12-31,144286000.0,732588000.0,225856000.0,1.32,341556000.0,0.4662320431129093,5257887000.0,3445808000.0,1003428000.0,428849000.0,1812079000.0,58907000.0,3090946000.0,6255374960.0,6257515960.0,32.14792976694718,2.3398165787958,0.06656666451751435,0.1015726935453165,0.037585648838592486,32.14792976694718,0.041872907602512964,8.538735223618186,10.838499507921766,1.8153579537803612,0.05213257003451478,6.638124501332609,0.0012024858698478406,0.13933125607301944,1.9663051563603973,0.027441822161640216,-308.0706702782566,0.4662320431129093,0.1652571240322846,0.2553129715660088,0.8274121651507826,1.2774641196795535,0.1242051214534922,0.18832152857848788,0.169620200722934,-0.024756142254648568,0.15325772115457154,0.4178149758496104,Oil & Gas Drilling,Energy,HP
2011Q4,2011,Q4,2011-11-23,2011-09-30,121420000.0,700751000.0,193102000.0,1.1327971936633516,303820000.0,0.43356341981673946,5003891000.0,3270047000.0,956313000.0,416729000.0,1733844000.0,54407000.0,2954210000.0,4351751600.0,4337505600.0,30.508154049969214,2.294807896738648,0.06994556835870326,0.10703210076185449,0.034450613919392734,30.508154049969214,0.037130964784298205,6.210125422582344,8.96012106736946,1.3307917592621756,0.06192554768571899,7.295586964912603,0.0017278100156268112,0.1400412199226562,1.979190313129156,0.024265116886039283,53.97789161632825,0.43356341981673946,0.12158137986470458,0.18818575040355123,0.8824576180086456,1.28082832175772,0.09088036652316442,0.10556698778067124,0.10712197135616737,-0.05739200825493848,0.17879914041163994,0.41734255418742816,Oil & Gas Drilling,Energy,HP
2011Q3,2011,Q3,2011-08-08,2011-06-30,109826000.0,644095000.0,174418000.0,1.01,278509000.0,0.43240360505826003,4911036000.0,3220238000.0,882609000.0,261909000.0,1690798000.0,48911000.0,2840315000.0,7072327440.000001,7134262440.000001,30.106374226360764,3.3699071051395713,0.0712680583078601,0.10868761874122347,0.031046001168164212,30.106374226360764,0.03410493261678174,10.98025514869701,16.098937045872564,2.19621265260518,0.05861999890736255,7.47451493529063,0.0009103085306242551,0.13115257147371756,2.7959291204196877,0.02236310220491155,190.26465362782818,0.43240360505826003,0.10989010989010986,1.6966170552201378,2.954988817489939,3.784804377316448,0.05349381730700125,0.11171171171171171,0.061808662831400484,-0.14389616972329658,0.20465014887607424,0.4528021310779988,Oil & Gas Drilling,Energy,HP
2011Q2,2011,Q2,2011-05-06,2011-03-31,98790000.0,604406000.0,164265000.0,0.91,264367000.0,0.43739969490706576,4725712000.0,3126994000.0,803587000.0,215748000.0,1598718000.0,45843000.0,2738008000.0,7316515350.0,7425830350.0,29.357311176829555,3.7246556167380462,0.07406291369427506,0.11192858061128355,0.029341368052119062,29.357311176829555,0.03159264136739629,12.105299004311671,18.515323792894016,2.339791937560481,0.06486486486486487,7.417468315773401,0.0008758267690916551,0.12789734118372004,3.123389324582383,0.02090478641102124,169.89470219435736,0.43739969490706576,-0.052083333333333266,0.502793035298911,1.04139344399186,1.4698002783789508,-0.0008654703774811411,-0.051464234277484394,-0.03784426507971838,-0.055902896596569454,0.244544523550865,0.5142027908437523,Oil & Gas Drilling,Energy,HP
2011Q1,2011,Q1,2011-02-07,2010-12-31,104150000.0,594642000.0,170726000.0,0.96,264596000.0,0.4449668876399582,4465619000.0,2963342000.0,710424000.0,211820000.0,1502277000.0,43764000.0,2645662000.0,5140382880.0,5316558880.0,27.947883166243834,3.3539042583325465,0.078376592360432,0.11810989079222041,0.0322484920934381,27.947883166243834,0.035146128931456445,8.644500186666935,12.338893134901584,1.7346573159628553,0.061219395103216515,7.541495292934832,0.0012403745302334366,0.13316003895540574,2.7675526390331413,0.023322634555254265,41.98595845823362,0.4449668876399582,0.22571810464206143,1.0101011235884862,1.283479456090958,1.5437722578102844,0.15162409307143573,0.2541393220543079,0.28141887834754414,-0.057101543918370676,0.2711740269622689,0.5114047659164997,Oil & Gas Drilling,Energy,HP
2010Q4,2010,Q4,2010-11-24,2010-09-30,83045000.0,558957000.0,133232000.0,0.7832143429751677,229759000.0,0.4110495082806012,4265370000.0,2807465000.0,652804000.0,232638000.0,1457905000.0,43402000.0,2547917000.0,4290014260.0,4586994260.0,26.477775367581177,2.8060935874620654,0.08440064988500412,0.1282295594067958,0.026830665097626338,26.477775367581177,0.029580066002603773,7.675034501759527,12.914727737973388,1.5280739955796423,0.07662110903726894,7.5848578406525045,0.0014832118530067543,0.13104537238270067,2.2381511189057677,0.019469588804722684,215.8063413652598,0.4110495082806012,3.237755265643336,1.254736210753185,1.350570306722577,1.5511684627239741,0.16156642281889375,3.261882064551273,0.19518452733372804,-0.3035844564297171,0.2140686265276125,0.509591791271991,Oil & Gas Drilling,Energy,HP
2010Q3,2010,Q3,2010-08-05,2010-06-30,-36715000.0,483384000.0,111474000.0,-0.35,197801000.0,0.4092005527696407,4073654000.0,2705527000.0,549250000.0,210978000.0,1368127000.0,43505000.0,2471238000.0,3861734360.0000005,4174017360.0000005,25.58587329657755,2.6033520082662647,0.09573714409716681,0.144149365354698,0.02150147417282852,25.58587329657755,-0.013570369099994197,7.988957764427454,-26.295344954378322,1.4273501465703358,-0.14446411548413454,6.564371911274566,0.0013734761393582751,0.11866103503144843,1.956208704225085,-0.009012792937249948,77.79167559727651,0.4092005527696407,-1.8139534883720931,-2.1928648337859498,1.258597781745743,1.554548557125848,0.1758750653921149,-1.7853979934541253,0.4014130544101378,-1.311401968843094,0.12117394038744271,0.5693517907575512,Oil & Gas Drilling,Energy,HP
2010Q2,2010,Q2,2010-05-05,2010-03-31,46747000.0,439725000.0,79544000.0,0.43,168216000.0,0.3825481835237933,4205639000.0,2794795000.0,550370000.0,182933000.0,1410844000.0,45904000.0,2514320000.0,4025474880.0,4339762880.0,26.438071723850875,3.0085878436367413,0.1046214380264212,0.15743551852640356,0.015279187332011897,26.438071723850875,0.016726450419440424,9.154528125533004,21.527985111344044,1.4403471023813912,0.1133762594391084,5.914713314743813,0.001316614848680909,0.10455604962765468,2.2650861244280693,0.011115314462320707,516.1526964995512,0.3825481835237933,-0.2711864406779661,1.016382121726203,1.2858669071754791,1.7223440329166846,-0.101170184344109,-0.26074167786826913,-0.2230969077803606,-0.5727735630117818,0.15275368307107842,0.7394596669740388,Oil & Gas Drilling,Energy,HP
2010Q1,2010,Q1,2010-02-03,2009-12-31,63235000.0,399843000.0,102386000.0,0.59,187150000.0,0.4680587130448701,4235614000.0,2755982000.0,580496000.0,320347000.0,1479632000.0,46370000.0,2472875000.0,4210331000.0000005,4542278000.0,26.104494435235615,1.8120850203061056,0.1145052405625253,0.17598083006347648,0.02035395808757891,26.104494435235615,0.02294463461662667,10.529960509499979,16.645572072428244,1.527706276746365,0.08360876097098126,4.586866508518439,0.0012557207497462788,0.09440024515926144,1.3612676254186866,0.014929358529837705,76.00424218355117,0.4680587130448701,0.20978189092604088,0.5402258241909502,1.1916879602994304,1.7482650705034501,0.13695734055866737,0.22815024860161592,0.19431224337439343,-0.44144966105943206,0.012612262889942997,0.8493274643068672,Oil & Gas Drilling,Energy,HP
2009Q4,2009,Q4,2009-11-25,2009-09-30,51488000.0,361603000.0,85728000.0,0.48769121477622546,164606000.0,0.4552119313169415,4161024000.0,2683009000.0,522932000.0,301906000.0,1478015000.0,44723000.0,2414942000.0,4173379750.0,4556893750.0,25.41329860288894,1.7321020450073865,0.12617086563307495,0.19567582516495471,0.016661659610062034,25.41329860288894,0.01919039406874893,11.541330547589483,20.263846673011187,1.5554848120151668,0.10258701056556868,4.404825257697381,0.0012656408753600724,0.08690240671527008,1.3274860387007876,0.012373877199458596,93.92311630733222,0.4552119313169415,-0.024617570447549086,5.226211241909089,0.8922240770218886,1.8103058740979,-0.019864000666896905,-0.029334137697006258,-0.06762665042524961,-0.48846293472870567,-0.013787552018998929,0.8999304614699718,Oil & Gas Drilling,Energy,HP
2009Q3,2009,Q3,2009-08-05,2009-06-30,53044000.0,388281000.0,91946000.0,0.5,167942000.0,0.43252695856866546,4079854000.0,2593942000.0,592074000.0,358792000.0,1485912000.0,45685000.0,2368737000.0,3254469750.0,3672764750.0,24.604619397676075,1.6501872951459342,0.13725981370902,0.21588763357083543,0.01724039334551289,24.604619397676075,0.02044918506273463,8.381738354439182,15.33853852462107,1.2546424515274435,0.09955885679812986,4.823005362810551,0.001622691376990061,0.09517031736919998,1.321188878235858,0.013001445639966528,432.31532279489903,0.43252695856866546,-0.4897959183673469,10.668042841917531,1.5107629282309893,1.6479327862131459,-0.34654443865123774,-0.48867338872929883,-0.4984891293676161,0.32140602356543263,1.4189527023975768,2.9104107891253226,Oil & Gas Drilling,Energy,HP
2009Q2,2009,Q2,2009-05-05,2009-03-31,103738000.0,520300000.0,183338000.0,0.98,257006000.0,0.4939573323082837,3979816000.0,2486057000.0,704868000.0,428570000.0,1493759000.0,41675000.0,2320981000.0,2398068090.0,2831690090.0,23.605467303474274,1.6446974823249412,0.14071002277492226,0.22525629943319883,0.03274759590816857,23.605467303474274,0.0417279249832164,4.609010359408034,5.779145756617632,0.9646070423968557,0.050849254853573424,6.317792441511697,0.0021996873324810393,0.1307346872317715,1.3997176657255523,0.026066029183258725,-60.56645173511138,0.4939573323082837,-0.2794117647058824,15.372161153128376,2.2849001388244505,1.5325330484668542,-0.12232520336308934,-0.28591980726208915,-0.17571261577196295,0.5960127307183184,0.7773136108239573,0.9859035919951775,Oil & Gas Drilling,Energy,HP
2009Q1,2009,Q1,2009-02-03,2008-12-31,145275000.0,623754000.0,222420000.0,1.36,292826000.0,0.4694575104929187,3788011000.0,2386445000.0,716341000.0,360073000.0,1401566000.0,41994000.0,2222515000.0,2394414750.0,2771390750.0,22.674277190282094,1.9894326983694972,0.13595525461779281,0.21580216598329313,0.04842907906530324,22.674277190282094,0.060875067307228956,3.838716465144913,4.120486577181208,1.0033395908977578,0.03629667871278609,7.880363861504025,0.0022022082849264104,0.16466530852207134,1.6624128996064687,0.03835126138757253,570.3703549309195,0.4694575104929187,0.13166494050677963,23.5967217694706,3.2800362909988983,1.4560431559119746,0.12205047246085816,0.14855516464402893,0.16629786162994348,1.8246483928921597,1.413069059166753,1.0637769572546845,Oil & Gas Drilling,Energy,HP
2008Q4,2008,Q4,2008-11-26,2008-09-30,126485000.0,583719000.0,190706000.0,1.201769137949054,260974000.0,0.44708841069076044,3588045000.0,2265474000.0,690647000.0,308957000.0,1322571000.0,33098000.0,2082518000.0,4545704310.0,4925924310.0,21.52489809879429,2.2354146369883185,0.13983464532914164,0.22146932606598002,0.044441422871599356,21.52489809879429,0.055831583147720965,7.787487318384359,8.984670731707318,2.006513564048848,0.041688737794995455,9.751193425584628,0.00115999626029349,0.16268441449312926,1.8913505762937886,0.03525178753332246,-154.7368454913708,0.44708841069076044,0.018448421990723822,17.460499033597813,3.013069959992922,1.3539025615604208,0.05083571908886285,0.008901722116312644,0.009368251683109624,2.459681780093861,1.4729398629865043,1.0739522271280506,Oil & Gas Drilling,Energy,HP
2008Q3,2008,Q3,2008-08-05,2008-06-30,125369000.0,522517000.0,188936000.0,1.18,248349000.0,0.4752936268102282,3378521000.0,2166172000.0,611399000.0,272108000.0,1212349000.0,31880000.0,1961306000.0,7528250600.0,7886491600.0,20.72296948244523,2.2468982903847,0.13534295036200752,0.2110908090400947,0.045504460702371685,20.72296948244523,0.05787582888154773,14.407666353439218,15.012185229203391,3.4753706538538953,0.037537190214486836,8.6,0.0006251120280188335,0.15465850293664002,1.821486321607597,0.037107657463132535,-1079.473845712647,0.4752936268102282,0.22916666666666666,13.707650806366711,2.6513238408121578,1.2748791529182237,0.13047258359658787,0.22845748329315851,0.21369563820903192,3.120486938821431,1.4697769202272601,1.069025793144398,Oil & Gas Drilling,Energy,HP
2008Q2,2008,Q2,2008-05-06,2008-03-31,102054000.0,473644000.0,155670000.0,0.96,219686000.0,0.4638209287988447,3156118000.0,2014080000.0,543985000.0,210996000.0,1142038000.0,33499000.0,1841218000.0,4868996210.0,5258260210.0,19.38796530712436,2.578176837475592,0.1520855684103066,0.23832221163012393,0.03916055147055074,19.38796530712436,0.05067028122020972,10.279864645176547,11.927499681541144,2.4174790524706067,0.04591686754071374,7.581062121257351,0.0009624160294838266,0.15007170200860678,2.1421685719160553,0.03233529291363631,-249.6537050710147,0.4638209287988447,-0.058823529411764754,37.18358801401263,2.6110638675408064,1.1716438257933806,-0.005351612727964214,-0.0535657980153946,-0.0768710750564836,3.4794513342223476,1.5055179652341684,0.9963903652107141,Oil & Gas Drilling,Energy,HP
2008Q1,2008,Q1,2008-02-06,2007-12-31,107830000.0,456663000.0,168633000.0,1.02,220868000.0,0.48365643811738634,3058789000.0,1914019000.0,541282000.0,231199000.0,1144770000.0,29247000.0,1743874000.0,4147605630.0,4535098630.0,18.491329256393165,2.341195247384288,0.1585594822003087,0.2533935138574904,0.04458071465111118,18.491329256393165,0.056336953812893185,9.082421019438842,9.616075373272743,2.1669615766614645,0.043290364462579986,8.062194413102198,0.0011254686236887956,0.14929535839183417,2.003637558985982,0.03525251333125626,-106.47718096167176,0.48365643811738634,-0.09304028863499697,170.5498565549052,2.891844976307283,1.0580877834731641,0.026610208094151332,-0.07370500816081092,0.01154106856858358,1.6788565624994327,1.5531011851908259,0.9467557369710533,Oil & Gas Drilling,Energy,HP
2007Q4,2007,Q4,2007-11-28,2007-09-30,116410000.0,449449000.0,166709000.0,1.1246365050382092,215143000.0,0.478681674672766,2885369000.0,1815516000.0,498964000.0,226612000.0,1069853000.0,29145000.0,1645766000.0,3476867310.0000005,3833004310.0000005,17.539692200678203,2.201842797380545,0.15422637451223742,0.24510937937203528,0.047452565300781784,17.539692200678203,0.06411951202853625,7.735843911100037,7.466857035478053,1.9150849180067815,0.04009105746928958,8.039320638188368,0.0013423002904301227,0.1557682916812373,1.8948069828605723,0.040344926420156316,-92.97182421049818,0.478681674672766,0.031776610126797375,11.741291598164945,102.83719256108412,0.9585470391047419,0.11908514478618874,0.01046838651435714,0.07782274749146581,10.74582132432854,1.398854654290598,0.9396104689783032,Oil & Gas Drilling,Energy,HP
2007Q3,2007,Q3,2007-08-07,2007-06-30,115204000.0,421274000.0,154672000.0,1.09,192249000.0,0.45635144822609514,2687322000.0,1684523000.0,463627000.0,254010000.0,1002799000.0,28398000.0,1534025000.0,3659700660.0,3994138660.0,16.303465830454012,1.8252312901066887,0.15070765617220416,0.24042414380806912,0.046976928327768196,16.303465830454012,0.06838968657596245,8.687221760659334,7.941782967605291,2.172544192035372,0.040449984375542515,8.064828509049933,0.0012733281852620154,0.15676349912663984,1.5412975867091847,0.0428694440041052,-33.97577551872998,0.45635144822609514,0.06862745098039222,2.93988039685218,1.1919958015215115,0.5314829174666471,0.11075225329327479,0.0780733850516091,-0.05850843660977332,24.856867465058578,1.7795265495641819,0.7545681566381961,Oil & Gas Drilling,Energy,HP
2007Q2,2007,Q2,2007-05-08,2007-03-31,106861000.0,372536000.0,164284000.0,1.02,173080000.0,0.4645993944209419,2484537000.0,1569131000.0,464022000.0,247732000.0,915406000.0,26025000.0,1423489000.0,3132271260.0,3398131260.0,15.199013938530982,1.8730805870860445,0.14288376466118236,0.22623987417239225,0.054422172592360554,15.199013938530982,0.06810202589841129,8.407969323770052,7.327910229176219,1.9961821288343675,0.04357061977709361,7.6640153698366955,0.001486461297097238,0.14994182014596683,1.5903072675310417,0.0430104280998834,-22.637088220627454,0.4645993944209419,-0.03773584905660381,8.480269373021093,1.33385598133998,0.4170494684093961,-0.07410181242376906,-0.035428664271658875,0.12021492765284275,16.204500344297927,1.3993371757805466,0.6306394026680755,Oil & Gas Drilling,Energy,HP
2007Q1,2007,Q1,2007-02-07,2006-12-31,110786000.0,386399000.0,146654000.0,1.06,186932000.0,0.4837797199268114,2272006000.0,1458318000.0,472325000.0,295928000.0,813688000.0,26422000.0,1321286000.0,,,,,,,,,,,,,,,,,,,,,,,,,,,,,,,Oil & Gas Drilling,Energy,HP
