Quarters,Year,Quarter,FillingDate,Date,NetIncome,Revenue,OperatingIncome,EPSDiluted,GrossProfit,GrossProfitRatio,TotalAssets,CommonStockEquity,CurrentAssets,CurrentLiability,TotalLiability,Inventory,RetainedEarnings,MarketCap,EnterpriseValue,bookValuePerShare,currentRatio,debtToAssets,debtToEquity,roic,shareholdersEquityPerShare,roe,priceToSalesRatio,peRatio,pbRatio,payoutRatio,inventoryTurnover,dividendYield,assetTurnover,quickRatio,returnOnAssets,priceToFreeCashFlowsRatio,grossProfitMargin,epsdilutedGrowth,fiveYNetIncomeGrowthPerShare,fiveYRevenueGrowthPerShare,fiveYShareholdersEquityGrowthPerShare,grossProfitGrowth,netIncomeGrowth,operatingIncomeGrowth,threeYNetIncomeGrowthPerShare,threeYRevenueGrowthPerShare,threeYShareholdersEquityGrowthPerShare,Industry,Sector,Symbol
2023Q1,2023,Q1,2023-03-31,2023-03-31,38177000.0,132568000.0,46220000.0,0.23,50856000.0,0.3836219902,1477536000.0,1045646000.0,213214000.0,61243000.0,426983000.0,27658000.0,-204422000.0,1761677323.75,2039853323.75,6.416290377138369,3.4814427771337133,0.2678276536070864,0.37845025945683336,0.03190649279719641,6.416290377138369,0.03651044426125094,13.288857972889385,11.536247765343008,1.6847741240821466,1.622311863163685,2.954371248824933,0.03515683557086485,0.08972234855868148,2.8176118086965043,0.02583828752734282,34.14698927623035,0.3836219902238851,-0.39473684210526316,4.637233387693653,0.45613815268591884,0.0080229099907007,-0.2784950202877167,-0.3844901249496171,-0.3174938349994832,-0.5229615986494507,-0.4359294827556587,-0.016557471705240842,Oil & Gas Midstream,Energy,DHT
2022Q4,2022,Q4,2022-12-31,2022-12-31,62025000.0,167895000.0,67721000.0,0.38,70486000.0,0.4198219125,1508474000.0,1068478000.0,235589000.0,64374000.0,434988000.0,33069000.0,-180664000.0,1444361650.3200002,1715108650.3200002,6.569050513005454,3.659691801037686,0.2629776847330481,0.37127109776710426,0.04601396256865093,6.569050513005454,0.05804986157880649,8.602767505405165,5.821691456348248,1.3517935327821444,0.1048931882305522,2.9456288366748313,0.0045044120345888354,0.11130122229484897,2.880246683443626,0.04111771233710359,16.29818722785796,0.41982191250483936,8.5,8.225532414449917,0.5930012084508548,0.010000810607795084,6.595474137931035,7.821646991893045,12.479498407643312,-0.262683825533629,-0.21079631134949367,0.033284112499968224,Oil & Gas Midstream,Energy,DHT
2022Q3,2022,Q3,2022-09-30,2022-09-30,7031000.0,109938000.0,5024000.0,0.04,9280000.0,0.0844112136,1466096000.0,1012103000.0,170427000.0,67897000.0,449065000.0,36351000.0,-236082000.0,1231280235.36,1584502235.36,6.214262570179944,2.5100814468975066,0.2857452717966627,0.4139203223387343,0.0033986326645562867,6.214262570179944,0.00694692141017268,11.199769282322762,43.780409449580425,1.2165562550056663,0.9253306784241218,2.7690572473934694,0.005283931158123224,0.07498690399537275,1.7106057705053241,0.004795729611157796,397.9574128506787,0.08441121359311612,-0.3333333333333333,2.212775203764748,0.13881534015248992,-0.0545735979696889,1.1163055872291905,-0.2766460905349794,22.28813559322034,1.6546933005360906,-0.0821580529765841,0.05772441775170423,Oil & Gas Midstream,Energy,DHT
2022Q2,2022,Q2,2022-06-30,2022-06-30,9720000.0,99914000.0,-236000.0,0.06,4385000.0,0.0438877435,1542266000.0,1019928000.0,188627000.0,62991000.0,517612000.0,42266000.0,-236607000.0,1022285020.1999999,1398657020.1999998,6.115866433000091,2.9945071518153386,0.3126244110938061,0.472729447568848,-0.00015492184427094442,6.115866433000091,0.009530084476551286,10.23164942050163,26.29333899691358,1.0023109672447466,0.3432098765432099,2.26018549188473,0.0032632777885636477,0.06478389590381944,2.079852677366608,0.006302414758543598,46.95411630534631,0.043887743459375066,1.5999999999999999,0.4291707134320426,-0.1771065830600269,-0.2306228153895824,1.3488742143368606,1.5633802816901408,0.9874827622785616,1.7879475549558692,-0.19804513771209986,0.02440128169024586,Oil & Gas Midstream,Energy,DHT
2022Q1,2022,Q1,2022-03-31,2022-03-31,-17253000.0,76400000.0,-18854000.0,-0.1,-12569000.0,-0.1645157068,1578411000.0,1028778000.0,130152000.0,45205000.0,549596000.0,35759000.0,-242991000.0,965966881.1999999,1428336881.1999998,6.177139730284989,2.8791505364450836,0.33007499314183697,0.5064202383799031,-0.012229455255925524,6.177139730284989,-0.01677038194829205,12.643545565445026,-13.997085741610153,0.9389458961991799,-0.19300991131977047,2.4880170027126036,0.003447323158598577,0.04840310920286288,1.8140249972348192,-0.010930613129280016,286.12763068720375,-0.16451570680628272,-4.74712643678161,-1.6797454450427403,-0.5311367013921556,-0.1613676001103124,-2.688086854460094,-4.959585492227979,-19.404761904761905,-1.832854811151309,-0.50596352367204,0.01219230128620659,Oil & Gas Midstream,Energy,DHT
2021Q4,2021,Q4,2021-12-31,2021-12-31,-2895000.0,83836000.0,-924000.0,-0.0174,-3408000.0,-0.0406507944,1609362000.0,1047325000.0,131972000.0,41944000.0,562003000.0,33396000.0,-222405000.0,864635295.24,1326276295.24,6.286600581683651,3.146385657066565,0.32453792248108254,0.49869811185639606,-0.0006163533674145423,6.286600581683651,-0.002764184947365908,10.313413035450164,-74.6662603834197,0.8255654121118088,-1.1516407599309153,2.6124086716972093,0.00385596102582716,0.05209269263223563,2.1700123974823575,-0.001798849481968631,182.22029404425712,-0.04065079440813016,0.8661538461538462,-1.0910035512184635,-0.4464776892956539,-0.14307185692597577,0.7441825551718961,0.8623526055534424,0.949943117178612,-1.2080984975283826,-0.4790565398289075,0.04695483183124598,Oil & Gas Midstream,Energy,DHT
2021Q3,2021,Q3,2021-09-30,2021-09-30,-21032000.0,59095000.0,-18459000.0,-0.13,-13322000.0,-0.2254336238,1617724000.0,1055811000.0,118599000.0,36276000.0,561884000.0,29421000.0,-216079000.0,1094497270.24,1554815270.24,6.299189607378549,3.2693516374462455,0.32440577008191757,0.49705771203368787,-0.011732513225073878,6.299189607378549,-0.019920231935450568,18.520979274727136,-13.009904790794979,1.036641283563062,-0.15923354887790034,2.4614051187926993,0.0030598523094220557,0.03652971705927587,2.2557338185025912,-0.013000981626037569,-215.62199965327028,-0.22543362382604282,-28.659574468085108,0.8452290511543454,-0.4922042612162462,-0.11982728583511601,-1.0514320911610717,-27.19178082191781,-1.3033441477414525,0.16096942731706823,-0.43858328430530646,0.05496894000335602,Oil & Gas Midstream,Energy,DHT
2021Q2,2021,Q2,2021-06-30,2021-06-30,803000.0,65940000.0,-8014000.0,0.0047,-6494000.0,-0.0984834698,1653285000.0,1086184000.0,125090000.0,37598000.0,567076000.0,20577000.0,-191695000.0,1109338646.46,1583279646.46,6.354537617971809,3.3270386722698015,0.3182645460401564,0.4844317353229287,-0.0051358012344677505,6.354537617971809,0.0007392854249372114,16.82345536032757,345.3731776027397,1.0213174254638258,8.514321295143214,3.520143849929533,0.006163131539514544,0.03988423048657672,1.842438427575935,0.0004856996827528224,66.98904869927536,-0.09848346982104944,-0.9328571428571429,-0.9876782684687371,-0.6352173179904854,-0.22343173662187402,-1.3210401423769034,-0.930841443458789,-1.5461732433721802,1.0238993645113816,-0.17619381571595102,0.03689575215346915,Oil & Gas Midstream,Energy,DHT
2021Q1,2021,Q1,2021-03-31,2021-03-31,11611000.0,86983000.0,14673000.0,0.07,20228000.0,0.2325511882,1730807000.0,1113799000.0,110660000.0,38625000.0,616988000.0,19272000.0,-185661000.0,1015735740.78,1536475740.78,6.502506316188151,2.8649838187702263,0.3320520427754221,0.5159979493607015,0.00857175492083381,6.502506316188151,0.01042468165261416,11.677405249071658,21.870117577728017,0.9119560538122228,0.7374903109120662,3.4638335408883356,0.008430342318588035,0.05025574775234905,2.168673139158576,0.006708431384897334,-7.797038049465733,0.2325511881632043,0.7500000000000001,-0.7991512978200417,-0.5588960702688701,-0.19065717703053983,-0.14113451086956522,0.5239532747079669,-0.2419013174890209,2.0524794513183497,-0.09098115181851446,0.021567752362267833,Oil & Gas Midstream,Energy,DHT
2020Q4,2020,Q4,2020-12-31,2020-12-31,7619000.0,90992000.0,19355000.0,0.04,23552000.0,0.2588359416,1621989000.0,1108921000.0,118279000.0,47929000.0,513049000.0,11854000.0,-188709000.0,893275255.44,1274592255.44,6.492575266896055,2.4677961150868994,0.2774112524807505,0.40576199747321945,0.012106446964197019,6.492575266896055,0.006870642723873026,9.817074637770354,29.310777511484453,0.805535520961367,4.4835280220501375,5.689218829087228,0.038241292134722604,0.056099024099423606,2.059316906257172,0.004697319155678614,12.76873631950599,0.2588359416212414,-0.870967741935484,-0.8722617201156206,-0.47731551071704836,-0.18294543556870194,-0.6425720486242849,-0.8496319248455664,-0.6597760551248923,1.845240741641929,-0.1778313334665542,-0.0017573666826676876,Oil & Gas Midstream,Energy,DHT
2020Q3,2020,Q3,2020-09-30,2020-09-30,50669000.0,142197000.0,56889000.0,0.31,65893000.0,0.463392336,1685877000.0,1134499000.0,155243000.0,56702000.0,551366000.0,13167000.0,-162027000.0,814101538.5600001,1231363538.56,7.190767444506622,2.737875207223731,0.29205511434108183,0.4339968567623242,0.03488099507783629,7.190767444506622,0.044662004990749224,5.725166765543578,4.0167633985277,0.7175868278068116,1.6180110126507332,5.795093795093795,0.10070365441762123,0.08434601100792051,2.4165461535748296,0.030054980286224914,6.365987180156862,0.4633923359845848,-0.6172839506172839,0.08576114133895829,-0.0900075734118188,-0.07338106359204385,-0.5671398634933356,-0.626951054305572,-0.6134943066010816,10.022186138898249,0.5205550550766116,0.09399004566035475,Oil & Gas Midstream,Energy,DHT
2020Q2,2020,Q2,2020-06-30,2020-06-30,135824000.0,245942000.0,147188000.0,0.81,152227000.0,0.6189548755,1823988000.0,1044941000.0,261267000.0,108783000.0,779038000.0,19501000.0,-130712000.0,754891268.22,1336393268.22,7.101085355828704,2.401726372686909,0.3943112564337046,0.6882867070963815,0.08333907736793876,7.101085355828704,0.12998245833975317,3.0693873686478925,1.3894659048106373,0.7224247763462243,0.3791892449051714,4.805650992256807,0.06822571960786059,0.13483750989589843,2.1616061333112713,0.07446540218466349,4.267429835722685,0.6189548755397614,0.840909090909091,2.86291450536268,0.8726341986388074,-0.06524607078452353,0.4870274494480805,0.8822877257168198,0.5007698190160591,21.63282914931831,1.2955905487894472,-0.10668208362658467,Oil & Gas Midstream,Energy,DHT
2020Q1,2020,Q1,2020-03-31,2020-03-31,72159000.0,211908000.0,98075000.0,0.44,102370000.0,0.483087,1790160000.0,958689000.0,206801000.0,131283000.0,831467000.0,36279000.0,-215028000.0,1127036764.36,1832012764.36,6.524316564043554,1.5752306086850545,0.4361665996335523,0.8144539052810661,0.05605033624043403,6.524316564043554,0.07526841342708636,5.318519189270815,3.9046992210257905,1.1756020611063651,0.6516442855361078,3.0193224730560377,0.04172179780373177,0.11837377664566295,1.2329471447178995,0.04030868749162086,8.833753433921446,0.4830870000188761,-0.06382978723404249,0.9582195592373818,0.3964918045160501,-0.13135753558242977,0.1481863657776083,-0.04873708078464459,0.1452810799448817,2.222283248877527,0.47398056264836935,-0.11423352932774726,Oil & Gas Midstream,Energy,DHT
2019Q4,2019,Q4,2019-12-31,2019-12-31,75856000.0,191834000.0,85634000.0,0.47,89158000.0,0.4647664126,1827218000.0,932444000.0,218286000.0,130239000.0,894769000.0,34085000.0,-240165000.0,1214423733.24,1998038733.24,6.357448482501134,1.6760417386497133,0.46571947080206083,0.912624243386198,0.04800421085023477,6.357448482501134,0.08135180236024898,6.330596939228708,4.002398403685931,1.3024092956145354,0.09676228643746045,3.0123514742555377,0.006044018903037558,0.10498692547906162,1.3452498867466733,0.041514477199764886,41.399868181632236,0.4647664126275843,8.132018209408193,0.6802557130874756,0.6608381716231972,-0.128508019748405,8.049736094194072,9.077521030774145,12.526141209919444,1.708478564424369,0.4386523417351466,-0.13341456133364812,Oil & Gas Midstream,Energy,DHT
2019Q3,2019,Q3,2019-09-30,2019-09-30,-9391000.0,104740000.0,6331000.0,-0.0659,9852000.0,0.0940614856,1828473000.0,836729000.0,203794000.0,129115000.0,991744000.0,27597000.0,-308905000.0,875876487.1500001,1706375487.15,5.875124433062594,1.578391356542617,0.5172901103817229,1.1304149850190444,0.003557275701300684,5.875124433062594,-0.01122346661822406,8.362387694767998,-23.31691212730274,1.046786339603384,-0.3032690874241295,3.438344747617495,0.0032516000164213334,0.05728277092415365,1.3191960655229833,-0.005135979585151107,112.97258959757515,0.09406148558334924,0.10825439783491196,0.3157824251429902,0.5801434641463361,-0.33624251947802297,-0.31138603480813587,0.10680996766216473,-0.38420387121875305,0.9186693090472912,0.059216247980663675,-0.1790810341304955,Oil & Gas Midstream,Energy,DHT
2019Q2,2019,Q2,2019-06-30,2019-06-30,-10514000.0,106188000.0,10281000.0,-0.0739,14307000.0,0.1347327382,1792763000.0,848591000.0,157277000.0,122297000.0,944172000.0,37558000.0,-296670000.0,837193479.68,1670416479.6799998,5.970186236890497,1.2860250047016688,0.5043617031364436,1.0655321586017292,0.005899728130327889,5.970186236890497,-0.01238994992876427,7.884068629977022,-19.9066359064105,0.986568888522268,-1.0809396994483547,2.4463762713669523,0.01357511767094034,0.059231476776350246,0.9266049044539114,-0.0058646904247800745,28.087143277753547,0.13473273816250425,-1.6158333333333332,0.362599155152817,1.6776560133005365,-0.15196460052992558,-0.6453484048486652,-1.593240422050443,-0.7192517749863463,-1.1940140015548706,-0.2935692193319959,-0.27040212258499363,Oil & Gas Midstream,Energy,DHT
2019Q1,2019,Q1,2019-03-31,2019-03-31,17723000.0,132305000.0,36620000.0,0.12,40341000.0,0.3049091115,1828328000.0,869562000.0,183606000.0,124507000.0,958766000.0,33471000.0,-274792000.0,654016707.0,1503609707.0,6.102733366412305,1.4746640751122426,0.5025826875702828,1.0567228098743966,0.020434344140911567,6.102733366412305,0.020381525411644022,4.94325011904312,9.225536125373807,0.7521219959013848,0.4024149410370705,2.74757252546981,0.010904920201067586,0.07236393032322427,1.0889267270113328,0.009693556079653104,18.59058291642979,0.3049091115226182,0.4999999999999999,5.592079722687598,1.1631759411440277,-0.3002877455696849,0.12804093730775684,0.4790119335725611,0.10254711868489191,-0.6314583922858437,-0.19344741836504345,-0.24041543207643148,Oil & Gas Midstream,Energy,DHT
2018Q4,2018,Q4,2018-12-31,2018-12-31,11983000.0,138620000.0,33214000.0,0.08,35762000.0,0.2579858606,1863856000.0,861667000.0,193323000.0,123699000.0,1002189000.0,32212000.0,-285383000.0,562519529.6,1434850529.6,6.004653104936394,1.562850144301894,0.5189644478972625,1.1225624284091187,0.01818298884708586,6.004653104936394,0.01390676444612594,4.057996895108931,11.735782558624718,0.6528270545349886,0.23967286989902362,3.1931578293803553,0.005105600514958547,0.0743726983200419,1.2541734371336875,0.006429144740795426,-14.199301534733442,0.2579858606261723,1.5333333333333332,-0.8272904861358906,-0.26027370361501373,-0.5003208330864432,17.70397489539749,1.5579976717112922,7.485842608865456,-0.760877343687728,-0.052248734089269874,-0.24434773174984695,Oil & Gas Midstream,Energy,DHT
2018Q3,2018,Q3,2018-09-30,2018-09-30,-21475000.0,90177000.0,-5121000.0,-0.15,1912000.0,0.0212027457,1818081000.0,857387000.0,166189000.0,93209000.0,960694000.0,29251000.0,-294346000.0,700731609.84,1549250609.8400002,5.970971626291207,1.7829716014547952,0.5143197690311928,1.0906101911972073,-0.0028622957324060815,5.970971626291207,-0.02504703243692755,7.770624547722812,-8.157527471944121,0.8172874207796479,-0.13373690337601862,3.0175036750880313,0.0040985734904349065,0.04960010032556305,1.3684730015341866,-0.011811904970130594,-11.11496113571474,0.021202745711212393,0.25000000000000006,0.4344225487000809,-0.43747908588866635,-0.4457087053884634,1.2337979946197115,0.2390688115654454,0.5898606439211918,-1.505617527813404,-0.3659257537285651,-0.23056677602571754,Oil & Gas Midstream,Energy,DHT
2018Q2,2018,Q2,2018-06-30,2018-06-30,-28222000.0,67233000.0,-12486000.0,-0.2,-8178000.0,-0.1216366963,1763693000.0,879887000.0,140993000.0,86107000.0,883806000.0,26601000.0,-269999000.0,673365535.2900001,1452429535.29,6.128424776333046,1.637416237936521,0.4853401357265692,0.9728419672071528,-0.007203111019427037,6.128424776333046,-0.032074573212242025,10.015402187764938,-5.964899150396854,0.7652863780121767,-0.10172914747360215,2.8348934250592084,0.004263657478049481,0.038120579942200826,1.2345453911993218,-0.01600165108099879,-8.80964918283509,-0.1216366962652269,-2.1055900621118013,0.6077277723452259,-0.6286993115666424,-0.446231829200675,-2.5494505494505493,-2.063280147617497,-17.964673913043477,-1.8226504942800428,-0.47532335166305395,-0.1932825965995923,Oil & Gas Midstream,Energy,DHT
2018Q1,2018,Q1,2018-03-31,2018-03-31,-9213000.0,79911000.0,736000.0,-0.0644,5278000.0,0.0660484789,1693096000.0,910510000.0,133845000.0,73531000.0,782586000.0,22003000.0,-238906000.0,476338128.39,1171021128.3899999,6.365222767801538,1.820252682542057,0.4515065891124898,0.8395778190245028,0.0004402752451913651,6.365222767801538,-0.010118505013673656,5.9608580594661555,-12.925706295180722,0.5231552958122371,-0.31162487788993815,3.391946552742808,0.006027231138737186,0.04719815060693546,1.4286083420598115,-0.005441510699924872,-252.29773749470337,0.06604847893281275,-0.2196969696969697,0.7702592848572033,-0.5523321369876315,-0.45078062767718674,-0.3953488372093023,-0.22627445760681486,-0.8952014808486402,-1.2568287015049957,-0.45903494593018956,-0.1525391606437929,Oil & Gas Midstream,Energy,DHT
2017Q4,2017,Q4,2017-12-31,2017-12-31,-7513000.0,92244000.0,7023000.0,-0.0528,8729000.0,0.094629461,1730497000.0,925892000.0,167137000.0,83026000.0,804605000.0,23675000.0,-222087000.0,530992374.65,1239904374.65,6.504005188918959,2.0130681955050225,0.4543226599063737,0.8491314321756749,0.0041008979275249475,6.504005188918959,-0.008114337309319014,5.756389300659121,-17.669119348129907,0.5734927773973638,-0.37894316518035404,3.527560718057022,0.005361658916244477,0.05330491760459567,1.4393563462048033,-0.0043415273184524445,-55.04793434065934,0.09462946099475304,-0.48314606741573035,0.8701476878574342,-0.5145005417782843,-0.44590102409177296,-0.004447992700729927,-0.4827313992500493,0.42918192918192916,-1.17145860587676,-0.1771885643632095,-0.10841772807765386,Oil & Gas Midstream,Energy,DHT
2017Q3,2017,Q3,2017-09-30,2017-09-30,-5067000.0,84374000.0,4914000.0,-0.0356,8768000.0,0.1039182687,1783096000.0,935645000.0,140353000.0,84944000.0,847451000.0,20899000.0,-211560000.0,566542246.04,1305986246.04,6.572973376705752,1.6523003390469015,0.4632352941176471,0.882805978763313,0.0028200598426042054,6.572973376705752,-0.005415515500002672,6.714654348970061,-27.952548156700217,0.6055098312287246,-0.5618709295441089,3.6176850567012777,0.005025221013790014,0.04731882074773316,1.3612850819363345,-0.0028416865945523964,249.5780819559471,0.1039182686609619,-1.89,0.9943271720342122,-0.6288327726033525,-0.45866646760408486,-0.5423560728639282,-2.0477667493796528,-0.637396694214876,0.6306383400836513,0.2735356669099636,-0.25740121800518817,Oil & Gas Midstream,Energy,DHT
2017Q2,2017,Q2,2017-06-30,2017-06-30,4836000.0,86335000.0,13552000.0,0.04,19159000.0,0.2219146349,1808183000.0,942615000.0,154529000.0,88303000.0,865568000.0,18022000.0,-203647000.0,492111772.50000006,1229205772.5,7.9491133287204585,1.749985844195554,0.46516254162327597,0.8923038568238358,0.007536837046890754,7.9491133287204585,0.005130408491271622,5.700026321885678,25.44002132444169,0.5220708056841871,2.0810587262200166,3.727444234824104,0.02045063857926707,0.0477468265103698,1.4992469112034699,0.0026745080558770876,-1.1846268731268732,0.221914634852609,-0.7333333333333333,-0.8227592442907814,-0.6413904453396174,-0.676968017101844,-0.46642715904976745,-0.6629025512337934,-0.5507376098126968,1.351419485792608,1.6095229530283641,0.12913219616167057,Oil & Gas Midstream,Energy,DHT
2017Q1,2017,Q1,2017-03-31,2017-03-31,14346000.0,92100000.0,30165000.0,0.15,35907000.0,0.3898697068,1392939000.0,693366000.0,166293000.0,79972000.0,699573000.0,15750000.0,-198419000.0,420779212.44,1023176212.44,7.365729884866743,2.0793902866003102,0.4842846671677654,0.9729046419928292,0.021990011871774566,7.365729884866743,0.02069037131904362,4.568721090553746,7.332692256378084,0.6068645022109534,0.5276732190157535,3.5678095238095238,0.017990432455309152,0.06611919114907401,1.2820987345570949,0.010299087038269443,-14.704847542897081,0.3898697068403909,-0.16666666666666666,-0.8690407626258958,-0.8142865530674744,-0.8128535669627358,0.20062192797672784,-0.19540100953449244,0.1784123759668724,6.626423417946198,1.2793164293587858,-0.15547818431157492,Oil & Gas Midstream,Energy,DHT
2016Q4,2016,Q4,2016-12-31,2016-12-31,17830000.0,84890000.0,25598000.0,0.18,29907000.0,0.3523029803,1403737000.0,685012000.0,178505000.0,74310000.0,718725000.0,7906000.0,-205099000.0,386569030.67999995,978769030.68,7.33620506280956,2.4021665993809718,0.49973392451719945,1.0240623521923704,0.018412650642850407,7.33620506280956,0.026028741102345654,4.553764055601365,5.4202051413348284,0.5643244653816283,0.10471116096466629,6.954591449532001,0.004829667800123114,0.06047429112433454,1.9345444758444355,0.01270180952699829,15.315123437264766,0.35230298032748264,1.222222222222222,-0.7553747251522461,-0.8070677106932722,-0.8091191565234044,1.477590920387706,1.2355443412552678,2.184623040557353,-0.605063869895589,-0.30381202534007234,-0.3895153025446039,Oil & Gas Midstream,Energy,DHT
2016Q3,2016,Q3,2016-09-30,2016-09-30,-75697000.0,64826000.0,8038000.0,-0.81,12071000.0,0.1862061519,1377354000.0,668199000.0,132605000.0,77969000.0,709155000.0,9638000.0,-221109000.0,391203799.78000003,1004526799.78,7.1567653779807054,1.7007400377072939,0.49723237453842656,1.0249416715679012,0.005944203341013066,7.1567653779807054,-0.11328511416509154,6.034674355659766,-1.292005626973328,0.5854600198144565,-0.2836836334332933,5.473645984644117,0.054892104862162026,0.04706560550156314,1.234593235773192,-0.05495827506944475,-9.312159004522734,0.1862061518526517,-3.3823529411764706,0.9174571848813619,-0.8600131276609956,-0.8111929608934783,-0.744766778026811,-3.1264994241087734,-0.8134818424411184,-2.0660584328003053,-0.3780793732803463,-0.33563028014990615,Oil & Gas Midstream,Energy,DHT
2016Q2,2016,Q2,2016-06-30,2016-06-30,35597000.0,98738000.0,43095000.0,0.34,47294000.0,0.478984788,1394755000.0,764000000.0,130481000.0,46612000.0,630755000.0,8425000.0,-123937000.0,469631291.86,1017722291.86,8.182844854268353,2.7993006092851624,0.4396040881731917,0.8025392670157068,0.03201309283080207,8.182844854268353,0.046592931937172774,4.756337902935041,3.2982504976542972,0.6147006437958116,0.6557294154001742,6.106112759643917,0.04970282092479986,0.07079236138246502,2.530206813696044,0.025522045090356372,14.833584708149084,0.47898478802487393,0.13333333333333347,-0.5213046563328522,-0.7809224795059158,-0.8324492295167611,-0.14313149980070297,0.12895245948431702,0.060826112642772746,1.7608554798184421,-0.16147388994648987,-0.2605931879294069,Oil & Gas Midstream,Energy,DHT
2016Q1,2016,Q1,2016-03-31,2016-03-31,31531000.0,107555000.0,40624000.0,0.3,55194000.0,0.513170006,1423374000.0,750605000.0,151445000.0,69011000.0,672769000.0,6360000.0,-136192000.0,538128103.68,1114999103.6799998,8.034304044768822,2.1945052238049008,0.4597554823960533,0.8718353861218617,0.02891277682776283,8.034304044768822,0.042007447325823837,5.003283005718004,4.266659031429387,0.716925818080082,0.6242110938441534,8.232861635220125,0.036574934231095244,0.07556341481578278,1.7311153294402342,0.022152294477769018,-9.54280122147151,0.5131700060434197,-0.03225806451612906,-0.5968017168139564,-0.7520933440276854,-0.8538918493728085,0.23975741239892184,-0.02766128037498458,0.05112813082177603,2.2038782386670737,-0.07745431909569422,-0.3067649655814602,Oil & Gas Midstream,Energy,DHT
2015Q4,2015,Q4,2015-12-31,2015-12-31,32428000.0,94647000.0,38648000.0,0.31,44520000.0,0.4703794098,1423805000.0,737892000.0,218251000.0,52835000.0,685913000.0,8844000.0,-147945000.0,751234269.17,1246927269.17,7.94631784648941,4.130803444686287,0.46528000674249637,0.8977844996286719,0.027586707975656922,7.94631784648941,0.04394681064437614,7.9372221958435025,5.791555670793759,1.0180816016029446,0.5153879363513013,5.667910447761194,0.02224738764708555,0.06647469281256914,3.9153591369357432,0.022775590758565955,-18.678591441109923,0.47037940980696696,0.14814814814814806,-0.8488888059926744,-0.7863782584451479,-0.8059219491227253,0.11932418162618796,0.18074570346635596,0.09782979206908306,1.8592292358926876,-0.23632238883451048,-0.32302535851560604,Oil & Gas Midstream,Energy,DHT
2015Q3,2015,Q3,2015-09-30,2015-09-30,27464000.0,91962000.0,35204000.0,0.27,39774000.0,0.4325047302,1363306000.0,720541000.0,204467000.0,66632000.0,642765000.0,7781000.0,-163618000.0,688951311.02,1152659311.02,7.760220692641654,3.0686006723496217,0.45615584468930676,0.8630737182200596,0.026207086397247528,7.760220692641654,0.03811580465233762,7.491695602748961,6.271403573951354,0.9561583740828072,0.5071366152053598,6.7071070556483745,0.020216232667268522,0.06745514213243395,2.911513987273382,0.020145147164319675,16.03741500081473,0.43250473021465385,0.22727272727272735,-0.8415800863158075,-0.8272993380711736,-0.8368336714317316,0.1474151857835218,0.23789777337059406,0.1685587200424882,1.047138645778176,-0.37979681214187305,-0.36088776890421914,Oil & Gas Midstream,Energy,DHT
2015Q2,2015,Q2,2015-06-30,2015-06-30,22186000.0,82870000.0,30126000.0,0.22,34664000.0,0.418293713,1359694000.0,705362000.0,182636000.0,72099000.0,654332000.0,10091000.0,-177155000.0,721449014.37,1212554014.37,7.596742986454764,2.533128060028572,0.4620024799697579,0.8905810066320556,0.022583805119760755,7.596742986454764,0.031453353030075334,8.705792378062025,8.129552582371765,1.0228067493995991,0.6277832867574146,4.777128133980775,0.019305591556130302,0.06094753672517493,2.3617941996421585,0.01631690659810222,216.7164356773806,0.41829371304452756,-0.04347826086956525,0.1949856245340085,-0.8280641524866952,-0.8394521140351132,-0.1065979381443299,-0.04469514295556321,-0.03950263032042085,0.03845418703776911,-0.5603942804300193,-0.6912874620096587,Oil & Gas Midstream,Energy,DHT
2015Q1,2015,Q1,2015-03-31,2015-03-31,23224000.0,95635000.0,31365000.0,0.23,38800000.0,0.4057092069,1384028000.0,695576000.0,218054000.0,59570000.0,688452000.0,10283000.0,-185413000.0,646406987.98,1124409987.98,7.5109343962572055,3.660466677857982,0.472858208070935,0.9408734631442143,0.023145201675705517,7.5109343962572055,0.033388156003082335,6.759104804517174,6.95839420405615,0.9293118048638827,0.19919049259386842,5.527083535933094,0.00715648203998551,0.06909903556864457,3.4655363437972135,0.016780007340891946,28.190448668992587,0.40570920688032625,-0.2580645161290322,1.3422397375340298,-0.8130920858303361,-0.8444572747735369,1.8753520082999853,-0.1844073748902546,4.672816060770483,-0.7845043703675942,-0.8039816559497567,-0.8091642507927966,Oil & Gas Midstream,Energy,DHT
2014Q4,2014,Q4,2014-12-31,2014-12-31,28475000.0,72853000.0,5529000.0,0.31,13494000.0,0.185222297,1378095000.0,674852000.0,212271000.0,67906000.0,703243000.0,15906000.0,-204011000.0,676248728.66,1170845728.6599998,7.294901876969393,3.1259535239890437,0.47985153418305704,0.9798904056000427,0.004121416229409758,7.294901876969393,0.04219443670612223,9.282373116549763,5.937214474626866,1.0020696814412642,0.0649692712906058,3.7318621903684144,0.002735679819562561,0.052865005678128144,2.877389332312314,0.02066258131696291,41.04198146871396,0.18522229695414053,4.215767634854772,-0.845265825825684,-0.8662090916965375,-0.8457841155938819,18.728070175438596,5.036716756450241,2.1674408783783785,-0.6056776905557425,-0.8328780644918735,-0.8101938248136092,Oil & Gas Midstream,Energy,DHT
2014Q3,2014,Q3,2014-09-30,2014-09-30,-7054000.0,34067000.0,-4736000.0,-0.0964,684000.0,0.0200780814,1333786000.0,647878000.0,182379000.0,94051000.0,685908000.0,19052000.0,-230509000.0,450885536.64,957168536.64,8.85131182015819,1.9391500356189726,0.4803401745107536,0.9888759920849296,-0.0036964126621990548,8.85131182015819,-0.01088785234257067,13.235258069099128,-15.979782273887157,0.6959420394580461,-0.19690955486248937,1.7522044929666176,0.003080604470817208,0.02554157863405374,1.7103699056894663,-0.005288704484827401,-10.94249573207135,0.020078081427774678,0.19666666666666663,-2.6424941450184587,-0.9167518729432264,-0.8064232540956883,1.1740900992618988,0.12437934458788481,0.28942235558889723,0.9901884072647748,-0.9061627168356046,-0.7664880866271804,Oil & Gas Midstream,Energy,DHT
2014Q2,2014,Q2,2014-06-30,2014-06-30,-8056000.0,19368000.0,-6665000.0,-0.12,-3929000.0,-0.2028603883,700742000.0,488707000.0,166495000.0,15879000.0,212035000.0,6466000.0,-221990000.0,499812552.0,556214552.0,7.040020075366175,10.485232067510548,0.28915920552785473,0.41461652892223766,-0.009557746452049914,7.040020075366175,-0.01648431473254936,25.806100371747213,-15.510568272095334,1.022724356311655,-0.17229394240317775,3.603000309310238,0.002777041101600826,0.027639273798345184,9.978902953586498,-0.011496385260195622,-7.018064983571569,-0.20286038826931022,-3.4280442804428044,-1.0673608756446635,-0.9569933400115336,-0.8436075671854132,-2.183077386329419,-4.2108667529107375,-12.296610169491526,-1.1457067399601797,-0.9422020218203151,-0.8558495475776023,Oil & Gas Midstream,Energy,DHT
2014Q1,2014,Q1,2014-03-31,2014-03-31,-1546000.0,24500000.0,590000.0,-0.0271,3321000.0,0.1355510204,714424000.0,497809000.0,242858000.0,13121000.0,216615000.0,7435000.0,-212545000.0,444055675.7,427568675.7,8.7217757410594,18.50910753753525,0.28483785539119627,0.4087812795670629,0.0027209921486605923,8.7217757410594,-0.0031056087776637226,18.124721457142858,-71.80719206015524,0.8920201838456115,-0.8958602846054333,2.848554135843981,0.003118978262842188,0.03429336080534808,17.84315219876534,-0.002163981053268087,-2.643991186014802,0.13555102040816328,-1.0564583333333333,-1.0069658103689647,-0.9528964783997625,-0.8044236851922573,-0.7746488430481102,-1.1349393383957407,-0.952442366596808,-1.032359051341993,-0.9075665785774166,-0.8413898059358346,Oil & Gas Midstream,Energy,DHT
2013Q4,2013,Q4,2013-12-31,2013-12-31,11457000.0,30944000.0,12406000.0,0.48,14737000.0,0.4762474147,446599000.0,284754000.0,146072000.0,5800000.0,161845000.0,2825000.0,-210682000.0,162079935.48,192060935.48,12.017017123259778,25.184827586206897,0.34940964937225566,0.5480028375369618,0.02773516701566643,12.017017123259778,0.04023472892391327,5.237846932523268,3.5367010447761196,0.569192831285952,0.027319542637688748,5.736991150442478,0.0019311458822651303,0.06928810857167168,24.657931034482758,0.025653886372338498,-5.605005203859321,0.47624741468459153,2.846153846153846,1.1398558551713256,-0.8616243420803339,-0.7340734093232624,15.490658800393314,3.7916666666666665,4.882942097026604,-0.7907810096785886,-0.7263038005082673,-0.7065006326582508,Oil & Gas Midstream,Energy,DHT
2013Q3,2013,Q3,2013-09-30,2013-09-30,-4104000.0,17327000.0,-3195000.0,-0.26,-1017000.0,-0.058694523,334968000.0,167188000.0,65057000.0,11776000.0,167780000.0,943000.0,-221714000.0,67823405.10000001,173824405.10000002,10.77226303991629,5.524541440217392,0.4657280695469418,0.933105246788047,-0.009766773592776523,10.77226303991629,-0.02454721630739048,3.9143189877070474,-4.131542708333333,0.405671490178721,-0.07553606237816764,19.452810180275716,0.004570693546614633,0.0517273291777125,5.438603940217392,-0.012251916600988752,9.380830580912864,-0.05869452299878802,0.48,-1.0702113829928732,-0.8822669980258329,-0.7820426775892411,0.6828811973807296,0.47024654705047114,0.42587601078167114,-1.1416249621149381,-0.8053316075970371,-0.7735024968733888,Oil & Gas Midstream,Energy,DHT
2013Q2,2013,Q2,2013-06-30,2013-06-30,-7747000.0,19498000.0,-5565000.0,-0.5,-3207000.0,-0.164478408,338846000.0,171093000.0,63177000.0,11793000.0,167753000.0,3407000.0,-217300000.0,70188704.18,183064704.18,11.066769633016467,5.3571610277283135,0.4602680863873264,0.9115510278035922,-0.017211095639548733,11.066769633016467,-0.0452794678917314,3.599789936403734,-2.2650285329805087,0.41023714693178565,-0.03575577642958565,6.664220722042853,0.00394650397433794,0.057542364377917994,5.049096921902824,-0.02286289346782904,-9.950199061525376,-0.16447840804185043,-0.7857142857142856,-1.1436776239488422,-0.8656693981680167,-0.794701683785786,-290.54545454545456,-0.7920425630349295,-1.4227252938615587,-3.5060543300699907,-0.7570413225386616,-0.766117338416056,Oil & Gas Midstream,Energy,DHT
2013Q1,2013,Q1,2013-03-31,2013-03-31,-4323000.0,19243000.0,-2297000.0,-0.28,-11000.0,-0.0005716364,395889000.0,178715000.0,114532000.0,61764000.0,217174000.0,3421000.0,-209276000.0,71241855.3,198468855.3,11.589581665484785,1.854348811605466,0.5120374650470207,1.1342640517024312,-0.00697582281034039,11.589581665484785,-0.02418935176118401,3.7022218624954526,-4.119931488549618,0.39863388803402067,-0.06615776081424936,5.628178895059924,0.004014493990866069,0.04860705904938,1.4340392461628133,-0.010919727499374825,5.290105836489196,-0.0005716364392246531,0.3170731707317072,-1.092010230817349,-0.8745253292317252,-0.4943938929636949,0.9994477079881509,0.31019626615605556,-2.0132333480370534,0.6174078794016006,-0.7741391369608451,-0.7599932283548568,Oil & Gas Midstream,Energy,DHT
2012Q4,2012,Q4,2012-12-31,2012-12-31,-6267000.0,20580000.0,2267000.0,-0.41,-19917000.0,-0.9677842566,399759000.0,180996000.0,89278000.0,16125000.0,218763000.0,3616000.0,-205258000.0,62912306.64,203246306.64,11.737984496827853,5.53662015503876,0.5294114704109226,1.1692910340560012,0.005809062988141162,11.737984496827853,-0.0346250745872837,3.0569633935860057,-2.509665974150311,0.3475894861764901,-0.04563587043242381,11.199391592920353,0.004546010395653806,0.05148101731293104,5.282294573643411,-0.015676945359579145,18.80224346682606,-0.9677842565597667,0.934609250398724,-1.1711193611364725,-0.8355053670007581,-0.591364300464881,-3.082932440911943,0.935206724357185,1.745478461032555,-1.2043129255664846,-0.7732547637858554,-0.7518563387345194,Oil & Gas Midstream,Energy,DHT
2012Q3,2012,Q3,2012-09-30,2012-09-30,-96723000.0,24616000.0,-3041000.0,-6.27,9562000.0,0.3884465388,416178000.0,187165000.0,90190000.0,17260000.0,229013000.0,2879000.0,-198704000.0,95107082.46,238427082.45999998,12.142187733344544,5.225376593279258,0.5179562591006732,1.1517217428472204,-0.007554848211029747,12.142187733344544,-0.5167793123714369,3.8636286342216444,-0.2458233369002202,0.5081456600325915,-0.03541039876761474,5.228898923237235,0.03601203939191891,0.059147768502900204,5.0286210892236385,-0.23240776783011116,11.689661069321533,0.3884465388365291,-27.125,-3.2781243469668975,-0.8016843798613603,-0.6468020808082673,-0.33086074177746677,-37.01005212211467,-1.759680239820135,-107.94390301727609,-0.7143620147881322,-0.7344523345989091,Oil & Gas Midstream,Energy,DHT
2012Q2,2012,Q2,2012-06-30,2012-06-30,2686000.0,23700000.0,4003000.0,0.24,14290000.0,0.6029535865,516512000.0,287258000.0,87628000.0,13545000.0,229254000.0,0.0,-98557000.0,86850415.92,234565415.92000002,24.607821359987796,6.469398301956441,0.4231866829812279,0.7609222371526642,0.007701409318786802,24.607821359987796,0.009350479360017823,3.6645745113924053,8.08362024571854,0.3023428970472537,1.2639612807148175,0.0,0.039090198521642264,0.045884703549965926,6.291029900332226,0.005200266402329471,23.22203634224599,0.6029535864978903,-0.8,-0.9223858610971811,-0.7551181649521029,-0.35616151258022083,-0.25116595923072893,-0.570308750599904,-0.5016805676584091,-0.8664419806445439,-0.6870499825938183,-0.4533428871571682,Oil & Gas Midstream,Energy,DHT
2012Q1,2012,Q1,2012-03-31,2012-03-31,6251000.0,28299000.0,8033000.0,1.2,19083000.0,0.6743347821,488573000.0,211415000.0,47310000.0,23020000.0,277158000.0,0.0,-97854000.0,61880532.48,299709532.48,39.35810993202365,2.0551694178974804,0.547332742497027,1.264867677317125,0.01722729189707441,39.35810993202365,0.029567438450441075,2.186668521149157,2.474825327147656,0.2926969821441241,0.3093904975203967,0.0,0.03125377113755567,0.05792174352655591,1.604344048653345,0.012794403292854906,29.09286905500705,0.6743347821477791,0.5384615384615383,-0.5960814826455905,-0.3486832284399998,0.022207382740761627,0.2527407601916891,0.49081803005008345,0.38285419177138924,-0.7007267347399406,-0.42188445458618073,-0.11743728263205537,Oil & Gas Midstream,Energy,DHT
2011Q4,2011,Q4,2011-12-31,2011-12-31,4193000.0,25312000.0,5809000.0,0.78,15233000.0,0.6018094185,504557000.0,206448000.0,49428000.0,33959000.0,298109000.0,0.0,-102164000.0,47699577.120000005,285645577.12,38.43342752049958,1.4555198916340293,0.556071960155146,1.3590347206076105,0.01162277632074793,38.43342752049958,0.020310199178485623,1.8844649620733251,2.8440005437634155,0.23104887003022556,0.4612449320295731,0.0,0.04054543282709924,0.050166779967377326,1.2551606348832416,0.00831026028773756,2.592368321739131,0.6018094184576486,1.079429735234216,-0.783861877508304,-0.46263800750529394,-0.07046517323644957,-0.045431758365709986,1.0794821245782311,0.1806910569105691,1.2257907742696745,-0.5006773133958349,-0.14950022591167664,Oil & Gas Midstream,Energy,DHT
2011Q3,2011,Q3,2011-09-30,2011-09-30,-52754000.0,26639000.0,4920000.0,-9.82,15958000.0,0.5990465108,512752000.0,203584000.0,52095000.0,13015000.0,309168000.0,0.0,-104383000.0,131479020.0,385813020.0,37.905183047455026,4.002689204763734,0.5845457453115737,1.4722522398616786,0.009779346454887922,37.905183047455026,-0.2591264539453002,4.935583918315252,-0.623076070061038,0.6458219702923609,-0.12217083064791295,0.0,0.04901922755432768,0.051952990919586856,3.4877449097195545,-0.10288404530845321,34.90284576586143,0.5990465107549082,-12.690476190476192,-3.9235327357787924,-0.41770608042481505,-0.11270815691531924,-0.011888544891640866,-13.343004211511465,-0.19712793733681463,-3.6080065550764338,-0.47694679401049134,-0.2330569563795955,Oil & Gas Midstream,Energy,DHT
2011Q2,2011,Q2,2011-06-30,2011-06-30,4274000.0,25904000.0,6128000.0,0.84,16150000.0,0.6234558369,605330000.0,262076000.0,81695000.0,21074000.0,343254000.0,0.0,-45226000.0,246631971.39376903,498204971.393769,48.83800194214524,3.876577773559837,0.5366956866502569,1.2396327782780567,0.010377213506925902,48.83800194214524,0.0163082464628581,9.520999513348094,14.426296876097862,0.9410704200070553,1.50561534861956,0.0,0.02609150777830816,0.042793187187154115,3.478456866280725,0.007060611567244313,-4.002726100262416,0.6234558369363805,0.0,-0.7010564955309133,-0.3766192058919203,0.07064501969414526,0.11103467253714915,0.06477329347284504,0.14627759072203517,-0.7716336518518923,-0.48584539042945046,-0.09401208315781588,Oil & Gas Midstream,Energy,DHT
2011Q1,2011,Q1,2011-03-31,2011-03-31,4014000.0,22269000.0,5346000.0,0.84,14536000.0,0.6527459697,575211000.0,263691000.0,106190000.0,16248000.0,311520000.0,0.0,-43065000.0,276788357.155363,466969357.155363,54.98874642023972,6.535573609059576,0.5082743549758263,1.1087409126591352,0.0095593785106489,54.98874642023972,0.01522236253797058,12.429312369453637,17.238936046049016,1.0496693370473889,1.2187344294967613,0.0,0.017674153820184318,0.0387144891179063,6.2890201870999505,0.006978308829281777,-6.050150979373604,0.6527459697337106,-0.6363636363636365,-0.8203987057064831,-0.5201247509034458,0.14385942841326738,-0.06394487732629274,-0.6377910124526259,2.6,-0.7252738435777762,-0.5330657213451785,1.3989343887315364,Oil & Gas Midstream,Energy,DHT
2010Q4,2010,Q4,2010-12-31,2010-12-31,11082000.0,22880000.0,1485000.0,2.31,15529000.0,0.678715035,480855000.0,196341000.0,61746000.0,15602000.0,284514000.0,0.0,-42188000.0,267581250.604637,474243250.604637,40.9439285409676,3.9575695423663633,0.551582077757328,1.3508691511197355,0.009827382624381924,40.9439285409676,0.05644261769065045,11.694984729223645,6.0363934895469455,1.3628393998433186,0.4415268002165674,0.0,0.018286034574334288,0.047581911387008555,3.7539418023330344,0.023046448513585175,49.18772989055827,0.6787150349650349,0.2352941176470588,-0.587324552608724,-0.5170773362341473,-0.12662268470632262,-0.05890552087752257,0.46065638592328984,-0.7953135768435562,-0.027002871087046826,-0.41194717605020037,0.425385327913472,Oil & Gas Midstream,Energy,DHT
2010Q3,2010,Q3,2010-09-30,2010-09-30,7587000.0,23304000.0,7255000.0,1.87,16501000.0,0.7080758668,481363000.0,193261000.0,60222000.0,18297000.0,288102000.0,0.0,-44330000.0,201387262.303504,408527262.303504,47.560184510708,3.291359239219544,0.5509002561476474,1.3721495801015207,0.01633777686325068,47.560184510708,0.039257791277081254,8.641746580136628,6.63593193302702,1.0420481230227723,0.6426782654540661,0.0,0.024212057625827118,0.048412528590689355,3.172268677925343,0.015761493924543433,22.66598337687158,0.7080758668039822,8.35,-0.19521215662894506,-0.24540106531858114,0.0,0.35320649499753975,8.3435960591133,0.9471282877079978,-0.3221325896920616,-0.2878082895667476,0.3834540014091778,Oil & Gas Midstream,Energy,DHT
2010Q2,2010,Q2,2010-06-30,2010-06-30,812000.0,21080000.0,3726000.0,0.2,12194000.0,0.5784629981,484548000.0,192153000.0,56377000.0,22446000.0,292395000.0,0.0,-43032000.0,187614461.860919,398716461.860919,47.317614559660015,2.511672458344471,0.5471821161164632,1.3798171248952658,0.0024111488287159627,47.317614559660015,0.0042257992329029475,8.90011678657111,57.76307323304157,0.9763806022332152,6.004926108374384,0.0,0.0259894677181903,0.04350446189025649,2.4072886037601355,0.0016757885699662366,19.705331568209118,0.5784629981024668,1.273972602739726,-0.9249491406199987,-0.3296490491236958,0.03731451651361072,-0.19971122924460197,1.2731247897746385,-0.6642940805477971,-0.9325525547234986,-0.3738859181328214,0.23801700852475358,Oil & Gas Midstream,Energy,DHT
2010Q1,2010,Q1,2010-03-31,2010-03-31,-2973000.0,22417000.0,11099000.0,-0.73,15237000.0,0.6797073649,487969000.0,195922000.0,52835000.0,22163000.0,292047000.0,0.0,-36130000.0,190856195.737317,406555195.73731697,48.288561135351266,2.383928168569237,0.5432476243367919,1.3530282459346066,-0.011180281663054027,48.288561135351266,-0.015174406141219465,8.513904435799482,-16.049125104046166,0.9741437701601504,-0.032626976118398925,0.0,0.0005082360550322662,0.04593939369099267,2.228443802734287,-0.006092600144681322,39.58029774726607,0.6797073649462462,-1.3668341708542713,-1.1572206366251092,-0.42906367600137474,0.0044841814915703585,-0.05828182941903585,-1.3683558419031099,-0.06832871652816251,-1.2543324625148808,-0.31693617372750416,0.25414873274496996,Oil & Gas Midstream,Energy,DHT
2009Q4,2009,Q4,2009-12-31,2009-12-31,8071000.0,23882000.0,11913000.0,1.99,16180000.0,0.677497697,517971000.0,191924000.0,75951000.0,25927000.0,326047000.0,0.0,-33824000.0,179171118.72,399548118.72,47.30318089515806,2.929417209858449,0.5657478893606013,1.5268595902544757,0.01641236467327505,47.30318089515806,0.042053104353806714,7.50234983334729,5.549842606864081,0.9335524411746315,0.0,0.0,0.0,0.04610682837456151,2.8026381764184056,0.015581953429825221,24.61479856024179,0.6774976970103006,33.133790737564325,-0.644777570990879,-0.404235242715126,0.009026896227774204,0.037778205374895776,32.911764705882355,0.5131461958592658,-0.44919676551957066,-0.32876622639765357,0.14405497753987695,Oil & Gas Midstream,Energy,DHT
2009Q3,2009,Q3,2009-09-30,2009-09-30,238000.0,22678000.0,7873000.0,0.0583,15591000.0,0.6874944881,512318000.0,185475000.0,68258000.0,25873000.0,326843000.0,0.0,-37717000.0,183020612.903692,410629612.903692,45.725078075925204,2.638194256560894,0.5718987035395985,1.5796953767354092,0.000737511645499203,45.725078075925204,0.0012831918048254482,8.070403602773261,192.248542966063,0.9867670192947404,0.0,0.0,0.0,0.04426547573967731,2.548796042206161,0.00046455521765778287,11.836035239196276,0.6874944880500926,-0.9661046511627907,-0.9747094631629177,-0.2643686405418295,0.0,-0.13623268698060942,-0.9657996838626239,-0.2475389467647902,-0.9825360031641158,-0.3436383334027654,0.0703414556892001,Oil & Gas Midstream,Energy,DHT
2009Q2,2009,Q2,2009-06-30,2009-06-30,6959000.0,26205000.0,10463000.0,1.72,18050000.0,0.6887998474,507872000.0,181831000.0,57055000.0,23450000.0,326041000.0,0.0,-38801000.0,252539161.68,495564161.68,45.01509407243867,2.433049040511727,0.5768126614580051,1.6110949178082945,0.015564816048421389,45.01509407243867,0.03827180183797042,9.637060167143675,9.072394082483116,1.3888674740830773,1.748670786032476,0.0,0.04818658587066867,0.05159764665112469,2.3099786780383798,0.013702271438472685,19.799228669541357,0.6887998473573745,-0.5578406169665809,-0.35336227369970663,-0.16221930405299892,-0.013162202319145519,-0.2055457746478873,-0.45290880503144654,-0.3091905453585105,-0.35336227369970663,-0.16221930405299892,-0.013162202319145519,Oil & Gas Midstream,Energy,DHT
2009Q1,2009,Q1,2009-03-31,2009-03-31,12720000.0,29810000.0,15146000.0,3.89,22720000.0,0.7621603489,525205000.0,145880000.0,69284000.0,22001000.0,379325000.0,0.0,-31642000.0,150736902.5424,432699902.5424,44.59525556370751,3.149129585018863,0.6528860159366343,2.3505552508911434,0.02755207453036982,44.59525556370751,0.0871949547573348,5.056588478443476,2.962596355,1.0332938205538797,0.9261006289308176,0.0,0.07814941000719093,0.056758789425081634,3.1002227171492205,0.02421911444102779,11.00590701974299,0.7621603488762161,2.1242774566473988,-0.16567819172544238,-0.058318579522396684,-0.07234285449594223,-0.07795949839698064,2.124767883986206,-0.09000240326844508,-0.16567819172544238,-0.058318579522396684,-0.07234285449594223,Oil & Gas Midstream,Energy,DHT
2008Q4,2008,Q4,2008-12-31,2008-12-31,-11309000.0,30871000.0,16644000.0,-3.46,24641000.0,0.7981924784,532496000.0,147823000.0,68961000.0,40673000.0,384673000.0,0.0,-26721000.0,217469385.81359997,502449385.81359994,45.18922719491318,1.6954982420770535,0.646014242360506,2.3271074190078673,,45.18922719491318,-0.07650365639988364,7.044455502367917,-4.807440662605004,1.471147154459049,-1.040940843575913,0.0,0.05413175724002899,0.057974144406718546,1.6672239569247411,-0.021237718217601634,11.94033853915335,0.7981924783777655,-1.9301075268817203,-1.6173466268385566,-0.04481684345182055,-0.036065972804753044,-0.025854912037952163,-1.9183110028420625,-0.038030285516125306,-1.6173466268385566,-0.04481684345182055,-0.036065972804753044,Oil & Gas Midstream,Energy,DHT
2008Q3,2008,Q3,2008-09-30,2008-09-30,12315000.0,31007000.0,17302000.0,3.72,25295000.0,0.8157835328,607668000.0,161610000.0,137477000.0,102058000.0,446058000.0,0.0,0.0,263683684.410113,555069684.410113,49.42372626332347,1.3470477571576946,0.6895212517361454,2.592661345213786,,49.42372626332347,0.07620196770001857,8.50400504434847,5.3528965572495535,1.6316050022282842,0.7965895249695494,0.0,0.03720366704502768,0.05102621826392043,1.3287052460365674,0.02026600051343826,9.823548335076111,0.8157835327506692,0.06896551724137938,0.6233556863501444,0.24770930036806535,0.0,0.09592305359386509,0.19100580270793036,0.11259726062632629,0.6233556863501444,0.24770930036806535,0.0,Oil & Gas Midstream,Energy,DHT
2008Q2,2008,Q2,2008-06-30,2008-06-30,10340000.0,27835000.0,15551000.0,3.48,23081000.0,0.8292078319,603603000.0,159817000.0,126755000.0,99786000.0,443786000.0,0.0,0.0,356836831.524746,656242831.524746,53.905798338205024,1.270268374321047,0.6941648732693508,2.621748624989832,,53.905798338205024,0.064698999480656,12.819717317217389,8.627582967232737,2.2327839436652295,0.9486460348162475,0.0,0.027488754336503416,0.04611474760728492,1.2510071553123685,0.017130464891658922,23.08726912038988,0.8292078318663553,0.16,0.30905234897046163,0.2124384037493352,0.1817431555002108,0.14398295003965106,0.3560655737704918,0.19788938530272684,0.30905234897046163,0.2124384037493352,0.1817431555002108,Oil & Gas Midstream,Energy,DHT
2008Q1,2008,Q1,2008-03-31,2008-03-31,7625000.0,24889000.0,12982000.0,3.0,20176000.0,0.8106392382,510864000.0,57364000.0,27297000.0,109500000.0,453500000.0,0.0,0.0,318625557.24,715140557.24,22.92215521964135,0.2492876712328767,0.820179147483479,7.304232619761523,,22.92215521964135,0.13292308765079144,12.801862559363574,10.446739581639344,5.554451524300955,1.3784918032786886,0.0,0.03298856529604355,0.04871942434777162,0.23092237442922375,0.014925694509693383,-4.148014128153722,0.8106392382176866,0.26050420168067234,-0.34625338689087337,0.027714757800635155,-0.5231801945954445,0.3016774193548387,0.2830220427393572,0.34111570247933887,-0.34625338689087337,0.027714757800635155,-0.5231801945954445,Oil & Gas Midstream,Energy,DHT
2007Q4,2007,Q4,2007-12-31,2007-12-31,5943000.0,20302000.0,9680000.0,2.38,15500000.0,0.7634715792,422208000.0,71875000.0,13587000.0,96633000.0,350333000.0,0.0,-26967000.0,367521973.47096,685856973.47096,28.724814083012014,0.1406041414423644,0.7785262240412308,4.573217391304348,,28.724814083012014,0.08268521739130434,18.10274719096444,15.460288300141343,5.113349196117705,1.8697627460878343,0.0,0.03023492689445417,0.04808530392602698,0.12327051835294361,0.01407600045475216,-5.9977148599141605,0.763471579154763,-0.13768115942028983,-0.5758718755395269,-0.17877672872619627,-0.3872693241678325,0.00662423691388492,-0.137695879280325,-0.4816322159151762,-0.5758718755395269,-0.17877672872619627,-0.3872693241678325,Oil & Gas Midstream,Energy,DHT
2007Q3,2007,Q3,2007-09-30,2007-09-30,6892000.0,20149000.0,18674000.0,2.76,15398000.0,0.7642066604,339931000.0,86020000.0,10415000.0,10910000.0,253911000.0,0.0,-21798000.0,452196140.742192,688902140.742192,34.37785749454878,0.9546287809349221,0.7148509550467594,2.824924436177633,,34.37785749454878,0.08012090211578703,22.442609595622212,16.402936039690655,5.256872131390281,1.6989262913522925,0.0,0.025893630982303288,0.059273793799329864,0.7901008249312558,0.02027470280733443,37.17495402352778,0.7642066603801677,-0.08000000000000007,0.18723489451345615,0.05954467543910129,0.0,-0.01610223642172524,-0.07090860070099757,-0.025365344467640917,0.18723489451345615,0.05954467543910129,0.0,Oil & Gas Midstream,Energy,DHT
2007Q2,2007,Q2,2007-06-30,2007-06-30,7418000.0,20745000.0,19160000.0,3.0,15650000.0,0.7543986503,341446000.0,95635000.0,25930000.0,9811000.0,245811000.0,0.0,-16985000.0,468110084.364384,686968084.3643839,38.22048827587971,2.6429517888084804,0.6911781072263257,2.4677157944267267,,38.22048827587971,0.07756574475871804,22.564959477675778,15.776155445011595,4.8947569860865165,1.538285252089512,0.0,0.02437674466144913,0.060756312857670025,2.0803180103964936,0.02172525084493595,39.277570428291995,0.7543986502771752,0.041666666666666706,0.11273094291903533,0.07065304916510376,-0.16211610230646514,0.01255175983436853,0.02941992783791285,0.015906680805938492,0.11273094291903533,0.07065304916510376,-0.16211610230646514,Oil & Gas Midstream,Energy,DHT
2007Q1,2007,Q1,2007-03-31,2007-03-31,7206000.0,20231000.0,18860000.0,2.88,15456000.0,0.7639760763,342008000.0,96302000.0,22235000.0,9706000.0,245706000.0,0.0,-12992000.0,443604321.221152,662969321.2211521,38.50305779096992,2.2908510199876364,0.6900423381909195,2.4506240784199704,,38.50305779096992,0.07482710639446741,21.92695967679067,15.390102734566751,4.60638741896484,1.832639467110741,0.0,0.029769773124947434,0.059153587050595306,2.039769214918607,0.021069682580524433,36.47761871730548,0.763976076318521,-0.20221606648199447,-0.38183024270482063,-0.16415377005946052,-0.19907092734284862,-0.10576255496412867,-0.20225838591829956,0.5334580047158306,-0.38183024270482063,-0.16415377005946052,-0.19907092734284862,Oil & Gas Midstream,Energy,DHT
