Year,Date,FillingDate,NetIncome,Revenue,OperatingIncome,EPSDiluted,GrossProfit,GrossProfitRatio,TotalAssets,CommonStockEquity,CurrentAssets,CurrentLiability,TotalLiability,Inventory,RetainedEarnings,EnterpriseValue,bookValuePerShare,currentRatio,debtToAssets,debtToEquity,roic,shareholdersEquityPerShare,roe,priceToSalesRatio,peRatio,pbRatio,payoutRatio,inventoryTurnover,dividendYield,assetTurnover,quickRatio,returnOnAssets,priceToFreeCashFlowsRatio,grossProfitMargin,epsdilutedGrowth,fiveYNetIncomeGrowthPerShare,fiveYRevenueGrowthPerShare,fiveYShareholdersEquityGrowthPerShare,grossProfitGrowth,netIncomeGrowth,operatingIncomeGrowth,threeYNetIncomeGrowthPerShare,threeYRevenueGrowthPerShare,threeYShareholdersEquityGrowthPerShare,Industry,Sector,Price,MarketCap,AvgVolume,Symbol
2022,2022-05-29,2022-07-21,888200000.0,11535900000.0,1413300000.0,1.84,2838800000.0,0.246083964,22435100000.0,8862200000.0,3033700000.0,3518800000.0,13572900000.0,1939700000.0,6550700000.0,24818445000.0,18.45138455132209,0.862140502444015,0.40025674055386423,1.013269842702715,0.05632274353248756,18.45138455132209,0.1002234208210151,1.3802083062439863,17.926080837649177,1.7966131434632484,0.6550326503039856,4.483734598133732,0.036540761822754696,0.5141898186324109,0.2701773331817665,0.03958974998997107,22.334051059054566,0.2460839639733354,-0.3082706766917293,0.249328599209935,0.32535528727066765,0.9968810733978176,-0.10707096124811273,-0.31613797351401296,-0.2280002184956574,0.21048478564968826,0.11801166584061171,0.09763451649811865,Packaged Foods,Consumer Defensive,32.96,15718854984,4058814,CAG
2021,2021-05-30,2021-07-23,1298800000.0,11184700000.0,1830700000.0,2.66,3179200000.0,0.2842454424,22195600000.0,8631400000.0,2702100000.0,3306200000.0,13564200000.0,1734000000.0,6262600000.0,27435480000.0,17.767393989296007,0.8172826810235315,0.40574257961037324,1.043364923419144,0.08858873591982579,17.767393989296007,0.15047385128716084,1.6548481407637219,14.250831536803204,2.1443775053873066,0.3654142285186326,4.616782006920415,0.025641607479180376,0.503915190398097,0.26407960800919483,0.05851610229054407,19.24610585421649,0.28424544243475464,0.5465116279069768,2.7154810199016928,-0.14099542166427761,1.078348758334281,0.03570497784727652,0.5460064278062136,0.2564859299931366,0.335771945009675,0.17142145758819075,0.9520837909462645,Packaged Foods,Consumer Defensive,32.96,15718854984,4058814,CAG
2020,2020-05-31,2020-07-24,840100000.0,11054400000.0,1457000000.0,1.72,3069600000.0,0.2776812853,22304000000.0,7950700000.0,2885900000.0,3287400000.0,14353300000.0,1377900000.0,5471200000.0,26113156000.0,16.315821875641287,0.8778670073614406,0.4370247489239598,1.2259801023809225,0.06448787287814622,16.315821875641287,0.10566365225703397,1.5305268490374873,20.139335793357933,2.1279957739570103,0.4923223425782645,5.7949052906597,0.024445808324057797,0.4956241032998565,0.4301575713329683,0.037665889526542325,11.48534111737153,0.27768128528006947,0.13157894736842102,3.9081229337605907,-0.38947487034214695,0.5360520771565958,0.15702977761025255,0.2385375202712664,0.19947312093521033,0.16469731139663218,0.25179203220225554,0.7657621198981337,Packaged Foods,Consumer Defensive,32.96,15718854984,4058814,CAG
2019,2019-05-26,2019-07-19,678300000.0,9538400000.0,1214700000.0,1.52,2653000000.0,0.2781388912,22213800000.0,7463700000.0,2733800000.0,2142600000.0,14750100000.0,1571700000.0,5047900000.0,23241220000.0,16.810135135135134,1.275926444506674,0.48066067039407934,1.430563929418385,0.049108098123733776,16.810135135135134,0.09087985851521363,1.3419986580558585,18.87147279964617,1.7150367780055469,0.5251363703376087,4.38086148756124,0.027826994528347287,0.42939073909011516,0.4985998319798376,0.03053507279258839,16.572397721387883,0.27813889121865304,-0.23232323232323232,1.1234613944198242,-0.4887339397287089,0.3467927987890904,0.12821603231979586,-0.16093518060366155,0.1753265602322206,1.9802570960916603,-0.19846736428859438,0.9663729811241659,Packaged Foods,Consumer Defensive,32.96,15718854984,4058814,CAG
2018,2018-05-27,2018-07-20,808400000.0,7938300000.0,1033500000.0,1.98,2351500000.0,0.296222113046874,10389500000.0,3676200000.0,1938900000.0,2336200000.0,6632900000.0,997100000.0,4744900000.0,18797699000.0,9.101757860856647,0.8299375053505693,0.3672746522931806,1.0379739948860236,0.11041448326774897,9.101757860856647,0.21990098471247485,1.903417482332489,18.691117021276593,4.1101950383548225,0.42342899554675906,5.603048841640758,0.022654023034832993,0.7640694932383657,0.3041691635990069,0.07780932672409645,21.505691716481635,0.296222113046874,0.35616438356164387,0.0624244089183312,-0.4788131838360792,-0.2897572127422097,0.004013492165150933,0.26450805568590646,0.11729729729729729,4.376219233808452,-0.4710453553961155,-0.1431155491579723,Packaged Foods,Consumer Defensive,32.96,15718854984,4058814,CAG
2017,2017-05-28,2017-07-21,639300000.0,7826900000.0,925000000.0,1.46,2342100000.0,0.2992372459083417,10096300000.0,3990800000.0,2013200000.0,1720500000.0,6018500000.0,934200000.0,4247000000.0,19602057000.0,9.240101875434128,1.1701249636733508,0.29678198944167666,0.7508269018743109,0.08616362704080215,9.240101875434128,0.16019344492332366,2.153733534349487,26.36799155326138,4.22397940262604,0.6491475050836852,5.871119674587883,0.024618769456613926,0.7752245872250231,0.47358326068003487,0.06332022622148709,18.059842511249197,0.2992372459083417,1.929936305732484,0.3062110039185791,-0.4358133669666318,-0.14061537011673586,-0.24223502005953151,1.9443131462333825,0.0494667574313592,1.0574392617644228,-0.56871834652821,-0.25970240180271975,Packaged Foods,Consumer Defensive,32.96,15718854984,4058814,CAG
2016,2016-05-29,2016-07-15,-677000000.0,11642900000.0,881400000.0,-1.57,3090800000.0,0.2654665074852485,13390600000.0,3713600000.0,3576700000.0,2532400000.0,9595800000.0,1582100000.0,3218300000.0,24367476000.0,8.548802946593002,1.4123756120676039,0.41282690842830044,1.4885825075398535,0.05853777044621312,8.548802946593002,-0.18230288668677294,1.6897831296326518,-29.060525849335303,5.2978177509694095,-0.6388478581979321,5.405536944567348,0.021983355067628423,0.8694830702134333,0.6598878534196809,-0.050557854016997,25.643868613138686,0.2654665074852485,-1.616666666666667,-1.8196758680074205,-0.06390020426809143,-0.2186705038496198,-0.06580021157624301,-1.6801266825019794,6.387530562347188,-1.8272645996444308,-0.28925941110889286,-0.33290626653362104,Packaged Foods,Consumer Defensive,32.96,15718854984,4058814,CAG
2015,2015-05-31,2015-07-17,-252600000.0,15832400000.0,-163600000.0,-0.6,3308500000.0,0.20897021298097573,17542200000.0,4526000000.0,3667700000.0,3310200000.0,12932200000.0,2201200000.0,4331100000.0,24284207000.0,10.621919737150904,1.1079995166455199,0.4506162282951967,1.7465311533362793,-0.01937607726545701,10.621919737150904,-0.05581087052585064,1.0461147393951642,-65.56811955661124,3.659413831197525,-1.6832937450514647,5.689578411775395,0.025672441979949053,0.9025321795441849,0.3492236118663525,-0.014399562198583985,16.419655992862097,0.20897021298097573,-1.857142857142857,-1.3623234021435062,0.36452467675771394,-0.04305863331908827,-0.11121558092679651,-1.8333883206862422,-1.1712371781452795,-1.5231348464397167,0.15678175655435755,-0.012098060711880177,Packaged Foods,Consumer Defensive,32.96,15718854984,4058814,CAG
2014,2014-05-25,2014-07-16,303100000.0,17702600000.0,955400000.0,0.7,3722500000.0,0.21027984589834262,19366400000.0,5258500000.0,4230800000.0,2642400000.0,14011200000.0,2292600000.0,5010600000.0,22127793000.0,12.481604557322573,1.6011201937632455,0.46439193654990085,1.7102976133878482,0.03235486034099722,12.481604557322573,0.05764001141009794,0.7522789307785297,43.93696139887826,2.5325269563563753,1.3886506103596172,6.097923754688999,0.03160552223338482,0.9140883179114342,0.5965410233121404,0.015650817911434238,14.050741717661953,0.21027984589834262,-0.6216216216216217,-0.6669723031484335,0.4947844702362787,0.19742394543654662,0.04564606741573034,-0.6083473316966016,-0.32926144341477115,-0.6216116345600449,0.4675617938804086,0.14077325923248096,Packaged Foods,Consumer Defensive,32.96,15718854984,4058814,CAG
2013,2013-05-26,2013-07-19,773900000.0,15491400000.0,1424400000.0,1.85,3560000000.0,0.2298049240223608,20405300000.0,5264400000.0,4379800000.0,3401300000.0,15042300000.0,2394100000.0,5129500000.0,23689416000.0,12.814995131450827,1.2876841207773497,0.4699661362489157,1.821632094825621,0.06248677254332726,12.814995131450827,0.14700630651166324,0.922028738525892,18.456539604600078,2.7132277182584916,0.5177671533789895,4.983668184286371,0.028053316844396013,0.7591851136714481,0.4322170934642637,0.03792642107687708,15.055882786971647,0.2298049240223608,0.6517857142857142,-0.013672721117983386,0.5831372728277956,0.16981820393552868,0.25933000813612084,0.653985894421885,0.7178002894356006,0.15140731792981088,0.38486170997195635,0.1545181340627525,Packaged Foods,Consumer Defensive,32.96,15718854984,4058814,CAG
2012,2012-05-27,2012-07-20,467900000.0,13262600000.0,829200000.0,1.12,2826900000.0,0.21314825147406993,11441900000.0,4439500000.0,3218800000.0,2225200000.0,6905900000.0,1869600000.0,4765100000.0,13259425000.0,10.751998062484864,1.4465216609742944,0.2566619180380881,0.661493411420205,0.07720931162064473,10.751998062484864,0.10539475166122311,0.7860996335560146,22.28195127163924,2.3484007208018918,0.830519341739688,5.581782199400942,0.03727318723637925,1.1591256696877268,0.46189106597159807,0.04089355788811299,15.970779718137255,0.21314825147406993,-0.4042553191489361,-0.25273144085203536,0.3464368502325017,0.1829098219696848,-0.02972370001716149,-0.4272949816401469,-0.4087278950370793,-0.4754413668987103,0.1426593261193543,0.03149397837263967,Packaged Foods,Consumer Defensive,32.96,15718854984,4058814,CAG
2011,2011-05-29,2011-07-19,817000000.0,12303100000.0,1402400000.0,1.88,2913500000.0,0.2368102348188668,11408700000.0,4701500000.0,3899300000.0,2125600000.0,6700200000.0,1803400000.0,4853600000.0,13021088000.0,10.941354433325577,1.8344467444486263,0.2834503492948364,0.6878230352015314,0.11598716860341705,10.941354433325577,0.17377432734233755,0.8745509668294983,13.169752753977969,2.288564926087419,0.4583843329253366,5.206609737163136,0.034805841953781565,1.0783963115867714,0.8570756492284531,0.07161201539176243,12.14274686829929,0.2368102348188668,0.16049382716049368,0.8454051390162767,0.28108143055472,0.21907865202279175,-0.049491060942189746,0.1256544502617801,0.1262447799550273,-0.0045410956574295,0.20200850669487483,-0.0012172879876935364,Packaged Foods,Consumer Defensive,32.96,15718854984,4058814,CAG
2010,2010-05-30,2010-07-22,725800000.0,12079400000.0,1245200000.0,1.62,3065200000.0,0.2537543255459708,11738000000.0,4923900000.0,3960100000.0,2036200000.0,6809100000.0,1606500000.0,4417100000.0,13260248000.0,11.099864743011722,1.9448482467341126,0.2970863860964389,0.7082190946201182,0.09961336158336918,11.099864743011722,0.14740348098052358,0.8879785419805619,14.778517497933315,2.178404922926948,0.4776798015982364,5.611079987550576,0.032322579153493375,1.029085023002215,0.8853747176112367,0.06183336173112967,10.836783188522935,0.2537543255459708,-0.24651162790697667,0.3165785217946834,-0.035050274960053245,0.17910651116241733,0.07906780257692037,-0.25817661488143906,0.0867516145924245,0.07893175165170599,0.14144772258891633,0.22118130516190843,Packaged Foods,Consumer Defensive,32.96,15718854984,4058814,CAG
2009,2009-05-31,2009-07-24,978400000.0,12731200000.0,1145800000.0,2.15,2840600000.0,0.22312115118763354,11073300000.0,4720900000.0,3336600000.0,1574700000.0,6352400000.0,2025100000.0,4042500000.0,11833484000.0,10.4237138441157,2.118879786626024,0.3151454399320889,0.739202270753458,0.0917100120934932,10.4237138441157,0.20724861784829163,0.6744834736709815,8.776557645134915,1.8189294414200683,0.35588716271463616,4.884005728112192,0.04054974365854181,1.1497204988576124,0.6506636184670096,0.08835667777446651,-27.011588549858445,0.22312115118763354,0.13157894736842105,0.2945104697965488,0.020499975468519012,0.13552679793734812,0.046030343202238914,0.05136471093917903,0.2067403896787783,1.0967620433026377,0.25775066557560994,0.16140347153469767,Packaged Foods,Consumer Defensive,32.96,15718854984,4058814,CAG
2008,2008-05-25,2008-07-23,930600000.0,11605700000.0,949500000.0,1.9,2715600000.0,0.23398847118226387,13682500000.0,5337400000.0,6082000000.0,3651300000.0,8345100000.0,1931500000.0,3409500000.0,15252023562.779999,10.954689445196127,1.6657081039629722,0.2924611730312443,0.7497283321467381,0.06849098585105154,10.954689445196127,0.1743545546520778,0.9815283492404593,12.240837699097355,2.134245805594484,0.38931871910595317,4.602692208128397,0.03180490818325789,0.8482148730129728,0.28250212253170104,0.06801388635117851,-29.38179923337632,0.23398847118226387,0.25827814569536417,0.30307950409417517,-0.3653348342143086,0.25292616152728936,-0.13474589772184165,0.21710698404394455,-0.22848785244169983,0.536932189832442,-0.15590268185092054,0.1636849593798084,Packaged Foods,Consumer Defensive,32.96,15718854984,4058814,CAG
TTM,,,,,,,,,,,,,,,,24903454984.0,18.718952879581153,0.9701488345970233,0.41220796109413826,1.0355212959958828,0.04171922987838645,18.718952879581153,0.0807134194192766,1.2869855149545182,22.257672182152454,1.7607822516585927,0.871588177061236,3.9091933596289716,0.04004854368932039,0.5439383277961362,0.28958157820836844,0.03149076787416163,20.669105830374754,0.2615751164675733,,,,,,,,,,,Packaged Foods,Consumer Defensive,32.96,15718854984,4058814,CAG
