Year,Date,FillingDate,NetIncome,Revenue,OperatingIncome,EPSDiluted,GrossProfit,GrossProfitRatio,TotalAssets,CommonStockEquity,CurrentAssets,CurrentLiability,TotalLiability,Inventory,RetainedEarnings,EnterpriseValue,bookValuePerShare,currentRatio,debtToAssets,debtToEquity,roic,shareholdersEquityPerShare,roe,priceToSalesRatio,peRatio,pbRatio,payoutRatio,inventoryTurnover,dividendYield,assetTurnover,quickRatio,returnOnAssets,priceToFreeCashFlowsRatio,grossProfitMargin,epsdilutedGrowth,fiveYNetIncomeGrowthPerShare,fiveYRevenueGrowthPerShare,fiveYShareholdersEquityGrowthPerShare,grossProfitGrowth,netIncomeGrowth,operatingIncomeGrowth,threeYNetIncomeGrowthPerShare,threeYRevenueGrowthPerShare,threeYShareholdersEquityGrowthPerShare,Industry,Sector,Price,MarketCap,AvgVolume,Symbol
2022,2022-12-31,2022-12-31,17417000.0,422627000.0,34890000.0,0.5,128225000.0,0.3033999248,504721000.0,213224000.0,240658000.0,146700000.0,286573000.0,26526000.0,-19298000.0,479104041.76,6.149744951308991,1.6404771642808453,0.23707553281912186,0.5611797921434736,0.07880373655578908,6.149744951308991,0.08168405057592015,0.9582185751501915,23.251366007923295,1.8992657569504372,0.0,11.098620221669306,0.0,0.8373477624271627,1.3607634628493523,0.03450817382276545,15.413886566437027,0.3033999247563454,7.976660682226212,6.712477646768217,0.21681452096198575,0.13539515773009306,0.27053566120370187,7.78315683308119,2.5396165161813937,-0.007416648829411353,0.247487317865626,0.11475427598353978,Pollution & Treatment Controls,Industrials,13.02,450370914,332578,CECO
2021,2021-12-31,2021-12-31,1983000.0,324140000.0,9857000.0,0.0557,100922000.0,0.311353119,416197000.0,204554000.0,189011000.0,116685000.0,210240000.0,17052000.0,-36715000.0,262844240.55,5.78722470020117,1.6198397394695119,0.17429726788035474,0.35463496191714655,0.01462946390853719,5.78722470020117,0.009694261661957233,0.6793491718084779,111.04601137165912,1.076509090753542,0.0,13.090429275158339,0.0,0.7788138790044138,1.3396923340617903,0.0047645706240073814,20.614514187418088,0.3113531190226445,-0.7578260869565218,1.049834010523462,-0.2527514247662327,0.034539226620595186,-0.040008370748040485,-0.7584947022287176,-0.5401660757604031,1.2734977121990683,-0.05629111489808101,0.12511203067058693,Pollution & Treatment Controls,Industrials,13.02,450370914,332578,CECO
2020,2020-12-31,2020-12-31,8211000.0,316011000.0,21436000.0,0.23,105128000.0,0.332671964,419314000.0,202658000.0,183485000.0,109356000.0,215703000.0,17343000.0,-38141000.0,291549727.36,5.742709130073844,1.677868612604704,0.1953810271061782,0.40425741890278205,0.05032490778936632,5.742709130073844,0.040516535246573046,0.7772379042501685,29.91301027402265,1.2119715350985405,0.0,12.159545638009572,0.0,0.7536380850627453,1.321701598449102,0.01958198390704818,515.9994272268907,0.332671963950622,-0.54,2.1683101940482117,-0.29829132442157275,-0.3086344714998342,-0.07862470310870384,-0.5362850849946349,0.1915508615897721,3.6459355595345215,-0.10607436025607785,0.06024626877418466,Pollution & Treatment Controls,Industrials,13.02,450370914,332578,CECO
2019,2019-12-31,2019-12-31,17707000.0,341869000.0,17990000.0,0.5,114099000.0,0.3337506472,408637000.0,193017000.0,179498000.0,115188000.0,215620000.0,20578000.0,-46344000.0,684442076.4200001,5.516682092009124,1.5583046845157482,0.1874940350482213,0.39694431060476537,0.08502964235913141,5.516682092009124,0.09173803343746924,1.8820866367526745,36.3374414875473,3.3335254222166957,0.0,11.068616969579162,0.0,0.8366080408773557,1.2053425704066396,0.04333185688031187,140.73208145669292,0.33375064717772013,3.380952380952381,-0.003418349067878585,-0.04407942407134472,-0.21610864960364864,0.022969956158046208,3.4865889622244066,0.2825265559278534,1.4495397922774698,-0.20381825202537815,-0.013823668401813169,Pollution & Treatment Controls,Industrials,13.02,450370914,332578,CECO
2018,2018-12-31,2018-12-31,-7121000.0,337339000.0,14027000.0,-0.21,111537000.0,0.3306377264,392582000.0,178560000.0,160865000.0,103886000.0,214022000.0,20817000.0,-59427000.0,428918390.9,5.143687510613392,1.5484762143118418,0.19398749815325206,0.42650089605734764,-0.15704749529583586,5.143687510613392,-0.039880152329749105,1.17519287986269,-55.67173022047465,2.2201970816532257,0.0,10.847000048037662,0.0,0.8592829014065851,1.2185953834010357,-0.018138885634084088,21.01783431767575,0.33063772644135425,-1.3890784982935152,-1.6293456328914497,-0.009269643619618542,-0.39277070433070427,-0.014638585084015054,-1.3509409045889733,-0.1841447100564183,-0.030007605758831706,-0.23851994815746405,-0.3807507652456703,Pollution & Treatment Controls,Industrials,13.02,450370914,332578,CECO
2017,2017-12-31,2017-12-31,-3029000.0,345051000.0,17193000.0,-0.0879,113194000.0,0.3280500564,438549000.0,186569000.0,173942000.0,107851000.0,251980000.0,20969000.0,-52673000.0,521141152.56,5.4163917376604775,1.6127991395536434,0.2739329014545695,0.6439065439596074,-0.12051006907392196,5.4163917376604775,-0.01623528024484239,1.2488303252562665,-142.26152279960382,2.3096556907096035,-2.572466160448993,11.057131956697983,0.01808265587085475,0.7868014748636982,1.2224179655265135,-0.006906867875653575,77.75354611331649,0.32805005636847884,0.9222123893805309,-1.1200573061384214,0.09875617677293888,0.2942223160116762,-0.16064927071978882,0.9208187379097611,-0.501984184456739,-1.1731631029413216,-0.019983099466104028,-0.2303593785727812,Pollution & Treatment Controls,Industrials,13.02,450370914,332578,CECO
2016,2016-12-31,2016-12-31,-38254000.0,417011000.0,34523000.0,-1.13,134859000.0,0.3233943469,498634000.0,190082000.0,212978000.0,146358000.0,308552000.0,21487000.0,-41741000.0,425522649.40999997,5.594011856955488,1.4551852307355935,0.2576900091048745,0.6759872055218275,0.125757467954859,5.594011856955488,-0.20124998684778148,0.8221693178597207,-8.962556841376065,1.803714446449427,-0.2351388090134365,13.131288686182343,0.02623568398784453,0.8363067901506916,1.1410992224545293,-0.07671759246260784,5.003482763597623,0.32339434691171215,-4.6499999999999995,-2.9579479872452192,0.26843453774443066,0.8720108890212376,0.23530058348828903,-5.671433554237879,0.4854352222365647,-4.453958229937154,0.2512048480840072,-0.3396084282227924,Pollution & Treatment Controls,Industrials,13.02,450370914,332578,CECO
2015,2015-12-31,2015-12-31,-5734000.0,367422000.0,23241000.0,-0.2,109171000.0,0.2971270093,598819000.0,239153000.0,228456000.0,148173000.0,353798000.0,32509000.0,5472000.0,247647733.06,8.306328408551058,1.541819359802393,0.2961295483276249,0.7414834854674622,0.10335139756880315,8.306328408551058,-0.023976282965298367,0.28445148374348844,-18.22702006627136,0.4370161907230936,-1.3911754447157307,7.943984742686641,0.07632489785261529,0.6135777254896722,1.1820439621253536,-0.00957551447098372,8.80189768064679,0.29712700926999475,-1.4,-2.353697823202147,0.29864306482870984,2.378860143635687,0.28704478738078115,-1.4384797736483903,0.07284309652402714,-1.2719003027722127,0.39973517846945594,0.9847596169460079,Pollution & Treatment Controls,Industrials,13.02,450370914,332578,CECO
2014,2014-12-31,2014-12-31,13077000.0,263217000.0,21663000.0,0.5,84823000.0,0.3222550215,414365000.0,181224000.0,142967000.0,75351000.0,233141000.0,23416000.0,19051000.0,272292765.12,7.037559591925307,1.8973470823214025,0.2713260048507958,0.6203814064362336,0.05949816773475654,7.037559591925307,0.07215931664680175,0.6809087753450576,13.705495535673322,0.9889791921599788,0.45400321174581326,7.618466006149641,0.03312563274812735,0.6352298094674984,1.3553502939576116,0.0315591326487517,11.859897109581789,0.3222550215221661,0.5625,1.4890522483333444,0.04588856447856828,2.151190287308911,0.37800341158313705,0.9943571755375934,0.41662307088673817,-0.11680540108975403,0.05647315570296507,1.3550876410530392,Pollution & Treatment Controls,Industrials,13.02,450370914,332578,CECO
2013,2013-12-31,2013-12-31,6557000.0,197317000.0,15292000.0,0.32,61555000.0,0.3119599426,348536000.0,170406000.0,124772000.0,59333000.0,178130000.0,25376000.0,11911000.0,181087848.7,8.470749924777518,2.102910690509497,0.2555890926618771,0.5227632829829936,0.05986265129477637,8.470749924777518,0.0384786920648334,0.5811301038430546,17.487699969498244,0.6729038220485194,0.6614305322556047,5.350015762925599,0.03782261437520433,0.5661309018293663,1.3168894207270827,0.01881297771248881,5.028365580599895,0.3119599426303866,-0.5076923076923077,-0.04798451673103417,-0.3412755874672338,1.7846753540764204,0.45029804679216834,-0.39566820276497694,-0.08337828927650902,1.2155060445742056,-0.0018567797360994642,2.4457437630410803,Pollution & Treatment Controls,Industrials,13.02,450370914,332578,CECO
2012,2012-12-31,2012-12-31,10850000.0,135052000.0,16683000.0,0.65,42443000.0,0.3142715399,94104000.0,61994000.0,64321000.0,27540000.0,32110000.0,3898000.0,9691000.0,29043241.0994,4.185055125885816,2.3355482933914304,0.0,0.0,0.19005451812941035,4.185055125885816,0.17501693712294739,0.3853126284645914,4.796059087502305,0.8393915717553312,0.22672811059907835,23.758081067213954,0.04727383596876285,1.4351355946612259,2.1147421931735657,0.11529796820538978,3.1431046810461463,0.3142715398513165,0.27450980392156865,0.5632587523407822,-0.48004981366252814,0.3760574966010005,0.11200482079228673,0.31165377176015474,0.3488842173350582,1.7053781860155373,-0.06713746786431117,0.8739315656630713,Pollution & Treatment Controls,Industrials,13.02,450370914,332578,CECO
2011,2011-12-31,2011-12-31,8272000.0,139192000.0,12368000.0,0.51,38168000.0,0.2742111616,79345000.0,42990000.0,53470000.0,23609000.0,36355000.0,4344000.0,1301000.0,111535687.7,2.988236815160975,2.264814265746114,0.120990610624488,0.22330774598743894,0.16674893749530523,2.988236815160975,0.19241684112584323,0.8237519950859244,13.861180814796906,2.6671246266573623,0.08800773694390715,23.25598526703499,0.006349223642617684,1.7542630285462222,1.5177686475496632,0.10425357615476716,14.652995233226838,0.2742111615610093,2.4,1.0926368893624754,-0.19512062576520806,1.254836034269968,0.1688971916822344,2.9296912114014253,1.4559173947577442,0.6794224028856262,-0.35022332332742767,-0.01764666821501785,Pollution & Treatment Controls,Industrials,13.02,450370914,332578,CECO
2010,2010-12-31,2010-12-31,2105000.0,140602000.0,5036000.0,0.15,32653000.0,0.2322370948,74791000.0,35174000.0,48452000.0,26497000.0,39617000.0,4432000.0,-6243000.0,301615534.90000004,2.4583226459362613,1.8285843680416651,0.14440240135845223,0.30704497640302497,0.0686860998644595,2.4583226459362613,0.05984534030818218,2.109554166370322,140.90619235154395,8.432579032808325,0.0,24.356723826714802,0.0,1.8799320773889907,1.2289693172812017,0.02814509767217981,129.86319391418564,0.23223709477816817,1.1442307692307692,4.379770046498201,0.20460957083041156,2.6217982256713848,0.05529700730398811,1.1425475722895646,2.934375,-0.6860078218436364,-0.4395745939903022,-0.1916968345097744,Pollution & Treatment Controls,Industrials,13.02,450370914,332578,CECO
2009,2009-12-31,2009-12-31,-14767000.0,138985000.0,1280000.0,-1.04,30942000.0,0.2226283412,77515000.0,31760000.0,45548000.0,30479000.0,45755000.0,4877000.0,-8348000.0,343607724.45,2.2333020066316975,1.4944059844483086,0.17425014513320003,0.42528337531486143,0.023313136010008628,2.2333020066316975,-0.464955919395466,2.385104323847897,-22.448278218324642,10.437459837846347,0.0,22.153578019274143,0.0,1.7930078049409792,0.8249614488664326,-0.19050506353608979,23.860485456704815,0.22262834118789798,-4.466666666666667,-10.177951709784557,0.40747020596668915,2.077657762916325,-0.2869028139475928,-3.94750499001996,-0.8438071995118975,-4.779157757609398,-0.18697509339152646,0.6851843248873521,Pollution & Treatment Controls,Industrials,13.02,450370914,332578,CECO
2008,2008-12-31,2008-12-31,5010000.0,217890000.0,8195000.0,0.3,43391000.0,0.1991417688,120017000.0,44513000.0,69819000.0,44976000.0,75504000.0,6169000.0,6684000.0,288024769.46000004,3.0419165064887683,1.5523612593383138,0.22225184765491554,0.5992406712645744,0.07553010231362026,3.0419165064887683,0.11255138948172444,1.2048270662260774,52.399155580838325,5.897597768292409,0.0,28.28643216080402,0.0,1.815492805185932,1.0837557808609035,0.04174408625444729,92.82877279349364,0.19914176878241313,-0.33333333333333337,21.32014526206251,1.1271872868228103,2.244890987283365,0.0739017448335602,-0.20539254559873116,-0.351353490580972,8.86531427154542,0.8253048669720796,3.481595539972571,Pollution & Treatment Controls,Industrials,13.02,450370914,332578,CECO
TTM,,,,,,,,,,,,,,,,567436914.0,6.293699491941576,1.605637907818575,0.2789075494037719,0.7302725968436155,0.07176880449861722,6.293699491941576,0.07942758171936003,1.0172034899741165,27.012445220167457,2.0687355690672473,0.0,10.101788896956895,0.0,0.7800897865982578,1.346167073732316,0.029249358667155303,35.72671061399334,0.30872674216382007,,,,,,,,,,,Pollution & Treatment Controls,Industrials,13.02,450370914,332578,CECO
