Quarters,Year,Quarter,FillingDate,Date,NetIncome,Revenue,OperatingIncome,EPSDiluted,GrossProfit,GrossProfitRatio,TotalAssets,CommonStockEquity,CurrentAssets,CurrentLiability,TotalLiability,Inventory,RetainedEarnings,MarketCap,EnterpriseValue,bookValuePerShare,currentRatio,debtToAssets,debtToEquity,roic,shareholdersEquityPerShare,roe,priceToSalesRatio,peRatio,pbRatio,payoutRatio,inventoryTurnover,dividendYield,assetTurnover,quickRatio,returnOnAssets,priceToFreeCashFlowsRatio,grossProfitMargin,epsdilutedGrowth,fiveYNetIncomeGrowthPerShare,fiveYRevenueGrowthPerShare,fiveYShareholdersEquityGrowthPerShare,grossProfitGrowth,netIncomeGrowth,operatingIncomeGrowth,threeYNetIncomeGrowthPerShare,threeYRevenueGrowthPerShare,threeYShareholdersEquityGrowthPerShare,Industry,Sector,Symbol
2023Q1,2023,Q1,2023-05-03,2023-03-31,19900000.0,845700000.0,57100000.0,0.22,247600000.0,0.2927752158,6111200000.0,2349800000.0,1564300000.0,837200000.0,3742600000.0,371900000.0,1820900000.0,3745559999.9999995,5342760000.0,25.821978021978023,1.8684902054467272,0.35670572064406336,0.9276959741254575,0.009258662939541555,25.821978021978023,0.008468805855817517,4.428946434905995,47.05477386934673,1.5939909779555705,1.1306532663316582,1.608228018284485,0.006007112421106591,0.1383852598507658,1.274605828953655,0.0032563162717633197,-88.13082352941176,0.29277521579756416,2.2222222222222223,-0.6251177394034537,-0.17126232241582726,2.5537265199709567,0.43953488372093025,2.1987951807228914,141.75,-0.4246281157866524,0.12722556431621793,0.44835350532737756,Specialty Chemicals,Basic Materials,AVNT
2022Q4,2022,Q4,2023-02-22,2022-12-31,-16600000.0,790400000.0,400000.0,-0.18,172000000.0,0.217611336,6085000000.0,2334500000.0,1569700000.0,869400000.0,3732200000.0,372700000.0,1823600000.0,3072160000.0,4667860000.0,25.653846153846153,1.8054980446284794,0.3675924404272802,0.9581494966802313,1.8531952323315136e-05,25.653846153846153,-0.007110730349111158,3.886842105263158,-46.267469879518075,1.315982008995502,-1.3012048192771084,1.6592433592701905,0.007030883808134993,0.12989317995069843,1.2441913963653095,-0.0027280197206244862,24.755519742143434,0.21761133603238866,0.41935483870967744,-1.3883574320416425,-0.12231540630241615,2.4676627466101153,-0.11975435005117707,0.4028776978417266,-0.9518072289156626,-3.1918612637362638,0.014168582707908531,0.8754451651590162,Specialty Chemicals,Basic Materials,AVNT
2022Q3,2022,Q3,2022-11-02,2022-09-30,-27800000.0,823300000.0,8300000.0,-0.31,195400000.0,0.237337544,6307100000.0,1720400000.0,1988300000.0,1555600000.0,4571000000.0,441500000.0,1301600000.0,2754270000.0,5380470000.0,18.926292629262925,1.2781563383903316,0.5027033026271979,1.8429435015112765,0.0016090745276124273,18.926292629262925,-0.016159032783073703,3.345402647880481,-24.768615107913668,1.6009474540804467,-0.7805755395683454,1.4221970554926386,0.007878675656344512,0.13053542832680629,0.674337876060684,-0.004407730969859365,28.660457856399585,0.23733754403012267,-1.3369565217391304,-1.6400371995962484,-0.10147207756817224,1.7061365759749068,-0.3568136932192232,-1.3282172373081464,-0.9359073359073359,-1.9965411795416828,-0.012478207979595597,1.460994087234222,Specialty Chemicals,Basic Materials,AVNT
2022Q2,2022,Q2,2022-07-26,2022-06-30,84700000.0,1302400000.0,129500000.0,0.92,303800000.0,0.2332616708,5043600000.0,1809700000.0,2020100000.0,1570600000.0,3217800000.0,494000000.0,1333500000.0,3663312000.0,4938212000.0,19.799781181619256,1.2861963580797147,0.3806804663335713,1.060949328618003,0.02521264263704936,19.799781181619256,0.046803337569762946,2.8127395577395577,10.812609208972844,2.024264795269934,0.25737898465171194,2.0214574898785425,0.005950899077119285,0.25822824966293917,0.8899146822870241,0.016793560155444524,54.594813710879286,0.23326167076167076,0.0,0.5283008046869485,0.4317715902728632,1.9061943309823348,0.03438883214164113,0.002366863905325444,0.006998444790046656,0.7015104185616199,0.21872395811896578,1.6832452407769436,Specialty Chemicals,Basic Materials,AVNT
2022Q1,2022,Q1,2022-04-27,2022-03-31,84500000.0,1293800000.0,128600000.0,0.92,293700000.0,0.2270057196,5043700000.0,1813200000.0,1926900000.0,1556300000.0,3214400000.0,475400000.0,1270500000.0,4392000000.0,5754700000.0,19.81639344262295,1.238128895457174,0.38172373455994607,1.0618243988528568,0.025698242560127378,19.81639344262295,0.04660269137436576,3.3946514144380893,12.994082840236686,2.42223692918597,0.25680473372781065,2.1037021455616323,0.0049408014571949,0.2565180323968515,0.8484867956049604,0.016753573765291352,784.2857142857143,0.2270057195857165,1.9677419354838712,0.6166124879117295,0.2915943784183403,1.217728873554177,0.1604109047807191,1.9238754325259515,3.2302631578947367,0.8808399851228793,0.22245082483360315,1.7133322946780456,Specialty Chemicals,Basic Materials,AVNT
2021Q4,2021,Q4,2022-02-22,2021-12-31,28900000.0,1201500000.0,30400000.0,0.31,253100000.0,0.21065335,5002900000.0,1774700000.0,1832700000.0,946300000.0,3212400000.0,461100000.0,1208000000.0,5119425000.0,6451425000.0,19.395628415300546,1.936700834830392,0.38641587879030165,1.0893108694427227,0.004545755113482964,19.395628415300546,0.01628444244097594,4.260861423220974,44.28568339100347,2.8846706485603204,0.6747404844290658,2.056820646280633,0.0038090215209715932,0.24016070679006177,1.3140653069850998,0.005776649543264906,59.59749708963911,0.2106533499791927,-0.45614035087719296,-0.22346493355320593,0.3852968905112831,1.224060606197703,-0.009005481597494126,-0.45368620037807184,-0.613722998729352,1.1776819096922635,0.23753980422219612,1.8231414693381904,Specialty Chemicals,Basic Materials,AVNT
2021Q3,2021,Q3,2021-10-28,2021-09-30,52900000.0,1219800000.0,78700000.0,0.57,255400000.0,0.2093785867,5011000000.0,1768800000.0,1848900000.0,961800000.0,3225600000.0,477200000.0,1199900000.0,4236390000.0,5632690000.0,19.35229759299781,1.9223331253898939,0.38744761524645777,1.097636815920398,0.017866500046979397,19.35229759299781,0.029907281772953414,3.473020167240531,20.020746691871455,2.3950644504748984,0.3667296786389414,2.0209555741827328,0.004579370643401575,0.2434244661744163,1.297775005198586,0.010556775094791459,198.89154929577464,0.20937858665354978,-0.2297297297297298,0.14797140359317365,0.32729611449523927,1.149401334461896,-0.11534464842396952,-0.2311046511627907,-0.2719703977798335,-0.0799558876093002,0.20610362029187346,1.5180390476458914,Specialty Chemicals,Basic Materials,AVNT
2021Q2,2021,Q2,2021-07-30,2021-06-30,68800000.0,1235200000.0,108100000.0,0.74,288700000.0,0.2337273316,5047400000.0,1768200000.0,1858100000.0,934300000.0,3261000000.0,412500000.0,1166600000.0,4488308000.0,5830808000.0,19.366922234392113,1.9887616397302794,0.3880611800134723,1.1077366813708855,0.021900792138795765,19.366922234392113,0.0389096256079629,3.6336690414507773,16.30925872093023,2.538348603099197,0.2805232558139535,2.2945454545454544,0.004300061403985644,0.24472005388913104,1.4143208819437012,0.013630780203669216,115.38066838046272,0.23372733160621761,-0.13953488372093023,0.26748740416210304,0.3207092497039283,1.2284281843102705,-0.045304232804232805,-0.13240857503152584,-0.10215946843853821,0.17367289466211486,0.181645291664731,1.6055179096277654,Specialty Chemicals,Basic Materials,AVNT
2021Q1,2021,Q1,2021-04-30,2021-03-31,79300000.0,1162300000.0,120400000.0,0.86,302400000.0,0.2601737933,4909400000.0,1707000000.0,1716400000.0,863600000.0,3187400000.0,357000000.0,1117200000.0,4315751000.0,5673851000.0,18.696604600219057,1.9874942102825381,0.3977268097934574,1.1438781487990626,0.025002565166030208,18.696604600219057,0.04645577035735208,3.713112793598899,13.605772383354351,2.5282665495020504,0.2459016393442623,2.4086834733893556,0.004518332962212138,0.2367499083391046,1.4320287169986106,0.016152686682690348,-334.5543410852713,0.2601737933407898,0.06172839506172831,0.8815209687856287,0.2730558598028477,1.2864603084587847,0.19572953736654805,0.06729475100942127,0.8523076923076923,0.4889688624628384,0.13524502138585792,1.573103406123951,Specialty Chemicals,Basic Materials,AVNT
2020Q4,2020,Q4,2021-02-25,2020-12-31,74300000.0,997000000.0,65000000.0,0.81,252900000.0,0.2536609829,4871300000.0,1683600000.0,1583500000.0,804600000.0,3173100000.0,327500000.0,1057400000.0,3681592000.0,4985792000.0,18.420131291028447,1.968058662689535,0.40106337117401925,1.1604300308861963,0.022749191139870586,18.420131291028447,0.044131622713233544,3.69267001003009,12.387590847913863,2.1867379425041578,0.2489905787348587,2.27206106870229,0.0050250000543243245,0.20466815839714245,1.4492915734526473,0.01525260197483218,28.807449139280124,0.25366098294884654,27.621908127208485,21.49925884096845,0.20638651821540324,1.2443159113465505,0.20313986679352997,27.576923076923077,44.333333333333336,0.7306432108718186,0.10225454541479002,1.489872383365416,Specialty Chemicals,Basic Materials,AVNT
2020Q3,2020,Q3,2020-11-03,2020-09-30,2600000.0,924500000.0,-1500000.0,0.0283,210200000.0,0.2273661439,4709900000.0,1597000000.0,1497800000.0,768900000.0,3098800000.0,311400000.0,1002500000.0,2421090000.0,3805990000.0,17.453551912568305,1.9479776303810639,0.4166118176606722,1.2286787726988102,-0.0002017406597954143,17.453551912568305,0.001628052598622417,2.6188101676581934,232.79711538461538,1.516023794614903,7.115384615384615,2.2938342967244703,0.00764118640777501,0.1962886685492261,1.4196904669007673,0.0005520287054926856,-98.41829268292683,0.22736614386154677,-0.8868,-0.944127218026647,0.05048086912256652,1.041965225765111,0.40414161656646624,-0.8859649122807017,-1.0394736842105263,-0.9405329277223818,0.002358706283318475,1.4955598085940243,Specialty Chemicals,Basic Materials,AVNT
2020Q2,2020,Q2,2020-07-22,2020-06-30,22800000.0,609100000.0,38000000.0,0.25,149700000.0,0.2457724512,4337000000.0,1551300000.0,2583400000.0,624300000.0,2785300000.0,241500000.0,1019300000.0,2397422000.0,2347122000.0,16.972647702407002,4.138074643600833,0.4442471754669126,1.241990588538645,0.008031932622816216,16.972647702407002,0.014697350609166505,3.9360072237727795,26.28752192982456,1.5454277057951396,0.8201754385964912,1.9022774327122154,0.0078000452152353645,0.1404427023287987,3.664263975652731,0.005257090154484667,30.501552162849872,0.24577245115744542,-0.34210526315789475,-0.6680184488790472,-0.33216129462731925,0.8889188542112951,-0.1271137026239067,-0.3048780487804878,-0.2803030303030303,-0.5886037975577045,-0.3303961335724808,1.4912301849217529,Specialty Chemicals,Basic Materials,AVNT
2020Q1,2020,Q1,2020-04-21,2020-03-31,32800000.0,711500000.0,52800000.0,0.38,171500000.0,0.2410400562,3742700000.0,1538600000.0,1990600000.0,687800000.0,2204100000.0,271100000.0,1015000000.0,1637111000.0,1643711000.0,17.828505214368484,2.894155277697005,0.34381596173885165,0.8363447289743923,0.013465081071085993,17.828505214368484,0.02131808137267646,2.300929023190443,12.477980182926828,1.0640263876251135,0.47560975609756095,1.9918849133161196,0.009528981235847783,0.19010340128784034,2.417272462925269,0.008763726721350897,-68.49836820083682,0.2410400562192551,3.6004842615012103,0.1225894576903303,-0.15770354113079574,1.0974712016904098,0.1187214611872146,4.125,3.3636363636363638,-0.33467573570650305,-0.2469146450449447,0.9952566495360584,Specialty Chemicals,Basic Materials,AVNT
2019Q4,2019,Q4,2020-02-19,2019-12-31,6400000.0,658600000.0,12100000.0,0.0826,153300000.0,0.2327664743,3265900000.0,1051900000.0,1506400000.0,695100000.0,2213200000.0,260900000.0,1001200000.0,2829151000.0,3257551000.0,13.678803641092328,2.1671701913393755,0.39593986343733734,1.2292993630573248,0.001665740299385844,13.678803641092328,0.00608422853883449,4.2957045247494685,110.5137109375,2.689562696073771,2.375,1.9367573783058643,0.0053726365259401145,0.20165957316513058,1.7141418500935117,0.001959643589822101,40.82468975468976,0.23276647433950803,-0.7246666666666667,1.499904638058084,-0.11233213516338357,0.5876081515682324,-0.044859813084112146,-0.7288135593220338,-0.7192575406032483,-0.795384769276937,-0.09648458838781514,0.5685229509794018,Specialty Chemicals,Basic Materials,AVNT
2019Q3,2019,Q3,2019-10-22,2019-09-30,23600000.0,705300000.0,43100000.0,0.3,160500000.0,0.2275627393,2946200000.0,591400000.0,1173800000.0,625500000.0,2354000000.0,281600000.0,0.0,2510785000.0,3801085000.0,7.690507152145644,1.8765787370103917,0.5057022605389994,2.519276293540751,0.016805434257139863,7.690507152145644,0.039905309435238415,3.5598823195803204,26.59729872881356,4.245493743659114,0.635593220338983,1.9346590909090908,0.0059742271839285325,0.23939311655692078,0.9085531574740208,0.008010318376213427,32.27230077120823,0.2275627392598894,-0.4444444444444445,-0.13844979181827943,-0.12149665350356373,-0.18542914899391935,-0.21897810218978103,-0.43942992874109266,-0.1168032786885246,-0.39129445689498815,-0.08783598806526742,-0.14583856226499933,Specialty Chemicals,Basic Materials,AVNT
2019Q2,2019,Q2,2019-07-25,2019-06-30,42100000.0,903800000.0,48800000.0,0.54,205500000.0,0.2273733127,2930600000.0,570400000.0,1019800000.0,607300000.0,2359500000.0,353300000.0,0.0,2392435000.0,3751835000.0,7.379042690815006,1.6792359624567759,0.5066880502286222,2.6032608695652173,0.017170776716718288,7.379042690815006,0.0738078541374474,2.647084531976101,14.206858669833728,4.194311009817672,0.3586698337292161,1.9765072176620435,0.0063115612336385315,0.3084010100320753,0.9868269389099292,0.01436565890943834,22.255209302325582,0.2273733126797964,0.10204081632653071,0.597814243330708,0.0814183054005041,-0.24728422699814018,0.04686704024452369,0.10209424083769633,-0.28550512445095166,-0.08393014230271664,0.14138866969146582,-0.15094063442667668,Specialty Chemicals,Basic Materials,AVNT
2019Q1,2019,Q1,2019-04-17,2019-03-31,38200000.0,899900000.0,68300000.0,0.49,196300000.0,0.2181353484,2961800000.0,568200000.0,1034700000.0,570300000.0,2392900000.0,374900000.0,496300000.0,2314550000.0,3742550000.0,7.303341902313624,1.814308258811152,0.5187048416503478,2.703801478352693,0.022801223717128814,7.303341902313624,0.06722984864484337,2.572008000888988,15.147578534031412,4.073477648715241,0.4083769633507853,1.876767137903441,0.006739971052688428,0.30383550543588356,1.0319130282307558,0.012897562293200082,-66.89450867052022,0.21813534837204135,2.4999999999999996,0.5782225486595667,0.0905579121747488,-0.2716696815442829,0.1896969696969697,2.3508771929824563,1.1211180124223603,0.06362960966212805,0.1566838046272494,-0.10685379854755411,Specialty Chemicals,Basic Materials,AVNT
2018Q4,2018,Q4,2019-02-19,2018-12-31,11400000.0,834000000.0,32200000.0,0.14,165000000.0,0.1978417266,2723300000.0,540000000.0,998800000.0,557600000.0,2182700000.0,344700000.0,472900000.0,2247960000.0,3432660000.0,6.870229007633588,1.791248206599713,0.49777843058054566,2.5103703703703704,0.012413362117941144,6.870229007633588,0.021111111111111112,2.6953956834532375,49.29736842105264,4.162888888888889,1.2280701754385965,1.9408181026979983,0.006227868823288671,0.3062460984834576,1.047883787661406,0.004186097749054456,38.75793103448276,0.19784172661870503,-0.7741935483870968,-0.4357661515546454,0.09943996112126786,-0.3269032391169796,-0.10762574364521363,-0.7729083665338645,-0.3177966101694915,3.0142821965033244,0.17349438845692894,-0.1629286440571402,Specialty Chemicals,Basic Materials,AVNT
2018Q3,2018,Q3,2018-10-24,2018-09-30,50200000.0,883000000.0,47200000.0,0.62,184900000.0,0.2093997735,2785300000.0,613300000.0,1057600000.0,569800000.0,2171200000.0,334600000.0,0.0,3454542000.0,4609942000.0,7.68546365914787,1.856089856089856,0.4797328833518831,2.1787053644219796,0.02185987552609874,7.68546365914787,0.08185227458014023,3.912278595696489,17.203894422310757,5.6327115604108915,0.27689243027888444,2.0863717872086074,0.00402368823421455,0.3170215057623954,1.1463671463671463,0.018023193192833804,81.66765957446809,0.20939977349943376,-0.015873015873015886,1.6448403617740004,0.06056224911570244,-0.25278067983149105,-0.059033078880407125,-0.021442495126705652,-0.39018087855297157,0.2369406662724227,0.15042984123807632,-0.1008449389284148,Specialty Chemicals,Basic Materials,AVNT
2018Q2,2018,Q2,2018-07-24,2018-06-30,51300000.0,914800000.0,77400000.0,0.63,196500000.0,0.2148010494,2768500000.0,593900000.0,1037200000.0,588800000.0,2173800000.0,321000000.0,0.0,3453278000.0,4625878000.0,7.433041301627034,1.7615489130434783,0.48083799891638074,2.2414547903687487,0.033613534665428074,7.433041301627034,0.08637817814446877,3.774899431569742,16.82884015594542,5.814578211820171,0.2729044834307992,2.237694704049844,0.004054119013876091,0.330431641683222,1.1015625,0.01852988983203901,54.29682389937107,0.21480104940970704,0.08620689655172423,0.6378207746628455,0.07806259366227833,-0.2693348071546824,-0.010075566750629723,0.09381663113006397,-0.017766497461928935,-0.14553183994963773,0.14738338942164922,-0.17276242900019614,Specialty Chemicals,Basic Materials,AVNT
2018Q1,2018,Q1,2018-04-26,2018-03-31,46900000.0,901600000.0,78800000.0,0.58,198500000.0,0.2201641526,2743900000.0,584200000.0,1035300000.0,571900000.0,2158800000.0,322000000.0,0.0,3418608000.0000005,4607008000.0,7.266169154228856,1.810281517747858,0.49342177193046394,2.3175282437521396,0.03011497781812949,7.266169154228856,0.08028072577884286,3.7917125110913936,18.222857142857144,5.851776788770969,0.302771855010661,2.1835403726708074,0.004153737427631363,0.32858340318524726,1.147578247945445,0.017092459637741902,247.72521739130437,0.22016415261756878,0.2608695652173912,3.8628787878787882,0.2836317724819914,-0.2357103562252969,0.1731678486997636,0.23421052631578948,0.7205240174672489,0.7229580573951437,0.14566783537358455,-0.14515657009072283,Specialty Chemicals,Basic Materials,AVNT
2017Q4,2017,Q4,2018-02-15,2017-12-31,38000000.0,800600000.0,45800000.0,0.46,169200000.0,0.2113414939,2705300000.0,598500000.0,1066600000.0,570600000.0,2105900000.0,327800000.0,387100000.0,3519150000.0,4584550000.0,7.398022249690976,1.869260427620049,0.483865005729494,2.1871345029239766,0.028992252208878307,7.398022249690976,0.06349206349206349,4.395640769422933,23.152302631578948,5.879949874686717,0.2868421052631579,1.9261744966442953,0.00309733884602816,0.29593760396259194,1.1146161934805467,0.014046501312238939,55.33254716981132,0.2113414938795903,-0.021276595744680753,12.51569041827824,0.29929083794943045,0.04896452817109374,-0.05738161559888579,-0.020618556701030927,0.04328018223234624,3.821425628347754,0.025704298401865475,-0.14136055043519638,Specialty Chemicals,Basic Materials,AVNT
2017Q3,2017,Q3,2017-10-25,2017-09-30,38800000.0,818500000.0,43900000.0,0.47,179500000.0,0.2193036042,2649500000.0,567900000.0,1044000000.0,533900000.0,2080800000.0,308900000.0,0.0,3250436000.0,4368936000.0,6.99384236453202,1.9554223637385277,0.5102849594263068,2.380700827610495,0.017848623790579707,6.99384236453202,0.06832188765627752,3.9712107513744654,20.943530927835052,5.72360626870928,0.28350515463917525,2.0686306247976693,0.0033841613863494005,0.3089262124929232,1.2448023974527065,0.014644272504246084,65.53298387096774,0.21930360415394012,-0.21666666666666667,0.7679802955665025,0.20927907914649618,-0.01310471639846923,-0.04521276595744681,-0.21774193548387097,-0.45125,0.34143806209608174,-0.03448609957482512,-0.2592191888034621,Specialty Chemicals,Basic Materials,AVNT
2017Q2,2017,Q2,2017-07-25,2017-06-30,49600000.0,814100000.0,80000000.0,0.6,188000000.0,0.2309298612,2712600000.0,557300000.0,1135300000.0,546200000.0,2154500000.0,296000000.0,0.0,3168932000.0,4377932000.0,6.812958435207824,2.0785426583668984,0.5161468701614687,2.5122914049883365,0.03197443076971673,6.812958435207824,0.08900053830970751,3.8925586537280434,15.972439516129032,5.686222860218913,0.21975806451612903,2.1152027027027027,0.003439644649995645,0.3001179680011797,1.1475649945075064,0.0182850401828504,64.93713114754098,0.2309298611964132,0.052631578947368474,1.196195360486612,0.11963630806845953,0.004525230145651259,0.0032017075773745998,0.057569296375266525,-0.0171990171990172,0.7789021464987311,-0.07949675318754199,-0.30502891908047863,Specialty Chemicals,Basic Materials,AVNT
2017Q1,2017,Q1,2017-04-27,2017-03-31,46900000.0,898800000.0,81400000.0,0.57,187400000.0,0.2085002225,2776700000.0,733600000.0,985000000.0,517600000.0,2042300000.0,337200000.0,0.0,2798789000.0000005,3938189000.0000005,8.935444579780755,1.9030139103554868,0.46713724925271005,1.7681297709923665,0.028614496549502426,8.935444579780755,0.06393129770992366,3.1139174454828664,14.918917910447762,3.8151431297709926,0.24093816631130063,2.1097271648873073,0.004037460487375076,0.32369359311412826,1.1808346213292118,0.01689055353477149,-71.39767857142859,0.20850022251891412,0.4249999999999998,1.519741681841753,0.24895438403870246,0.3023852642867091,0.20669671603348358,0.3875739644970414,1.5678233438485805,0.8361753958587088,0.03217654206530834,-0.10890722584499637,Specialty Chemicals,Basic Materials,AVNT
2016Q4,2016,Q4,2017-02-16,2016-12-31,33800000.0,787700000.0,31700000.0,0.4,155300000.0,0.1971562778,2723300000.0,724700000.0,949500000.0,509600000.0,1997800000.0,312400000.0,491200000.0,2662524000.0,3694124000.0,8.720818291215403,1.863226059654631,0.46204971909080894,1.7363046777977094,0.01258701297477154,8.720818291215403,0.046639988960949355,3.3801244128475307,19.693224852071005,3.673967158824341,0.2988165680473373,2.0243277848911654,0.003793393036081553,0.28924466639738555,1.1585557299843015,0.012411412624389528,38.98278184480234,0.1971562777707249,-0.19999999999999996,1.9463766839834462,0.31882205841565636,0.32079705889391874,-0.10283073367995378,-0.20094562647754138,-0.5547752808988764,0.5823134043614804,-0.017827352707112137,-0.14559550525254503,Specialty Chemicals,Basic Materials,AVNT
2016Q3,2016,Q3,2016-10-26,2016-09-30,42300000.0,843600000.0,71200000.0,0.5,173100000.0,0.2051920341,2749800000.0,755400000.0,1001600000.0,527500000.0,1993500000.0,325600000.0,0.0,2836659000.0,3883959000.0,9.00357568533969,1.8987677725118484,0.45803331151356463,1.6673285676462801,0.026739609231440434,9.00357568533969,0.05599682287529786,3.362564011379801,16.765124113475178,3.755174741858618,0.2222222222222222,2.0592751842751844,0.003313757487241152,0.3067859480689505,1.195260663507109,0.015382936940868426,48.07896610169492,0.20519203413940257,-0.1525423728813559,1.142729439809297,0.2544619933190374,0.3583044337127093,-0.0998439937597504,-0.154,-0.1263803680981595,1.1197129087422917,-0.03627536144050957,-0.12462721820596417,Specialty Chemicals,Basic Materials,AVNT
2016Q2,2016,Q2,2016-07-27,2016-06-30,50000000.0,861500000.0,81500000.0,0.59,192300000.0,0.2232153221,2619800000.0,730900000.0,951200000.0,531700000.0,1888000000.0,312100000.0,0.0,2963684000.0,3946884000.0,8.690844233055886,1.7889787474139551,0.4369035804259867,1.5660145026679437,0.03262393291718805,8.690844233055886,0.06840881105486386,3.440143934997098,14.81842,4.054841975646464,0.206,2.144184556231977,0.003475404260373238,0.32884189632796396,1.1147263494451758,0.01908542636842507,50.57481228668942,0.22321532211259432,0.2826086956521738,0.9421323820848196,0.240496640068498,0.2851296030773555,0.036657681940700806,0.27877237851662406,0.14305750350631136,0.5165956231391823,-0.035451907218432305,-0.14569324723859542,Specialty Chemicals,Basic Materials,AVNT
2016Q1,2016,Q1,2016-04-26,2016-03-31,39100000.0,847000000.0,71300000.0,0.46,185500000.0,0.2190082645,2624400000.0,692600000.0,948900000.0,518400000.0,1930900000.0,323500000.0,0.0,2562175000.0,3599675000.0,8.177095631641086,1.8304398148148149,0.454541990550221,1.7223505630955818,0.02587335482700387,8.177095631641086,0.05645394166907306,3.025,16.382193094629155,3.6993574935027436,0.2659846547314578,2.044822256568779,0.0040590513918838484,0.3227404359091602,1.1277006172839505,0.014898643499466544,-52.50358606557377,0.2190082644628099,10.5,-0.6066516390720318,0.3068893528183716,0.24809700879567284,0.1822817080943276,11.612903225806452,11.293103448275861,2.8483095416979713,0.14467607040319552,-0.13989485039976185,Specialty Chemicals,Basic Materials,AVNT
2015Q4,2015,Q4,2016-02-12,2015-12-31,3100000.0,775800000.0,5800000.0,0.04,156900000.0,0.2022428461,2595100000.0,704200000.0,960800000.0,498100000.0,1889900000.0,287000000.0,367100000.0,2725008000.0,3591808000.0,8.207459207459207,1.9289299337482433,0.44183268467496434,1.628230616302187,-0.02350334990274476,8.207459207459207,0.004402158477705197,3.5125135344160867,219.75870967741938,3.8696506674240276,2.870967741935484,2.156445993031359,0.0032660454574812256,0.29894801741744054,1.2583818510339289,0.0011945589765326961,39.49286956521739,0.20224284609435422,-0.92,-0.9652035144342836,0.37429566225292993,0.4935667046132161,-0.07214665878178593,-0.9303370786516854,-0.9161849710982659,0.03962703962703947,0.18713961928563044,0.16373447990043116,Specialty Chemicals,Basic Materials,AVNT
2015Q3,2015,Q3,2015-10-27,2015-09-30,44500000.0,841600000.0,69200000.0,0.5,169100000.0,0.2009268061,2637400000.0,747900000.0,1011700000.0,561600000.0,1888400000.0,285900000.0,0.0,2567250000.0,3431350000.0,8.547428571428572,1.8014601139601139,0.4170015924774399,1.4705174488567991,0.032424368586121056,8.547428571428572,0.059499933146142533,3.05043963878327,14.422752808988765,3.4326113116726833,0.2,2.3522210563133963,0.0034667445710390497,0.3191021460529309,1.14494301994302,0.016872677637066808,55.56818181818182,0.20092680608365018,-0.32432432432432434,46.348,0.3153090481786133,0.8807979201134485,-0.08939149165320409,-0.3338323353293413,-0.1382316313823163,0.8817142857142856,0.15388242559925883,0.20612054209893083,Specialty Chemicals,Basic Materials,AVNT
2015Q2,2015,Q2,2015-07-27,2015-06-30,66800000.0,887100000.0,80300000.0,0.74,185700000.0,0.2093337842,2692700000.0,798800000.0,1052900000.0,595200000.0,1892800000.0,300900000.0,0.0,3482213000.0,4303613000.0,8.985376827896513,1.7689852150537635,0.3929884502543915,1.3247371056584878,0.04569715748578573,8.985376827896513,0.08362543815723586,3.9253894713110133,13.032234281437127,4.359305207811718,0.13323353293413173,2.3310069790628116,0.002555845951985131,0.3294462806848145,1.12315188172043,0.024807813718572436,37.163425827107794,0.20933378424078458,1.176470588235294,0.5258311529439564,0.3364362071280272,1.046240416266985,0.09363957597173145,1.2119205298013245,0.14550641940085593,1.7215561469450464,0.12259561304836886,0.3248338165904009,Specialty Chemicals,Basic Materials,AVNT
2015Q1,2015,Q1,2015-05-01,2015-03-31,30200000.0,873100000.0,70100000.0,0.34,169800000.0,0.1944794411,2688900000.0,758200000.0,1053100000.0,554800000.0,1929800000.0,297900000.0,0.0,3331620000.0,4216320000.0,8.5,1.8981614996395098,0.41321730075495555,1.465444473753627,0.02124803367214443,8.5,0.03983117910841467,3.8158515633948,27.579635761589408,4.394117647058824,0.2980132450331126,2.3608593487747567,0.0027013885136960396,0.3247052698129347,1.2101658255227108,0.011231358548105173,-45.70123456790123,0.19447944107204215,3.0,0.7020252485864691,0.43623220931688333,1.1187011587173268,0.1127129750982962,3.013333333333333,5.493589743589744,0.4933734404830617,0.11667245626223709,0.23891706199901844,Specialty Chemicals,Basic Materials,AVNT
2014Q4,2014,Q4,2015-02-13,2014-12-31,-15000000.0,869300000.0,-15600000.0,-0.17,152600000.0,0.1755435408,2711200000.0,776300000.0,1042700000.0,601200000.0,1934000000.0,309000000.0,259700000.0,3415690999.9999995,4200890999.9999995,8.615982241953384,1.734364604125083,0.37761876659781646,1.318820043797501,-0.0041664351980445526,8.615982241953384,-0.01932242689681824,3.929243069136086,-56.92818333333332,4.399962643307999,-0.49333333333333335,2.319417475728155,0.002166472318485484,0.32063293006786664,1.0568862275449102,-0.005532605488344645,76.75710112359549,0.1755435407799379,-1.4857142857142858,-1.641648168701443,0.615304262232512,1.3890238530596164,-0.16429353778751368,-1.4587155963302751,-1.2452830188679245,-2.2059770986167133,0.34236700702460526,0.3049192890668817,Specialty Chemicals,Basic Materials,AVNT
2014Q3,2014,Q3,2014-10-24,2014-09-30,32700000.0,958400000.0,63600000.0,0.35,182600000.0,0.1905258765,2755800000.0,866700000.0,1116900000.0,574900000.0,1887800000.0,305600000.0,0.0,3266244000.0,3981544000.0,9.441176470588236,1.9427726561141068,0.35521445678205965,1.1294565593631014,0.023988554324918164,9.441176470588236,0.03772931810314988,3.4080175292153587,24.971284403669724,3.7685981308411214,0.22629969418960244,2.538612565445026,0.002265599263251613,0.347775600551564,1.2569142459558185,0.011865882865229698,50.01905053598775,0.19052587646076793,0.029411764705882214,-0.3364168247944339,0.7593727016005504,2.0523607623595277,-0.010298102981029811,0.031545741324921134,5.625,0.513888888888889,0.30252786083174776,0.4243221035332786,Specialty Chemicals,Basic Materials,AVNT
2014Q2,2014,Q2,2014-07-22,2014-06-30,31700000.0,1005500000.0,9600000.0,0.34,184500000.0,0.1834908006,2846700000.0,911700000.0,1179000000.0,606000000.0,1933700000.0,315700000.0,0.0,3919020000.0,4638120000.0,9.803225806451612,1.9455445544554455,0.34446903432044124,1.0755731051881101,0.004677086323759684,9.803225806451612,0.03477020949873862,3.8975832918945796,30.907097791798105,4.298585060875288,0.23659305993690852,2.6005701615457713,0.0019137437420579633,0.3532160044964345,1.2587458745874587,0.01113570098710788,39.90855397148676,0.18349080059671805,0.09677419354838718,7.998709677419354,1.0121105805152195,3.642839900133927,-0.019659936238044632,0.0782312925170068,-0.8297872340425532,0.11347670250896061,0.3092887393284327,0.4496193179489282,Specialty Chemicals,Basic Materials,AVNT
2014Q1,2014,Q1,2014-05-01,2014-03-31,29400000.0,1002300000.0,56400000.0,0.31,188200000.0,0.1877681333,2858200000.0,947600000.0,1170100000.0,574000000.0,1909100000.0,333000000.0,0.0,3464369999.9999995,4206969999.9999995,10.027513227513227,2.0385017421602787,0.34318802043244,1.0351414098775855,0.02140274201188738,10.027513227513227,0.031025749261291685,3.4564202334630347,29.45892857142857,3.655941325453778,0.2585034013605442,2.4447447447447446,0.0021937610590092864,0.3506752501574417,1.2993031358885017,0.010286194108179974,-37.49318181818181,0.18776813329342512,0.24,4.084348864994026,1.1102835494721552,4.093866223563193,0.6379460400348129,0.1951219512195122,0.15811088295687886,-0.7349062310949789,0.3861324850051363,0.5305323343034655,Specialty Chemicals,Basic Materials,AVNT
2013Q4,2013,Q4,2014-02-13,2013-12-31,24600000.0,923600000.0,48700000.0,0.25,114900000.0,0.1244045041,2929000000.0,976800000.0,1241400000.0,602600000.0,1950500000.0,342500000.0,211600000.0,3382995000.0,4006695000.0,10.206896551724139,2.0600730169266512,0.33762376237623765,1.0123873873873874,0.015189366686288903,10.206896551724139,0.025184275184275184,3.6628356431355567,34.38003048780488,3.4633445945945946,0.23577235772357724,2.361167883211679,0.0017144571600017145,0.31532946398088085,1.3162960504480583,0.008398770911573915,42.71458333333333,0.12440450411433521,0.041666666666666706,1.0838652281656893,0.6423431627922405,4.350061751386956,-0.3662437948152234,0.06956521739130435,-0.20941558441558442,-0.7524379069206656,0.46686340752046646,0.8574178027265438,Specialty Chemicals,Basic Materials,AVNT
2013Q3,2013,Q3,2013-10-25,2013-09-30,23000000.0,1008900000.0,61600000.0,0.24,181300000.0,0.1797006641,2943100000.0,994600000.0,1232700000.0,595200000.0,1946500000.0,341500000.0,0.0,2969657000.0,3634557000.0,10.285418821096174,2.071068548387097,0.335598518568856,0.9930625377035994,0.01842075564623204,10.285418821096174,0.02312487432133521,2.9434602041827733,32.27888043478261,2.9857802131510156,0.25217391304347825,2.4234260614934113,0.0019530875114533428,0.3428018076178179,1.3907930107526882,0.00781488906255309,560.312641509434,0.17970066408960253,-0.38461538461538464,4.945745309499187,0.3185328041390931,0.4779820703477719,-0.10996563573883161,-0.39947780678851175,-0.23667905824039653,21.14374353671148,0.4267628144758219,1.263229714592422,Specialty Chemicals,Basic Materials,AVNT
2013Q2,2013,Q2,2013-07-31,2013-06-30,38300000.0,1037600000.0,80700000.0,0.39,203700000.0,0.1963184271,3073400000.0,993900000.0,1355400000.0,681600000.0,2077700000.0,367900000.0,0.0,2507959000.0,3146759000.0,10.172978505629478,1.988556338028169,0.33552417518058175,1.0375289264513532,0.024264714714278574,10.172978505629478,0.038535063889727335,2.417076908249807,16.370489556135773,2.523351443807224,0.1409921671018277,2.2666485458004892,0.002153145246792312,0.33760655951063967,1.3408157276995305,0.012461768725190343,47.77064761904762,0.1963184271395528,2.2500000000000004,3.1429003442821255,0.32025765169408343,0.39974404649140627,0.25508317929759705,2.481818181818182,0.9925925925925926,-0.20395799224616962,0.4223707548104897,1.316693019196112,Specialty Chemicals,Basic Materials,AVNT
2013Q1,2013,Q1,2013-05-02,2013-03-31,11000000.0,801100000.0,40500000.0,0.12,162300000.0,0.2025964299,2903500000.0,871800000.0,1170800000.0,604500000.0,2029600000.0,353500000.0,0.0,2183377000.0,3069977000.0,9.507088331515812,1.9368072787427626,0.3635267780265197,1.2107134663913741,0.014723082124393687,9.507088331515812,0.012617572837806837,2.725473723630009,49.622204545454544,2.504447120899289,0.4090909090909091,1.807072135785007,0.002061027481740442,0.27590838643017046,1.1497105045492142,0.0037885310831754777,-20.913572796934865,0.2025964299088753,3.0,0.7144534854458517,0.13714910348623288,0.33354749508956505,0.2850356294536817,2.5483870967741935,35.81818181818182,-0.3969584182826798,0.28186687305216207,1.3697269487071206,Specialty Chemicals,Basic Materials,AVNT
2012Q4,2012,Q4,2013-02-12,2012-12-31,3100000.0,679400000.0,1100000.0,0.03,126300000.0,0.1858993229,2128000000.0,629100000.0,866900000.0,459800000.0,1496600000.0,252600000.0,-13000000.0,1821464000.0000002,2318364000.0,7.052690582959642,1.8853849499782513,0.3321898496240602,1.1236687331107933,0.0005613772455089821,7.052690582959642,0.004927674455571451,2.680989108036503,146.89225806451614,2.8953489111429027,1.4193548387096775,2.1896278701504355,0.002415639287957379,0.3192669172932331,1.158329708568943,0.001456766917293233,-413.96909090909094,0.18589932293199882,-0.888888888888889,-0.5452693740920861,0.12083223528358802,0.008923552751694928,-0.11492641906096707,-0.8708333333333333,-0.9781746031746031,-0.8660547458893872,0.2751760241868393,0.9555571910184857,Specialty Chemicals,Basic Materials,AVNT
2012Q3,2012,Q3,2012-10-24,2012-09-30,24000000.0,740200000.0,50400000.0,0.27,142700000.0,0.1927857336,2156100000.0,629300000.0,931000000.0,468300000.0,1524400000.0,256200000.0,0.0,1466088000.0000002,1922588000.0000002,7.086711711711712,1.9880418535127056,0.3270720281990631,1.1206102018115367,0.02410656632893027,7.086711711711712,0.03813761322103925,1.980664685220211,15.27175,2.3297123788336247,0.1875,2.3321623731459797,0.0030693928331723607,0.343305041510134,1.3311979500320308,0.011131209127591484,38.27906005221933,0.19278573358551743,0.0,9.9048178613396,0.16357151375201914,0.06312131724352867,-0.07756948933419522,-0.024390243902439025,0.38461538461538464,-0.496512641673932,0.4047202409412877,1.2911552210012673,Specialty Chemicals,Basic Materials,AVNT
2012Q2,2012,Q2,2012-08-01,2012-06-30,24600000.0,792000000.0,36400000.0,0.27,154700000.0,0.1953282828,2144200000.0,604300000.0,927700000.0,487700000.0,1537500000.0,257300000.0,0.0,1218888000.0,1715388000.0,6.782267115600449,1.9021939717039162,0.32916705531200446,1.1679629323183849,0.017303539492105637,6.782267115600449,0.04070825748800265,1.539,12.387073170731707,2.0170246566275027,0.17886178861788618,2.4768752429071124,0.003609847664428561,0.36936852905512546,1.2610211195407013,0.011472810372166775,27.956146788990825,0.19532828282828282,0.22727272727272735,5.744731263249783,0.19757388050070981,0.046548700245629675,0.10028449502133713,0.21782178217821782,-0.18930957683741648,6.28888888888889,0.6542463914065123,2.2121039542874508,Specialty Chemicals,Basic Materials,AVNT
2012Q1,2012,Q1,2012-05-03,2012-03-31,20200000.0,781000000.0,44900000.0,0.22,140600000.0,0.1800256082,2128600000.0,611300000.0,898000000.0,468500000.0,1514900000.0,253600000.0,0.0,1283040000.0,1803140000.0,6.860830527497194,1.9167556029882604,0.33186131729775437,1.1555700965156224,0.021850964463091652,6.860830527497194,0.03304433175200393,1.6428169014084506,15.87920792079208,2.0988712579748077,0.1782178217821782,2.5252365930599368,0.0028058361391694727,0.36690782674058064,1.2591248665955177,0.009489805505966363,-45.822857142857146,0.18002560819462227,0.5714285714285713,1.8369581702915037,0.23392978465442235,0.07027106948490593,0.4524793388429752,0.6422764227642277,2.128140703517588,3.247613530767653,0.7440069907340802,2.4852263065302553,Specialty Chemicals,Basic Materials,AVNT
2011Q4,2011,Q4,2012-02-17,2011-12-31,12300000.0,640400000.0,-39800000.0,0.14,96800000.0,0.1511555278,2080500000.0,588300000.0,843500000.0,442400000.0,1492200000.0,245200000.0,-84900000.0,1029105000.0000001,1544205000.0,6.602693602693603,1.9066455696202531,0.33982215813506367,1.2017678055413905,0.007650518489299997,6.602693602693603,0.020907700152983173,1.6069722048719552,20.916768292682928,1.7492860785313615,0.2926829268292683,2.2169657422512237,0.0034981853163671348,0.3078106224465273,1.1593580470162748,0.005912040374909878,32.878753993610225,0.15115552779512806,-0.3913043478260869,-0.11228020950243166,0.1182056527038606,0.06424617512520034,-0.15087719298245614,-0.4305555555555556,-1.9364705882352942,1.0450387336445368,0.2231100637646717,2.4608774881657203,Specialty Chemicals,Basic Materials,AVNT
2011Q3,2011,Q3,2011-10-25,2011-09-30,21600000.0,735800000.0,42500000.0,0.23,114000000.0,0.1549334058,1795100000.0,608500000.0,1051000000.0,510900000.0,1186600000.0,240200000.0,0.0,983178000.0000001,1006278000.0000001,6.628540305010893,2.057154041886866,0.2411564815330622,0.7114215283483977,0.026471641605115774,6.628540305010893,0.03549712407559573,1.3362027724925254,11.379375000000001,1.6157403451109287,0.1712962962962963,2.588676103247294,0.003763306339238673,0.40989359924238206,1.522607163828538,0.012032755835329508,59.58654545454546,0.15493340581679804,-0.23333333333333328,0.11044417767106841,0.11289503959961521,0.19497169794096209,-0.11764705882352941,-0.24210526315789474,0.17403314917127072,4.903361344537815,0.012946232620226657,-0.04749977674321431,Specialty Chemicals,Basic Materials,AVNT
2011Q2,2011,Q2,2011-08-03,2011-06-30,28500000.0,768800000.0,36200000.0,0.3,129200000.0,0.1680541103,1864700000.0,629600000.0,1111100000.0,549300000.0,1235100000.0,255500000.0,0.0,1440257000.0,1456357000.0,6.762620837808807,2.022756235208447,0.23215530648361668,0.6875794155019059,0.02221994884910486,6.762620837808807,0.04526683608640407,1.8733831945889698,12.633833333333333,2.2875746505717918,0.0,2.5033268101761252,0.0,0.4122915214243578,1.4817039868924085,0.01528395988630879,81.37045197740113,0.16805411030176898,-0.7368421052631579,-0.3328840970350404,0.11162521688837465,0.21262597596261174,0.05297473512632437,-0.7413793103448276,-0.7986651835372637,2.235157699443414,0.02656626288925841,-0.06950179328862392,Specialty Chemicals,Basic Materials,AVNT
2011Q1,2011,Q1,2011-05-04,2011-03-31,110200000.0,718500000.0,179800000.0,1.14,122700000.0,0.1707724426,1828500000.0,615200000.0,1091100000.0,495300000.0,1213300000.0,237900000.0,0.0,1334319000.0,1354819000.0,6.551650692225772,2.202907328891581,0.23675143560295325,0.7036736020806242,0.11048887494562397,6.551650692225772,0.1791287386215865,1.857089770354906,3.0270394736842103,2.1689190507152145,0.0,2.5044136191677175,0.0,0.39294503691550453,1.6048859277205734,0.0602679792179382,-28.32949044585987,0.1707724425887265,0.1287128712871286,1.3095628191474837,0.04465881568440988,0.29347701769344825,0.4022857142857143,0.13025641025641024,3.8463611859838274,15.773294011632672,-0.003995736567883397,-0.08100807895549712,Specialty Chemicals,Basic Materials,AVNT
2010Q4,2010,Q4,2011-02-18,2010-12-31,97500000.0,617800000.0,37100000.0,1.01,87500000.0,0.141631596,1671900000.0,516000000.0,939000000.0,434800000.0,1155900000.0,211300000.0,-66900000.0,1172811000.0,1247611000.0,5.49520766773163,2.159613615455382,0.2708894072611998,0.8777131782945736,0.13053697257433453,5.49520766773163,0.18895348837209303,1.8983667853674329,3.0072076923076922,2.272889534883721,0.0,2.50970184571699,0.0,0.36951970811651413,1.546918123275069,0.05831688498115916,31.026746031746033,0.14163159598575592,24.25,1.2607799152561576,-0.14833845608095214,0.21748526869878065,-0.2131294964028777,96.5,-0.1681614349775785,12.586149484768034,-0.03180633569318818,-0.2138823647485858,Specialty Chemicals,Basic Materials,AVNT
2010Q3,2010,Q3,2010-11-04,2010-09-30,1000000.0,680800000.0,44600000.0,0.04,111200000.0,0.1633372503,1615000000.0,423100000.0,919700000.0,465500000.0,1191900000.0,234300000.0,0.0,1125579000.0,1271579000.0,4.544575725026853,1.9757250268528463,0.2810526315789474,1.0727960293074923,0.006872322721809606,4.544575725026853,0.002363507445048452,1.6533181551116334,281.39475,2.6603143464901913,0.0,2.4310712761416986,0.0,0.4215479876160991,1.41203007518797,0.0006191950464396285,33.90298192771084,0.16333725029377202,-0.92,1.0505659753780054,0.1594018354546618,0.04664338072620437,-0.122336227308603,-0.9781181619256017,-0.27479674796747966,-0.566618409377481,0.020767493773112475,-0.31824017574766905,Specialty Chemicals,Basic Materials,AVNT
2010Q2,2010,Q2,2010-08-02,2010-06-30,45700000.0,692900000.0,61500000.0,0.5,126700000.0,0.1828546688,1531000000.0,407500000.0,857500000.0,501700000.0,1123500000.0,226900000.0,0.0,781376000.0,930076000.0,4.391163793103448,1.709188758222045,0.25460483344219464,0.9565644171779141,0.06701681864505633,4.391163793103448,0.11214723926380368,1.127689421272911,4.2744857768052515,1.9174871165644172,0.0,2.495372410753636,0.0,0.45258001306335727,1.1997209487741678,0.029849771391247552,24.571572327044024,0.18285466878337422,1.272727272727273,0.4443304505894019,0.17489442093317417,-0.026071910589764213,0.22415458937198068,1.483695652173913,0.977491961414791,9.462962962962962,0.005952380952380989,-0.3224143664782175,Specialty Chemicals,Basic Materials,AVNT
2010Q1,2010,Q1,2010-05-05,2010-03-31,18400000.0,630400000.0,31100000.0,0.22,103500000.0,0.1641814721,1466500000.0,371100000.0,783600000.0,471300000.0,1095400000.0,205400000.0,0.0,947200000.0,1127700000.0,4.011891891891892,1.6626352641629536,0.26593931128537335,1.0509296685529508,0.033565140679843085,4.011891891891892,0.04958232282403665,1.50253807106599,12.869565217391305,2.552411748854756,0.0,2.565238558909445,0.0,0.4298670303443573,1.1671971143645237,0.012546880327309922,-631.4666666666667,0.16418147208121828,-0.12,0.36274304154901177,0.08484377562927928,-0.05445012663497901,0.18015963511972635,-0.23333333333333334,0.21484375,1.4891745799853908,-0.04061794844403541,-0.3741556785896408,Specialty Chemicals,Basic Materials,AVNT
2009Q4,2009,Q4,2010-02-18,2009-12-31,24000000.0,552500000.0,25600000.0,0.25,87700000.0,0.1587330317,1391900000.0,333600000.0,694700000.0,375700000.0,1058300000.0,159600000.0,-253600000.0,690975000.0,877875000.0,3.6064864864864865,1.8490817141336173,0.2942740139377829,1.2278177458033572,0.050717507445831984,3.6064864864864865,0.07194244604316546,1.2506334841628959,7.19765625,2.071267985611511,0.0,2.912280701754386,0.0,0.39693943530426035,1.3231301570401917,0.017242618004166967,-230.325,0.15873303167420816,-0.5283018867924528,3.205405405405406,0.06283954045148069,-0.1296649330718732,-0.18266542404473438,-0.5161290322580645,-0.5444839857651246,0.6684684684684685,-0.07073706771287414,-0.4186933879048762,Specialty Chemicals,Basic Materials,AVNT
2009Q3,2009,Q3,2009-11-04,2009-09-30,49600000.0,548300000.0,56200000.0,0.53,107300000.0,0.195695787,1422100000.0,285800000.0,712500000.0,417300000.0,1136300000.0,158200000.0,0.0,616308000.0,804808000.0,3.093073593073593,1.7074047447879224,0.30201814218409395,1.5027991602519244,0.08380632834708047,3.093073593073593,0.1735479356193142,1.1240342877986504,3.1063911290322577,2.1564310706787966,0.0,2.7876106194690267,0.0,0.3855565712678433,1.2897196261682242,0.034877997327895364,7.841068702290077,0.1956957869779318,27.5,3.234214061800269,-0.016734126069511752,-0.2872922846481144,0.24333719582850522,13.17142857142857,1.9119170984455958,1.533351002738758,-0.17608316080996958,-0.4423907476918586,Specialty Chemicals,Basic Materials,AVNT
2009Q2,2009,Q2,2009-08-06,2009-06-30,3500000.0,496500000.0,19300000.0,-0.02,86300000.0,0.173816717,1362800000.0,195100000.0,636600000.0,393800000.0,1167700000.0,149500000.0,0.0,250404000.0,518804000.0,2.1114718614718613,1.616556627729812,0.3307161725858527,2.31009738595592,0.010673361943104896,2.1114718614718613,0.017939518195797026,0.5043383685800604,17.886,1.2834648898001026,0.0,2.7438127090301005,0.0,0.3643234517170531,1.1881665820213305,0.0025682418550044025,4.265826235093697,0.17381671701913393,0.7999999999999999,-0.8387949260042283,-0.11856586403915197,-0.49037278996392697,0.4577702702702703,1.3763440860215055,0.23717948717948717,-0.9174528301886792,-0.27666083916083917,-0.6213856006209975,Specialty Chemicals,Basic Materials,AVNT
2009Q1,2009,Q1,2009-05-06,2009-03-31,-9300000.0,463400000.0,15600000.0,-0.1,59200000.0,0.1277514027,1286400000.0,181500000.0,550100000.0,344900000.0,1104900000.0,158300000.0,0.0,212982000.0,540082000.0,1.9685466377440346,1.5949550594375181,0.34950248756218905,2.477134986225895,0.01270079165466593,1.9685466377440346,-0.0512396694214876,0.459607250755287,-5.7253225806451615,1.1734545454545455,0.0,2.553379658875553,0.0,0.3602300995024876,1.089301246738185,-0.0072294776119402986,3.3435164835164835,0.12775140267587398,0.9674267100977199,-4.762066160520607,-0.14230923132003517,-0.513847169171022,0.020689655172413793,0.9670912951167728,4.9,-1.1985024194894043,-0.31381945306385456,-0.6113544580145218,Specialty Chemicals,Basic Materials,AVNT
2008Q4,2008,Q4,2009-02-23,2008-12-31,-282600000.0,541800000.0,-4000000.0,-3.07,58000000.0,0.1070505722,1277700000.0,175900000.0,525100000.0,304200000.0,1101800000.0,197800000.0,-321400000.0,290430000.0,680430000.0,1.9078091106290673,1.7261669953977645,0.33990764655239886,2.4690164866401365,-0.009965074634918063,1.9078091106290673,-1.6065946560545765,0.536046511627907,-0.2569267515923567,1.6511085844229674,0.0,2.4459049544994946,0.0,0.4240432026297253,1.0072320841551612,-0.22117868044141817,6.817605633802817,0.10705057216685124,-49.91210613598673,-0.5342165348437727,13.20896601590745,-0.5246080896633132,-0.11042944785276074,-49.464285714285715,-4.076923076923077,-7.673605021461209,-0.2393361005971009,-0.5773172502070313,Specialty Chemicals,Basic Materials,AVNT
2008Q3,2008,Q3,2008-11-05,2008-09-30,-5600000.0,735100000.0,1300000.0,-0.0603,65200000.0,0.0886954156,1759700000.0,646500000.0,744100000.0,483600000.0,1113200000.0,273100000.0,0.0,599205000.0,1030405000.0,6.9590958019375675,1.5386683209263854,0.26606807978632724,0.7242072699149266,0.0007774887114619779,6.9590958019375675,-0.008662026295436968,0.8151339953747789,-26.750223214285715,0.9268445475638051,0.0,2.4529476382277555,0.0,0.41774166051031425,0.8879239040529363,-0.0031823606296527817,78.84276315789474,0.08869541558971568,-1.67,0.8728820316549057,0.14367276368302065,0.19145579319021316,-0.2632768361581921,-1.6363636363636365,-0.9458333333333333,0.7162209157903453,0.25456979202106,0.6027220135922445,Specialty Chemicals,Basic Materials,AVNT
2008Q2,2008,Q2,2008-08-07,2008-06-30,8800000.0,748100000.0,24000000.0,0.09,88500000.0,0.1182996926,1839200000.0,675900000.0,803600000.0,542300000.0,1163300000.0,277400000.0,0.0,648210000.0,1079510000.0,7.267741935483871,1.481836621796054,0.26701826881252716,0.7265867731913005,0.01340569361134914,7.267741935483871,0.01301967746708093,0.8664750701777837,18.415056818181817,0.9590324012427873,0.0,2.377793799567412,0.0,0.40675293605915613,0.8906509312188825,0.004784688995215311,-9.407982583454281,0.11829969255447133,0.28571428571428553,2.4367025089605736,0.12585072447248402,0.15086266351917368,-0.08099688473520249,0.35384615384615387,0.19402985074626866,-0.7224775842522931,0.2657646499386246,0.6119321325861787,Specialty Chemicals,Basic Materials,AVNT
2008Q1,2008,Q1,2008-05-06,2008-03-31,6500000.0,713700000.0,20100000.0,0.07,96300000.0,0.1349306431,1731500000.0,662300000.0,700100000.0,515200000.0,1069200000.0,273500000.0,0.0,591773000.0,953973000.0,7.129171151776103,1.3588897515527951,0.24337279815189142,0.6362675524686698,0.012428783025697568,7.129171151776103,0.009814283557300317,0.8291621129326048,22.7605,0.8935120036237355,0.0,2.257404021937843,0.0,0.4121859659254981,0.7449534161490683,0.003753970545769564,12.151396303901437,0.13493064312736444,-0.07894736842105252,1.3295370251593726,0.08185141982375295,0.13155519066954388,0.2874331550802139,-0.08450704225352113,0.08064516129032258,-0.5206689908905419,0.2229049771509066,0.6802513780052535,Specialty Chemicals,Basic Materials,AVNT
2007Q4,2007,Q4,2008-02-29,2007-12-31,7100000.0,631300000.0,18600000.0,0.076,74800000.0,0.1184856645,1583000000.0,649400000.0,683800000.0,373600000.0,933300000.0,223400000.0,-48500000.0,611282000.0,868582000.0,6.990312163616792,1.8302997858672376,0.21269740998104864,0.5184785956267324,0.014246969039866917,6.990312163616792,0.010933169079149985,0.9682908284492318,21.524014084507044,0.9413027409916846,0.0,2.491047448522829,0.0,0.3987997473152243,1.1247323340471092,0.004485154769425142,38.44540880503145,0.11848566450182164,2.8,1.3675739402327132,0.17771028022997962,0.0961176050936113,0.7894736842105263,2.0869565217391304,1.7881355932203389,1.6496232508073199,0.2091974667364671,0.6869365315983741,Specialty Chemicals,Basic Materials,AVNT
2007Q3,2007,Q3,2007-10-30,2007-09-30,2300000.0,664800000.0,-23600000.0,0.02,41800000.0,0.0628760529,1640800000.0,618600000.0,741100000.0,435800000.0,1022200000.0,257700000.0,-55600000.0,707136000.0,986436000.0,6.665948275862069,1.700550711335475,0.2044734275962945,0.5423537019075332,0.0013169284996137516,6.665948275862069,0.003718073068218558,1.063682310469314,76.86260869565217,1.1431231813773035,0.0,2.4175397749320915,0.0,0.40516821062896147,1.0064249655805415,0.001401755241345685,-9.821333333333333,0.06287605294825512,1.343642611683849,-0.7706170830401126,-0.028038841461841962,-0.08615249603886085,-0.5586061246040127,1.4259259259259258,-2.2102564102564104,-0.804501709274673,0.18704648490676792,0.5359714611971277,Specialty Chemicals,Basic Materials,AVNT
2007Q2,2007,Q2,2007-08-08,2007-06-30,-5400000.0,688800000.0,19500000.0,-0.0582,94700000.0,0.137485482,1762600000.0,601400000.0,654700000.0,427000000.0,1155400000.0,261900000.0,-57900000.0,667232000.0,1116932000.0,6.480603448275862,1.533255269320843,0.2800975831158516,0.820917858330562,0.009811796145725206,6.480603448275862,-0.008979048885932824,0.9686875725900116,-30.890370370370373,1.1094645826405056,0.0,2.268423062237495,0.0,0.3907863383637808,0.8182669789227166,-0.0030636559627822534,7.981244019138756,0.13748548199767713,-1.7311557788944723,-1.054677688471061,-0.031439356188957546,-0.12039908104718118,-0.004206098843322818,-1.7297297297297298,-0.2641509433962264,-1.2476443464314353,0.2175526390623261,0.5641656964316575,Specialty Chemicals,Basic Materials,AVNT
2007Q1,2007,Q1,2007-05-02,2007-03-31,7400000.0,657800000.0,26500000.0,0.0796,95100000.0,0.1445728185,1843300000.0,593600000.0,733700000.0,394200000.0,1244000000.0,246600000.0,-52500000.0,564860000.0,1093660000.0,6.41036717062635,1.8612379502790461,0.3232789019692942,1.0038746630727762,0.0147195700474389,6.41036717062635,0.012466307277628033,0.8587108543630283,19.083108108108107,0.9515835579514824,0.0,2.2818329278183294,0.0,0.356859979384799,1.1268391679350584,0.004014539141756632,-152.66486486486485,0.14457281848586195,-0.46933333333333327,2.997840172786177,0.04261326412869352,-0.11702931534072307,0.23186528497409326,-0.4861111111111111,0.18303571428571427,5.565064794816415,0.21223971985153797,0.5831060778039677,Specialty Chemicals,Basic Materials,AVNT
