Quarters,Year,Quarter,FillingDate,Date,NetIncome,Revenue,OperatingIncome,EPSDiluted,GrossProfit,GrossProfitRatio,TotalAssets,CommonStockEquity,CurrentAssets,CurrentLiability,TotalLiability,Inventory,RetainedEarnings,MarketCap,EnterpriseValue,bookValuePerShare,currentRatio,debtToAssets,debtToEquity,roic,shareholdersEquityPerShare,roe,priceToSalesRatio,peRatio,pbRatio,payoutRatio,inventoryTurnover,dividendYield,assetTurnover,quickRatio,returnOnAssets,priceToFreeCashFlowsRatio,grossProfitMargin,epsdilutedGrowth,fiveYNetIncomeGrowthPerShare,fiveYRevenueGrowthPerShare,fiveYShareholdersEquityGrowthPerShare,grossProfitGrowth,netIncomeGrowth,operatingIncomeGrowth,threeYNetIncomeGrowthPerShare,threeYRevenueGrowthPerShare,threeYShareholdersEquityGrowthPerShare,Industry,Sector,Symbol
2023Q1,2023,Q1,2023-03-23,2023-03-31,-18127000.0,33508000.0,-16574000.0,-0.26,13028000.0,0.388802674,590000000.0,204783000.0,389329000.0,263259000.0,385217000.0,38999000.0,-468380000.0,655337066.86146,553580066.86146,2.9372527072193324,1.4788820135304017,0.25886101694915253,0.745804095066485,-0.03988093213715203,2.9372527072193324,-0.08851808988050766,19.55763002451534,-9.038134645300655,3.2001536595394144,0.0,0.5251416702992384,0.0,0.05679322033898305,1.0693005747191928,-0.030723728813559323,-23.288452980151384,0.3888026739883013,0.6623376623376623,-7.499999978485132,-0.45395049628681305,0.13026119228648136,2.263137483032771,0.589923988779296,0.7058740017746229,-8.73011747796438,-0.37237073284618766,0.01455111126556161,Biotechnology,Healthcare,VALN
2022Q4,2022,Q4,2022-12-31,2022-12-31,-44204000.0,111401000.0,-56350000.0,-0.77,-10314000.0,-0.0925844472,621344000.0,219797000.0,424659000.0,277393000.0,401547000.0,35104000.0,-450253000.0,687837551.2594032,550788551.2594032,3.806868449960049,1.5308929929738675,0.24524418035741877,0.6932806180248138,-0.12213385948517382,3.806868449960049,-0.20111284503428165,6.174428876396112,-3.890131839083585,3.1294219268661685,0.0,3.4672686873290792,0.0,0.17929037698923625,1.1295959162632079,-0.07114255549260957,-10.985889879724061,-0.09258444717731439,-1.4904458598726114,-6.587408855961616,1.42940077035479,0.4973761991717165,-1.0822284762140142,-1.6104007291004998,-1.60385567474308,-52.03348290289421,0.9807716747993692,0.29550412325291453,Biotechnology,Healthcare,VALN
2022Q3,2022,Q3,2022-09-30,2022-09-30,72418000.0,156678000.0,93317000.0,1.57,125431000.0,0.800565491,698083000.0,164983000.0,476535000.0,374212000.0,533100000.0,96462000.0,-406049000.0,474402936.78,374979936.78,3.5733809833225036,1.2734359133325495,0.23151831515736668,0.9796100204263469,0.24441793638877987,3.5733809833225036,0.43894219404423485,3.027884813311377,1.637724518697009,2.875465573907615,0.0,0.3239306669984035,0.0,0.22444036024369596,0.8518540292668327,0.1037383806796613,-4.9521173383577946,0.8005654910070336,1.4984126984126984,20.60065155915538,5.494037065677549,0.5980118158970035,2.454390501258073,1.4978824629431016,1.707011243446374,2122.799560515486,4.805650369667522,0.24861244571003352,Biotechnology,Healthcare,VALN
2022Q2,2022,Q2,2022-06-30,2022-06-30,-145452000.0,71376000.0,-131988000.0,-3.15,-86243000.0,-1.2082913024,725105000.0,93255000.0,503776000.0,436128000.0,631850000.0,95201000.0,-478467000.0,1004878969.1999999,802222969.1999999,2.0198180636777128,1.155110426296867,0.1841402279669841,1.4317838185620073,-0.47431633108981075,2.0198180636777128,-1.5597233392311405,14.078667468056489,-1.7271659537166901,10.775604194949333,0.0,1.6556443734834718,0.0,0.09843539901117769,0.8080838652872551,-0.2005943966735852,-12.569785965175623,-1.2082913023985653,-5.5625,-51.505955860432216,1.7422127474867584,-0.07214996419236065,-11.796569854782174,-4.585499788794593,-6.164694387145804,-18.977390800965424,2.61774539846029,-0.29474859214214594,Biotechnology,Healthcare,VALN
2022Q1,2022,Q1,2022-03-31,2022-03-31,-26041000.0,21848000.0,-18422000.0,-0.48,7988000.0,0.3656169901,,,,,,,,1684169140.5282416,,,0.0,0.0,0.0,0.0,,0.0,77.08573510290377,-16.168437661075245,0.0,0.0,0.0,0.0,0.0,0.0,0.0,-46.38051169112805,0.3656169901135115,-1.150943396226415,-11.007246450586004,-0.41350121501879644,0.0,-0.968035597811951,-1.1509553180142371,-1.1045439326269912,-5.8000000294919545,-0.439303281975467,0.0,Biotechnology,Healthcare,VALN
2021Q4,2021,Q4,2021-12-31,2021-12-31,172508000.0,278237000.0,176213000.0,3.18,249903000.0,0.898165952,817352000.0,170581000.0,585833000.0,368979000.0,646771000.0,124098000.0,-306974000.0,2659183751.4323897,2427196751.4323897,3.1442295035934382,1.587713663921253,0.14027616008769783,0.6721440254190092,0.5098384730675657,3.1442295035934382,1.0112966860318557,9.557261440543098,3.8537107720111385,15.588979730640515,0.0,0.22831955390094924,0.0,0.3404126985680588,1.058745890687546,0.21105716998306728,154.70264421620743,0.8981659520480741,2.0816326530612246,49.480344951852636,7.161816257613581,0.3018331369637304,3.438982256836681,2.0813175792145926,2.1636520923721037,22.678565752038256,6.171197443970864,0.06567302536134513,Biotechnology,Healthcare,VALN
2021Q3,2021,Q3,2021-09-30,2021-09-30,-159535000.0,22346000.0,-151431000.0,-2.94,-102462000.0,-4.5852501566,,,,,,,,1468941334.7662597,,,0.0,0.0,0.0,0.0,,0.0,65.73620937824487,-2.3019107637293694,0.0,0.0,0.0,0.0,0.0,0.0,0.0,-18.887791682948357,-4.585250156627584,-1.3149606299212597,-15.336802415772668,-0.12834786222920005,0.0,-25.642135642135642,-1.7179875971105356,-1.751589926227423,-35.75780522565373,-0.18629946671506614,0.0,Biotechnology,Healthcare,VALN
2021Q2,2021,Q2,2021-06-30,2021-06-30,-58696000.0,24286000.0,-55034000.0,-1.27,4158000.0,0.1712097505,745107000.0,77070000.0,561962000.0,456917000.0,668037000.0,125664000.0,-319948000.0,1026975584.9250001,808738584.9250001,1.6692657569850553,1.2298995222327032,0.14962414794116818,1.4465550797975866,-0.22814216272345433,1.6692657569850553,-0.7615933566887245,42.28673247652969,-4.374129348358491,13.325231412028026,0.0,0.16017316017316016,0.0,0.032593976435599185,0.7216255906433773,-0.07877526315012474,75.34670469002202,0.17120975047352385,-1.1166666666666667,-0.38180952828262427,-0.23982718570670986,-0.40100567261033965,-0.5145925752976885,-1.1188361851129882,-0.7674224420322435,-30.78254277669482,-0.19192386468733355,-0.2501721110756478,Biotechnology,Healthcare,VALN
2021Q1,2021,Q1,2021-03-31,2021-03-31,-27702000.0,23216000.0,-31138000.0,-0.6,8566000.0,0.3689696761,574113000.0,52355000.0,416981000.0,320356000.0,521757000.0,97400000.0,-261251000.0,1035105960.33,905201960.33,1.1339614468269439,1.301617575447315,0.18464831836241297,2.0248113838219846,-0.1466388224364943,1.1339614468269439,-0.5291185178110973,44.58588733330462,-9.341437083333334,19.770909375035814,0.0,0.1504106776180698,0.0,0.040438032234072385,0.8147592053840103,-0.048251824989157185,33.735487414203305,0.36896967608545833,-12.452914798206278,-1.924690773607912,-0.23816191737279868,-0.7080934967557978,-0.7348972517949988,-12.454103933948518,-12.238945578231293,-16.0,-0.4287007963147067,-0.5636491835559931,Biotechnology,Healthcare,VALN
2020Q4,2020,Q4,2020-12-31,2020-12-31,-2059000.0,51473000.0,-2352000.0,-0.0446,32312000.0,0.6277465856,449164000.0,77422000.0,308427000.0,175872000.0,371742000.0,26933000.0,-233549000.0,1001939648.49,902996648.49,1.6768897552523283,1.7537015556768558,0.234771709219795,1.3620288806799101,-0.01010340389406302,1.6768897552523283,-0.02659450802097595,19.465343937404075,-121.65367271612433,12.941278299320608,0.0,0.7114320721791111,0.0,0.11459734083764504,1.2715213336972344,-0.004584071742169898,20.523139051413356,0.627746585588561,0.9435443037974683,-1.0596950458802832,0.9146977179145824,-0.5819995349809921,11.559477124183006,0.9438888131898079,0.9230492393260264,0.5580406971752382,0.4037299715834197,-0.34041986447520345,Biotechnology,Healthcare,VALN
2020Q3,2020,Q3,2020-09-30,2020-09-30,-36695000.0,10941000.0,-30565000.0,-0.79,-3060000.0,-0.2796819304,450184000.0,76728000.0,311272000.0,201936000.0,373457000.0,28394000.0,-234681000.0,1040666194.962,995756194.962,1.6618583495776478,1.5414388717217336,0.24716116076981856,1.4501616098425607,-0.12756039863902707,1.6618583495776478,-0.478247836513398,95.11618635974774,-7.0899727140073585,13.563056445652176,0.0,0.4930971331971543,0.0,0.02430339594476925,0.7734034545598606,-0.08151111545501395,-24.852323517266083,-0.27968193035371536,-0.49056603773584906,-3.9673760017327266,-0.571180849508908,-0.5815540748000609,-1.842279108175062,-0.5032773453502662,-0.3888131588513268,-8.931866510580335,-0.5465141274743227,-0.2568188806716735,Biotechnology,Healthcare,VALN
2020Q2,2020,Q2,2020-06-30,2020-06-30,-24410000.0,12687000.0,-22008000.0,-0.53,3633000.0,0.2863561126,389348000.0,111059000.0,253446000.0,104723000.0,278290000.0,30494000.0,-200322000.0,1082428922.187,995334922.187,2.4054364305826295,2.4201560306713903,0.2901055097239488,1.017044994102234,-0.07570295279849379,2.4054364305826295,-0.21979308295590633,85.31795713620241,-11.085916859760344,9.746431375998343,0.0,0.29691086771168096,0.0,0.032585245076384106,1.9102393934474757,-0.06269455602699898,9.936283560103547,0.28635611255615984,-18.850187265917604,-1.2029095372175294,-0.44759938179339465,-0.40448451255555334,-0.8429584161839716,-18.861676159479252,-145.78947368421052,-7.811638083719374,-0.5125749113516517,0.10499273097164358,Biotechnology,Healthcare,VALN
2020Q1,2020,Q1,2020-03-31,2020-03-31,-1229000.0,35220000.0,152000.0,-0.0267,23134000.0,0.656842703,276574000.0,133157000.0,142691000.0,45133000.0,143417000.0,28117000.0,-178217000.0,1110116226.5580227,1128572226.5580227,2.8951254151753605,3.161566924423371,0.3589925300281299,0.7456461169897189,0.00029142654744243243,2.8951254151753605,-0.009229706286563982,31.519484002215297,-225.8169704145693,8.33689724579273,0.0,0.42984671195362234,0.0,0.12734385734016937,1.7909733454456827,-0.004443657032114371,465.652779596486,0.6568427030096536,-2.7800000000000002,0.8090965549566878,0.47490997941353963,-0.34492397037341155,-0.1808363726496937,-2.781159420289855,-0.8925795053003533,0.3315676697661249,0.11523034674576789,0.20579286887091872,Biotechnology,Healthcare,VALN
2019Q4,2019,Q4,2019-12-31,2019-12-31,690000.0,44802000.0,1415000.0,0.015,28241000.0,0.6303513236,264723000.0,135153000.0,129162000.0,41299000.0,129570000.0,25772000.0,-176220000.0,1084376971.2256982,1105153971.2256982,2.938522835729218,3.127484926995811,0.3219062945040665,0.6305150459109305,0.00331697493543781,2.938522835729218,0.005105325076024949,24.203762582601183,392.89020696583276,8.023328902989192,0.0,0.6425966164830048,0.0,0.16924105574506182,2.1421584057725367,0.0026064981131220183,-483.4493852990184,0.6303513236016249,22.428571428571427,1.0466862672189212,2.03795240756386,-0.15346626867593074,0.704242351095287,21.294117647058822,1.1310240963855422,1.2287311688238551,0.5502049900216108,0.21666258678157008,Biotechnology,Healthcare,VALN
2019Q3,2019,Q3,2019-09-30,2019-09-30,-34000.0,26884000.0,664000.0,-0.0007,16571000.0,0.6163889302,250650000.0,131628000.0,118933000.0,31547000.0,119021000.0,26986000.0,-179738000.0,1110419898.7540152,1126853898.7540152,2.861881599530647,3.7700256759755284,0.33441452224217033,0.6368022001397878,0.00019660206561054026,2.861881599530647,-0.0002583037043790075,41.304117644473116,-8164.8521967207,8.436046272480135,0.0,0.382161120581042,0.0,0.10725713145820866,2.136082670301455,-0.00013564731697586276,-88.85491708042052,0.6163889302187174,0.995625,0.9926105313324227,0.35558572247372217,-0.46320515169747495,0.8852104664391354,0.9953122845719012,1.0835010060362174,0.9958931409840397,0.23696408243934897,0.14173105925386031,Biotechnology,Healthcare,VALN
2019Q2,2019,Q2,2019-06-30,2019-06-30,-7253000.0,19654000.0,-7952000.0,-0.16,8790000.0,0.4472372036,249144000.0,131724000.0,121861000.0,39849000.0,117419000.0,24589000.0,-179642000.0,1076760872.5502064,1080533872.5502064,2.863968850218608,3.058069211272554,0.2958851106187586,0.5596398530260241,-0.026687259161760884,2.863968850218608,-0.05506209954146549,54.78583863591159,-37.11432760754882,8.174371204565656,0.0,0.44182357964943675,0.0,0.07888610602703658,1.7552510727998194,-0.029111678386796392,217.65936376596048,0.4472372036226722,-2.6,0.12408308243948937,0.4912157468878274,-0.42740090235937117,-0.6115088835852559,-2.494539460127756,-2.281753707285622,0.8285961357194621,-0.38245224180798987,0.027698009093582884,Biotechnology,Healthcare,VALN
2019Q1,2019,Q1,2019-03-31,2019-03-31,4853000.0,34856000.0,6204000.0,0.1,22626000.0,0.6491278403,243742000.0,139188000.0,117483000.0,27633000.0,104554000.0,23247000.0,-172169000.0,1143896990.25,1152336990.25,2.868081599010921,4.251547063293888,0.31385235207719636,0.5496091617093427,0.01636149088330054,2.868081599010921,0.03486651148087479,32.81779292661235,58.92731249999999,8.218359271273386,0.0,0.5260893878780057,0.0,0.1430036678126872,2.4629609524843485,0.01991039705918553,257.7505611198738,0.6491278402570576,-0.23076923076923075,1.3517727109053497,2.128426884729519,-0.4282763523722254,-0.0385416224025836,-0.2553322080711984,0.16114542391914655,1.4874484622679855,0.0881841938358525,-0.26169300294202447,Biotechnology,Healthcare,VALN
2018Q4,2018,Q4,2018-12-31,2018-12-31,6517000.0,34707000.0,5343000.0,0.13,23533000.0,0.6780476561,229907000.0,143186000.0,125973000.0,42945000.0,86721000.0,22727000.0,-168171000.0,1119570755.096,1100085755.096,2.9504636307438696,2.933356618931191,0.25053608633055974,0.4022739653318062,0.02784052896649023,2.9504636307438696,0.045514226251169805,32.25777955732273,42.94808788921283,7.818995956979035,0.0,0.4916618999427993,0.0,0.15096104076865863,2.057142857142857,0.0283462443509767,360.68645460567006,0.6780476560924309,2.625,1.6234377402420015,1.2034847102748258,-0.43996969152966336,1.1149456277523142,3.1297385620915033,5.257370517928287,7.202173085292979,0.22825176735918568,-0.264534137793078,Biotechnology,Healthcare,VALN
2018Q3,2018,Q3,2018-09-30,2018-09-30,-3060000.0,19362000.0,-1255000.0,-0.08,11127000.0,0.5746823675,175338000.0,89727000.0,74009000.0,41264000.0,85611000.0,22985000.0,-174845000.0,873019920.15,900326920.15,2.3458039215686273,1.7935488561457928,0.34417525008840066,0.6725623279503382,-0.010419126998324691,2.3458039215686273,-0.034103447122939584,45.08934614967462,-71.32515687499999,9.729734864087733,0.0,0.3582771372634327,0.0,0.11042671868049139,0.801473439317565,-0.017452006980802792,-324.1811808949127,0.5746823675240161,-1.0,0.7894736837881219,-0.03961214951086737,-0.5923622525743957,-0.3003206942086399,-0.8523002421307506,-1.3590225563909775,0.5,-0.08399930127953177,-0.40934069829242925,Biotechnology,Healthcare,VALN
2018Q2,2018,Q2,2018-06-30,2018-06-30,-1652000.0,26884000.0,-532000.0,-0.04,15903000.0,0.5915414373,181474000.0,91942000.0,79523000.0,46193000.0,89533000.0,20206000.0,-172630000.0,943298620.39,970650620.39,2.226198547215496,1.7215378953521097,0.34157510166745647,0.6741967762284918,-0.0035485030527965594,2.226198547215496,-0.01796784929629549,35.087733238729356,-142.75100187500001,10.259713954340782,0.0,0.5434524398693458,0.0,0.14814243362685564,0.7497889290585154,-0.009103232418969109,107.9659631898821,0.5915414372861182,-2.0,0.9,0.29282836714695315,-0.7444745250919025,-0.16480226878840398,-2.1330589849108366,-1.1661461586508433,0.8333333333333333,0.3085759242434976,-0.44885855384170603,Biotechnology,Healthcare,VALN
2018Q1,2018,Q1,2018-03-31,2018-03-31,1458000.0,32082000.0,3202000.0,0.04,19041000.0,0.5935103797,186506000.0,94724000.0,81479000.0,45993000.0,91782000.0,19257000.0,-169848000.0,782456702.49,812799702.49,2.598737997256516,1.77155219272498,0.3566373199789819,0.7021979646129809,0.015095939711540714,2.598737997256516,0.01539208648283434,24.389274437067513,134.16610125,8.260384934018832,0.0,0.6772082878953108,0.0,0.17201591369714647,0.7864675059248146,0.007817442870470655,196.25199460496614,0.5935103796521414,1.4000000000000001,1.1667320722135008,11.683963806333095,0.0,0.2915281828664451,1.3964110929853182,1.7723106608779546,1.2857712235950578,0.6952614427855748,-0.41198714212543486,Biotechnology,Healthcare,VALN
2017Q4,2017,Q4,2017-12-31,2017-12-31,-3678000.0,28949000.0,-4146000.0,-0.1,14743000.0,0.5092749318,189343000.0,92669000.0,83448000.0,37674000.0,96674000.0,19931000.0,-171903000.0,801026114.895,838976114.895,2.5423593964334703,2.2150023889154324,0.377595157993694,0.7715093504839806,-0.013744426927484472,2.5423593964334703,-0.03968964810238591,27.670251645825417,-54.44712580852366,8.643949054106553,0.0,0.7127590186142191,0.0,0.15289184178976778,1.3581515103254234,-0.0194250645653655,-124.90661389287385,0.5092749317765726,-0.25000000000000006,0.7112102212419312,8.424787748335135,0.030845788176707835,-0.026928915583129827,-0.0682544292767935,-1.5529556650246306,0.6859846536351166,1.4769441714683607,-0.26759358135273764,Biotechnology,Healthcare,VALN
2017Q3,2017,Q3,2017-09-30,2017-09-30,-3443000.0,22483000.0,-1624000.0,-0.08,15151000.0,0.6738869368,191731000.0,96210000.0,86240000.0,38061000.0,95520000.0,23440000.0,-168362000.0,964449075.4925,993800075.4925,2.2361417780360258,2.265836420482909,0.364630654406434,0.7266500363787548,-0.00954317858841665,2.2361417780360258,-0.035786300800332606,42.8968142815683,-70.029703419438,10.024416126104354,0.0,0.3127986348122867,0.0,0.11726324903119474,1.0656577599117207,-0.017957450803469444,789.2381959840425,0.6738869367966909,-0.3333333333333334,0.6362579775560548,4.588299839465968,0.0,0.0597328110792474,-0.27282809611829945,-2.2110365398956002,0.2000790726783314,0.21188971839883783,-0.5805733588976405,Biotechnology,Healthcare,VALN
2017Q2,2017,Q2,2017-06-30,2017-06-30,-2705000.0,25416000.0,1341000.0,-0.06,14297000.0,0.5625196726,198200000.0,98141000.0,87251000.0,40141000.0,100059000.0,20809000.0,-166431000.0,1040628820.6392199,1070797820.6392199,2.176879868220923,2.1736130141252086,0.37374369323915235,0.7547915753864338,0.012360909798782358,2.176879868220923,-0.02756238473217106,40.94384720802722,-96.17641595556562,10.60340551491446,0.0,0.5343361045701379,0.0,0.12823410696266396,1.0938192870132781,-0.013647830474268416,349.4388249292209,0.5625196726471514,-0.4999999999999999,0.0,0.0,0.0,-0.05455627562491734,-0.6334541062801933,1.8172268907563025,0.6667323871258195,0.9673305476970516,-0.564771995295896,Biotechnology,Healthcare,VALN
2017Q1,2017,Q1,2017-03-31,2017-03-31,-1656000.0,28444000.0,476000.0,-0.04,15122000.0,0.5316411194,198568000.0,99462000.0,84328000.0,35556000.0,99106000.0,20146000.0,-165110000.0,1023698788.0675001,1053836788.0675001,2.40101388050694,2.3716953538080774,0.3794468393698884,0.7575355412117191,0.002926195529150276,2.40101388050694,-0.016649574711950294,35.989972861324006,-154.5438991647796,10.292360781680442,0.0,0.6612727092226744,0.0,0.14324563877361912,1.2714591067611656,-0.008339712340356955,93.02969720715195,0.5316411193924905,0.3902439024390244,0.8333685506423915,8.895078527983337,0.0,0.1690761499806726,0.3905042326094958,1.1413721413721414,0.8593758336127316,1.9907967957747292,-0.5213816739936071,Biotechnology,Healthcare,VALN
2016Q4,2016,Q4,2016-12-31,2016-12-31,-2717000.0,26030000.0,-3367000.0,-0.0656,12935000.0,0.4969266231,206884000.0,100051000.0,91198000.0,38889000.0,106832000.0,22701000.0,-164523000.0,1034518786.8000001,1081752786.8000002,2.4152323476161737,2.3450847283293474,0.3987838595541463,0.824599454278318,-0.015545423315428838,2.4152323476161737,-0.02715615036331471,39.743326423357665,-95.18943566433568,10.339914511599085,0.0,0.576846834941192,0.0,0.12581929970418204,1.3417675949497287,-0.013132963399779587,-305.7992275495123,0.49692662312716096,0.6355555555555555,0.0,0.0,0.0,0.28018606492478226,0.6122448979591837,0.16306239125031072,0.6955031665042174,0.9360425943688079,-0.541562450535273,Biotechnology,Healthcare,VALN
2016Q3,2016,Q3,2016-09-30,2016-09-30,-7007000.0,18395000.0,-4023000.0,-0.18,10104000.0,0.5492796956,202963000.0,97577000.0,87055000.0,35877000.0,105385000.0,24754000.0,-159594000.0,916330036.514274,956240036.514274,2.506616226592743,2.42648493463779,0.3951606943137419,0.8219457454113162,-0.022970020078138854,2.506616226592743,-0.07180995521485596,49.81408189803066,-32.69337935329934,9.39084042873089,0.0,0.3349357679566939,0.0,0.09063228273133526,1.1230872146500543,-0.034523533846070466,272.63613106643083,0.5492796955694482,0.8043478260869564,0.18181815953062128,4.053432811899381,0.0,-0.4098130841121495,0.7964442378642187,0.8755760368663594,0.5263157912273373,-0.10346332872889163,-0.5644173910386051,Biotechnology,Healthcare,VALN
2016Q2,2016,Q2,2016-06-30,2016-06-30,-34423000.0,25890000.0,-32333000.0,-0.92,17120000.0,0.6612591734,209783000.0,104268000.0,92020000.0,33710000.0,105517000.0,24013000.0,-152902000.0,886940885.3998623,928751885.3998623,2.786780576469729,2.729753782260457,0.38357254877659297,0.7717324586642115,-0.17669189469140217,2.786780576469729,-0.33013964015805425,34.25804887600859,-6.441484511807965,8.506357515247844,0.0,0.365218839795111,0.0,0.12341324130172607,1.1467220409374073,-0.16408860584508755,89.31932380663265,0.6612591734260332,-3.3809523809523814,0.0,0.0,0.0,0.5813781636800296,-3.6637312017341825,-11.006312662458225,-1.300066841787928,0.37429770034321036,-0.6801303140019709,Biotechnology,Healthcare,VALN
2016Q1,2016,Q1,2016-03-31,2016-03-31,-7381000.0,23747000.0,-2693000.0,-0.21,10826000.0,0.4558891649,247349000.0,139765000.0,91146000.0,30072000.0,107584000.0,21910000.0,-117405000.0,833795287.746525,882813287.746525,3.884673462989956,3.030925778132482,0.3332376520624704,0.5897470754480736,-0.01776041642248592,3.884673462989956,-0.05281007405287447,35.11160516050554,-28.241271092891377,5.965694471051586,0.0,0.5897307165677773,0.0,0.09600604813441736,1.1109337589784518,-0.029840427897424287,-117.68458542646789,0.4558891649471512,-8.67741935483871,0.14487332959398985,8.511651605997635,0.0,-0.07462176254380716,-8.474967907573813,-1.4583049693669163,0.14487332959398985,8.511651605997635,0.0,Biotechnology,Healthcare,VALN
2015Q4,2015,Q4,2015-12-31,2015-12-31,-779000.0,20949000.0,5876000.0,-0.0217,11699000.0,0.5584514774,275186000.0,144335000.0,116382000.0,46362000.0,130852000.0,26687000.0,-112836000.0,874387577.9944243,934735577.9944243,4.011693516121027,2.5102885984211207,0.3715850370295,0.7084560224477777,-0.015496174189412154,4.011693516121027,-0.005397166314476738,41.73886954004603,-280.61218805982804,6.058042595312462,0.0,0.34661070933413274,0.0,0.07612669249162385,1.243712523187093,-0.0028308126140137945,-147.8254569728528,0.5584514773974891,0.864375,0.0,0.0,0.0,0.22541112391327117,0.8668376068376068,2.9979598775926557,0.9380328998032402,5.909632217329694,0.6266139910630005,Biotechnology,Healthcare,VALN
2015Q3,2015,Q3,2015-09-30,2015-09-30,-5850000.0,20205000.0,-2941000.0,-0.16,9547000.0,0.4725068052,274311000.0,145208000.0,94191000.0,39762000.0,129103000.0,29320000.0,-111962000.0,863646615.0,914381615.0,3.971500854700855,2.368869775162215,0.3207782407559303,0.6059790094209685,-0.011791100124352335,3.971500854700855,-0.040287036526913116,42.74420267260579,-36.907975,5.947651747837584,0.0,0.36350613915416097,0.0,0.0736572722202172,0.9370253005382023,-0.021326158994717674,-130.9349022134627,0.4725068052462262,0.3333333333333333,0.2727272487644152,4.909752457960645,0.0,0.6468863205106089,0.34782608695652173,0.6616818129529507,0.2727272487644152,4.909752457960645,0.0,Biotechnology,Healthcare,VALN
2015Q2,2015,Q2,2015-06-30,2015-06-30,-8970000.0,18592000.0,-8693000.0,-0.24,5797000.0,0.3118007745,283082000.0,150967000.0,98950000.0,39302000.0,132115000.0,31120000.0,-106030000.0,891258501.0875,936838501.0875,4.039250836120401,2.517683578443845,0.3152902692506058,0.591208674743487,-0.03284793786226216,4.039250836120401,-0.059416958673087494,47.937742098079816,-24.839980520833336,5.9036643841866105,0.0,0.4111503856041131,0.0,0.06567708296535986,1.1112157142130172,-0.031686931701768395,-326.8274664787312,0.31180077452667815,-0.7142857142857141,0.0,0.0,0.0,0.331113662456946,-0.7875647668393783,-0.4583123636973662,0.0,0.0,0.0,Biotechnology,Healthcare,VALN
2015Q1,2015,Q1,2015-03-31,2015-03-31,-5018000.0,18613000.0,-5961000.0,-0.14,4355000.0,0.2339762532,290633000.0,158440000.0,103184000.0,35113000.0,132193000.0,30314000.0,-98558000.0,879140279.19,931007279.19,4.41952580195258,2.9386267194486373,0.31257978275006626,0.573377934864933,-0.02253368804403969,4.41952580195258,-0.03167129512749306,47.2325943797346,-43.79933634864488,5.548726831545065,0.0,0.47034373556772446,0.0,0.06404296827958283,1.1101016717455074,-0.017265761286571035,-74.87142558252428,0.23397625315639606,0.5625,0.41655401787493235,6.4820104358012145,0.0,-0.03243723616974006,0.5644097222222222,0.39098896608091543,0.41655401787493235,6.4820104358012145,0.0,Biotechnology,Healthcare,VALN
2014Q4,2014,Q4,2014-12-31,2014-12-31,-11520000.0,11495000.0,-9788000.0,-0.32,4501000.0,0.3915615485,227515000.0,124444000.0,60948000.0,27369000.0,103073000.0,7282000.0,-90716000.0,785492439.555,829789439.555,3.471241283124128,2.2268990463663267,0.32153484385644904,0.587846742309794,-0.042965423230949214,3.471241283124128,-0.09257175918485423,68.33340057024793,-17.046276900065102,6.312015360764681,0.0,0.9604504257072233,0.0,0.05052414126541107,1.3053454638459572,-0.05063402413027712,-91.09271014206192,0.39156154849934754,-2.1999999999999997,0.0,0.0,0.0,-0.07157590759075907,-3.484235110938108,-4.336968375136314,0.0,0.0,0.0,Biotechnology,Healthcare,VALN
2014Q3,2014,Q3,2014-09-30,2014-09-30,-2569000.0,11073000.0,-1834000.0,-0.1,4848000.0,0.4378217285,240397000.0,136911000.0,59172000.0,25522000.0,103487000.0,8999000.0,-78249000.0,535757823.64800006,577040823.648,5.33142523364486,2.3184703393151005,0.29764098553642515,0.5226168825003105,-0.009274252653855668,5.33142523364486,-0.018764014578813975,48.38416180330534,-52.13680650525497,3.9131831894296294,0.0,0.691743527058562,0.0,0.046061306921467406,1.4465559125460388,-0.01068648943206446,-2515.294946704226,0.437821728528854,0.4444444444444444,0.5452775267902508,3.611228030591176,0.0,-0.2549562010142923,0.493493690851735,0.5944272445820433,0.5452775267902508,3.611228030591176,0.0,Biotechnology,Healthcare,VALN
2014Q2,2014,Q2,2014-06-30,2014-06-30,-5072000.0,8073000.0,-4522000.0,-0.18,6507000.0,0.8060200669,243389000.0,140909000.0,59825000.0,24622000.0,102479000.0,9195000.0,-74239000.0,543959150.8259219,583288150.8259219,5.001699901413527,2.429737633011128,0.2900295411871531,0.5009616135236217,-0.022304193803822644,5.001699901413527,-0.03599486193216899,67.38005088887921,-26.81186666137234,3.8603577544792875,0.0,0.1703099510603589,0.0,0.03316912432361364,1.5133214198684104,-0.02083906832272617,505.0688494205403,0.8060200668896321,0.3571428571428572,0.0,0.0,0.0,0.6591024987251403,0.3477366255144033,0.298697270471464,0.0,0.0,0.0,Biotechnology,Healthcare,VALN
2014Q1,2014,Q1,2014-03-31,2014-03-31,-7776000.0,6280000.0,-6448000.0,-0.28,3922000.0,0.624522293,241293000.0,137222000.0,51963000.0,22883000.0,104072000.0,6371000.0,-69306000.0,523360823.68415564,566978823.6841557,5.0165523341763345,2.270812393479876,0.2955908376952502,0.5197708822200522,-0.033805523717339844,5.0165523341763345,-0.056667298246636834,83.33771077773179,-16.826158168857884,3.813971693199018,0.0,0.3701145816983205,0.0,0.026026449171753844,1.2544683826421361,-0.032226380375725776,-46.463141307187115,0.6245222929936306,-0.2727272727272728,-0.1849417752189054,2.308509137753084,0.0,0.537436299490396,-0.319755600814664,-0.34389328887036263,-0.1849417752189054,2.308509137753084,0.0,Biotechnology,Healthcare,VALN
2013Q4,2013,Q4,2013-12-31,2013-12-31,-5892000.0,8878000.0,-4798000.0,-0.22,2551000.0,0.2873394909,254391000.0,144111000.0,63346000.0,28099000.0,110280000.0,4819000.0,-62418000.0,525542517.2041928,560315517.2041929,5.268399917145106,2.2543862770917116,0.2802064538446722,0.4946326095856666,-0.02058450186335371,5.268399917145106,-0.040885151029414826,59.19604834469394,-22.29898664308354,3.6467897468214976,0.0,1.312927993359618,0.0,0.034899033377753144,1.6988504929001031,-0.023161196740450724,18122.15576566182,0.2873394908763235,0.42105263157894735,0.0,0.0,0.0,-0.6457436467157339,0.40890850722311395,0.5005724992193192,0.0,0.0,0.0,Biotechnology,Healthcare,VALN
2013Q3,2013,Q3,2013-09-30,2013-09-30,-9968000.0,13826000.0,-9607000.0,-0.38,7201000.0,0.5208303197,241902000.0,150953000.0,52062000.0,28949000.0,90949000.0,6678000.0,-56336000.0,512390986.1480718,545805986.1480718,5.754628800652831,1.7984040899512936,0.21328471860505493,0.3417885037064517,-0.047426208793855076,5.754628800652831,-0.0660337985995641,37.05995849472529,-12.850897525784307,3.39437431616511,0.0,0.9920634920634921,0.0,0.05715537697083943,0.6279664237106636,-0.041206769683590876,-32.22584818541332,0.5208303196875452,0.050000000000000044,-0.7272727807188782,4.636615850564855,0.0,1.0878515511742535,-0.7911949685534592,-0.9129828753484668,-0.7272727807188782,4.636615850564855,0.0,Biotechnology,Healthcare,VALN
2013Q2,2013,Q2,2013-06-30,2013-06-30,-5565000.0,7005000.0,-5022000.0,-0.4,3449000.0,0.4923625981,245274000.0,121209000.0,53976000.0,58956000.0,124065000.0,8351000.0,-47405000.0,281274343.77,345078343.77,8.712237196765498,0.9155302259312029,0.32369920986325496,0.6550256169096355,-0.02510205665377048,8.712237196765498,-0.045912432245130315,40.15336813276231,-12.6358645,2.3205730908595896,0.0,0.4258172673931266,0.0,0.02855989627926319,0.39195332112083586,-0.02268891117688789,-61.360022637434554,0.4923625981441827,-0.6666666666666669,0.0,0.0,0.0,3.679782903663501,-1.184065934065934,-1.0717821782178218,0.0,0.0,0.0,Biotechnology,Healthcare,VALN
2013Q1,2013,Q1,2013-03-31,2013-03-31,-2548000.0,737000.0,-2424000.0,-0.24,737000.0,1.0,,,,,,,,217889447.79490402,,,0.0,0.0,0.0,0.0,,0.0,295.6437554883365,-21.37847800185479,0.0,0.0,0.0,0.0,0.0,0.0,0.0,-58.54095856929178,1.0,0.3142857142857143,0.0,0.0,0.0,-0.17653631284916202,0.31339261654540557,0.32195804195804195,0.0,0.0,0.0,Biotechnology,Healthcare,VALN
2012Q4,2012,Q4,2012-12-31,2012-12-31,-3711000.0,895000.0,-3575000.0,-0.35,895000.0,1.0,53666000.0,26194000.0,15220000.0,9808000.0,27473000.0,921000.0,-39439000.0,211494134.44561997,217376134.44561997,2.466284894979518,1.551794453507341,0.12510714418812657,0.25631824081850807,-0.10979001371222286,2.466284894979518,-0.1416736657249752,236.30629546996644,-14.247785936783885,8.07414424851569,0.0,0.0,0.0,0.016677225804047256,1.4009991843393148,-0.0691499273282898,-66.27832480276402,1.0,-0.5909090909090908,0.0,0.0,0.0,-0.13275193798449614,-0.5284184514003295,-0.48278722521775197,0.0,0.0,0.0,Biotechnology,Healthcare,VALN
2012Q3,2012,Q3,2012-09-30,2012-09-30,-2428000.0,1032000.0,-2411000.0,-0.22,1032000.0,1.0,,,,,,,,226006127.41029602,,,0.0,0.0,0.0,0.0,,0.0,218.99818547509304,-23.27081213038468,0.0,0.0,0.0,0.0,0.0,0.0,0.0,-78.0138513670335,1.0,0.0,0.0,0.0,0.0,0.0,0.0,0.0,0.0,0.0,0.0,Biotechnology,Healthcare,VALN
2012Q2,2012,Q2,2012-06-30,2012-06-30,,,,,,,60444000.0,33219000.0,22017000.0,11350000.0,27225000.0,902000.0,-32105000.0,0.0,6092000.0,0.0,1.9398237885462555,0.10280590298458077,0.18706162136126916,,0.0,,0.0,0.0,0.0,0.0,,,,1.5836123348017621,,0.0,0.0,0.0,0.0,0.0,0.0,0.0,0.0,0.0,0.0,0.0,0.0,Biotechnology,Healthcare,VALN
2011Q4,2011,Q4,2011-12-31,2011-12-31,,,,,,,73083000.0,40445000.0,33455000.0,13339000.0,32638000.0,951000.0,-24839000.0,0.0,-3111000.0,0.0,2.5080590748931706,0.0929901618707497,0.16803065891952035,,0.0,,0.0,0.0,0.0,0.0,,,,2.2906514731239223,,0.0,0.0,0.0,0.0,0.0,0.0,0.0,0.0,0.0,0.0,0.0,0.0,Biotechnology,Healthcare,VALN
2011Q2,2011,Q2,2011-06-30,2011-06-30,,,,,,,79352000.0,41729000.0,40018000.0,16160000.0,37623000.0,737000.0,-23555000.0,0.0,-22809000.0,0.0,2.476361386138614,0.09591440669422321,0.18239114285029595,,0.0,,0.0,0.0,0.0,0.0,,,,2.2382425742574257,,0.0,0.0,0.0,0.0,0.0,0.0,0.0,0.0,0.0,0.0,0.0,0.0,Biotechnology,Healthcare,VALN
2010Q4,2010,Q4,2010-12-31,2010-12-31,,,,,,,79499000.0,44288000.0,46887000.0,12924000.0,35211000.0,0.0,-20515000.0,0.0,-27950000.0,0.0,3.6279015784586814,0.08551050956615806,0.15349530346820808,,0.0,,0.0,0.0,0.0,0.0,0.0,,,3.28868771278242,,0.0,0.0,0.0,0.0,0.0,0.0,0.0,0.0,0.0,0.0,0.0,0.0,Biotechnology,Healthcare,VALN
2010Q2,2010,Q2,2010-06-30,2010-06-30,,,,,,,54807000.0,16768000.0,25389000.0,12958000.0,38039000.0,609000.0,-19190000.0,0.0,-1211000.0,0.0,1.9593301435406698,0.12668089842538363,0.4140625,,0.0,,0.0,0.0,0.0,0.0,,,,0.629263775273962,,0.0,0.0,0.0,0.0,0.0,0.0,0.0,0.0,0.0,0.0,0.0,0.0,Biotechnology,Healthcare,VALN
2009Q4,2009,Q4,2009-12-31,2009-12-31,,,,,,,45954000.0,22529000.0,29775000.0,6999000.0,23425000.0,0.0,-13141000.0,0.0,-17178000.0,0.0,4.254179168452636,0.13894329111720416,0.2834124905677127,,0.0,,0.0,0.0,0.0,0.0,0.0,,,3.366623803400486,,0.0,0.0,0.0,0.0,0.0,0.0,0.0,0.0,0.0,0.0,0.0,0.0,Biotechnology,Healthcare,VALN
