Quarters,Year,Quarter,FillingDate,Date,NetIncome,Revenue,OperatingIncome,EPSDiluted,GrossProfit,GrossProfitRatio,TotalAssets,CommonStockEquity,CurrentAssets,CurrentLiability,TotalLiability,Inventory,RetainedEarnings,MarketCap,EnterpriseValue,bookValuePerShare,currentRatio,debtToAssets,debtToEquity,roic,shareholdersEquityPerShare,roe,priceToSalesRatio,peRatio,pbRatio,payoutRatio,inventoryTurnover,dividendYield,assetTurnover,quickRatio,returnOnAssets,priceToFreeCashFlowsRatio,grossProfitMargin,epsdilutedGrowth,fiveYNetIncomeGrowthPerShare,fiveYRevenueGrowthPerShare,fiveYShareholdersEquityGrowthPerShare,grossProfitGrowth,netIncomeGrowth,operatingIncomeGrowth,threeYNetIncomeGrowthPerShare,threeYRevenueGrowthPerShare,threeYShareholdersEquityGrowthPerShare,Industry,Sector,Symbol
2023Q1,2023,Q1,2023-05-05,2023-03-31,6964000.0,36473000.0,9016000.0,0.28,22193000.0,0.6084775039,134306000.0,74665000.0,45172000.0,36112000.0,59641000.0,0.0,-21173000.0,1069693350.0,1067045350.0,3.0370144396990035,1.250886132033673,0.15692523044391166,0.2822741579053104,0.07277826809850858,3.0370144396990035,0.09326993906113976,29.328362076056262,38.40082387995405,14.326570012723497,0.424468696151637,0.0,0.002763408784396014,0.271566422944619,1.0507310589277803,0.051851741545426114,234.8909420289855,0.6084775039069997,0.03703703703703707,-0.05355702359691,0.16758109563133355,-0.22259385630329706,-0.08130148611168606,0.0486372534256889,-0.2634588677395638,-0.39824564417566405,0.09412677619181306,1.0334162154640725,Health Information Services,Healthcare,NRC
2022Q4,2022,Q4,2023-03-03,2022-12-31,6641000.0,38144000.0,12241000.0,0.27,24157000.0,0.6333106124,130461000.0,72033000.0,43716000.0,33417000.0,58428000.0,0.0,-25184000.0,919370399.9999999,916525399.9999999,2.9224683544303796,1.3081964269683095,0.17002015928131778,0.3079283106354032,0.09110434681513911,2.9224683544303796,0.09219385559396388,24.102621644295297,34.60963710284595,12.763183540877097,0.8923354916428249,0.0,0.006445715459188158,0.29237856524171973,1.1816440733758267,0.050904101608909944,149.78338220918863,0.6333106124161074,-0.1818181818181818,0.005342560990836387,0.2586715203866682,-0.21074107379212204,0.04273319808348081,-0.19968667148710534,0.10189936087856692,-0.2301719407230349,0.17891365286365385,1.2081108945732637,Health Information Services,Healthcare,NRC
2022Q3,2022,Q3,2022-11-04,2022-09-30,8298000.0,37691000.0,11109000.0,0.33,23167000.0,0.6146560187,134983000.0,67766000.0,49105000.0,41084000.0,67217000.0,3593000.0,-28870000.0,983696799.9999999,978575799.9999999,2.741786696876517,1.1952341544153442,0.17239948734285057,0.3434022961367057,0.09335139654136759,2.741786696876517,0.12245078653011834,26.098983842296565,29.63656302723548,14.516081810937637,0.7163171848638226,4.042304480935152,0.006042512286306106,0.2792277546061356,1.0747736345049168,0.061474407888400764,162.13891544420633,0.6146560186781991,0.0,0.964605381618694,0.280082383173462,-0.2500236334756075,-0.015594459080479307,-0.002883922134102379,-0.033663883089770356,0.02663708179158372,0.1661873081190154,1.3492782855341947,Health Information Services,Healthcare,NRC
2022Q2,2022,Q2,2022-08-05,2022-06-30,8322000.0,37292000.0,11496000.0,0.33,23534000.0,0.6310736887,136233000.0,68624000.0,51780000.0,39587000.0,67609000.0,4107000.0,-31242000.0,960177240.0,951637240.0,2.7358768887294183,1.3080051532068608,0.17935448826642592,0.3560561902541385,0.09291986818194553,2.7358768887294183,0.12126952669619959,25.747539418642067,28.84454578226388,13.991857659128003,0.7266282143715453,3.349890430971512,0.006297795602820162,0.2737369066232117,1.1739965140071236,0.061086520887009756,113.2685195234163,0.6310736887268047,-0.029411764705882377,0.3996761073125956,0.2687649074704475,-0.2441217285448245,-0.005409517369622179,-0.025412811804660967,-0.017183893305975893,0.11246545683129797,0.17319976001442566,1.611763091412699,Health Information Services,Healthcare,NRC
2022Q1,2022,Q1,2022-05-06,2022-03-31,8539000.0,38441000.0,11697000.0,0.34,23662000.0,0.6155406987,153154000.0,81486000.0,68921000.0,41569000.0,71668000.0,4477000.0,-33620000.0,1001202150.0,979406150.0,3.227040513247,1.657990329331954,0.1664599031040652,0.3128635593844341,0.08166175448572849,3.227040513247,0.10479100704415482,26.04516401758539,29.312628820705,12.286799572932773,0.3564820236561658,3.301094482912665,0.0030403450491991056,0.25099572978831763,1.5226009766893598,0.0557543387701268,174.18269832985385,0.6155406987331234,-0.1052631578947368,0.25755206410357395,0.2193526917087624,-0.08549838210816908,-0.019435580788197755,-0.1135679435274577,-0.0925523661753297,0.021838709101953617,0.19767018926672522,2.5147053674776907,Health Information Services,Healthcare,NRC
2021Q4,2021,Q4,2022-03-04,2021-12-31,9633000.0,38298000.0,12890000.0,0.38,24131000.0,0.6300851219,157540000.0,85337000.0,73707000.0,40388000.0,72203000.0,0.0,-36112000.0,1055396880.0000001,1027582880.0000001,3.3572131083048116,1.8249727641873823,0.16850958486733528,0.3110842893469421,0.08884833317520344,3.3572131083048116,0.11288186835721903,27.557493341688865,27.390140143257554,12.367400775747917,0.6339665732378283,0.0,0.005786448790714636,0.2431001650374508,1.7044914330989402,0.06114637552367653,101.90179395577871,0.6300851219384824,0.0,0.6037814027295539,0.2867864539555626,-0.01772143095900082,0.002950955943474647,-0.0024852438645542093,-0.018876541330491704,0.199135772493012,0.21383200637699906,3.3425796973953763,Health Information Services,Healthcare,NRC
2021Q3,2021,Q3,2021-11-05,2021-09-30,9657000.0,37767000.0,13138000.0,0.38,24060000.0,0.6370641035824927,156186000.0,83128000.0,72726000.0,39170000.0,73058000.0,0.0,-42701000.0,1072256590.0,1047357590.0,3.2692806858850827,1.8566760275721215,0.17660353680867683,0.3318135886825137,0.09077865200572051,3.2692806858850827,0.11617024347993456,28.391362565202424,27.758532411722065,12.89886187566163,0.31604017810914364,0.0,0.00284633363736193,0.24180784449310438,1.7574419198366096,0.06183012561945373,139.03742090248963,0.6370641035824927,0.0857142857142858,0.945706965544466,0.3311862582125412,-0.02487087501461503,0.007158106241366319,0.07971824686940966,0.0734537135386878,0.3400852962296427,0.22094109109922014,1.6761479744341508,Health Information Services,Healthcare,NRC
2021Q2,2021,Q2,2021-08-06,2021-06-30,8944000.0,36425000.0,12239000.0,0.35,23889000.0,0.655840768702814,151849000.0,76365000.0,67589000.0,39979000.0,75484000.0,0.0,-49304000.0,1167053400.0,1146756400.0,3.00342169432864,1.6906125716000902,0.18835817160468624,0.3745433117265763,0.08767928631101365,3.00342169432864,0.11712171806455837,32.03990116678106,32.62112589445439,15.282569239835004,0.0,0.0,0.0,0.23987645621637285,1.5810550539032993,0.05890061837746709,121.68213950578668,0.655840768702814,-0.027777777777777804,0.8691133277628456,0.32863082839420343,-0.0868478995839046,0.015516068695800035,-0.03119584055459272,0.01821963394342762,0.2163983694691969,0.4053348867271566,2.0781236471987294,Health Information Services,Healthcare,NRC
2021Q1,2021,Q1,2021-05-07,2021-03-31,9232000.0,35464000.0,12020000.0,0.36,23524000.0,0.6633205504173246,146878000.0,73250000.0,62235000.0,36938000.0,73628000.0,0.0,-52143000.0,1190137620.0,1176290620.0,2.8822696151727394,1.6848502896745898,0.20157545718215117,0.4041911262798635,0.09290934173260375,2.8822696151727394,0.12603412969283276,33.5590350778254,32.228596728769496,16.247612559726964,0.0,0.0,0.0,0.24145208948923597,1.5673290378472033,0.06285488636827843,90.36732118451025,0.6633205504173246,0.12499999999999993,0.6993299485553071,0.21164429992323172,-0.08431085181088196,0.07141555838950628,0.12420847540185095,0.17993521154412487,0.21374840740270226,0.09824813231392815,-0.2622049874587712,Health Information Services,Healthcare,NRC
2020Q4,2020,Q4,2021-03-05,2020-12-31,8212000.0,34774000.0,10187000.0,0.32,21956000.0,0.6313912693391615,133423000.0,64315000.0,54112000.0,31681000.0,69108000.0,0.0,-61375000.0,1083156750.0,1079074750.0,2.5383826025180567,1.7080268930904958,0.22940572465017275,0.4759076420741662,0.08925461243598376,2.5383826025180567,0.12768405504159216,31.148465807787428,32.97481581831467,16.841432791728213,0.0,0.0,0.0,0.26062972650892274,1.573435181970266,0.0615486085607429,73.84488341968913,0.6313912693391615,-0.13513513513513511,0.31973924182965197,0.25636972853394885,-0.17462038574585995,0.03137918075911311,-0.1426185007308415,-0.15256634223442309,0.209361177901601,0.11626501992422349,-0.3144695222683934,Health Information Services,Healthcare,NRC
2020Q3,2020,Q3,2020-11-06,2020-09-30,9578000.0,33477000.0,12021000.0,0.37,21288000.0,0.6358992741285061,127246000.0,56729000.0,47366000.0,32073000.0,70517000.0,0.0,-69587000.0,1241026990.0,1250762990.0,2.2494547761608312,1.476818507779129,0.2482671360985807,0.5568756720548573,0.1117466203814131,2.2494547761608312,0.16883780782315924,37.07103354541924,32.39264434119858,21.87641224065293,0.0,0.0,0.0,0.2630888200807884,1.3365447572724722,0.07527152130518837,130.52450462768195,0.6358992741285061,0.23333333333333336,1.2209495268416537,0.2727632983079631,-0.37122296567505764,0.08990374769608847,0.24147764095917046,0.2960646900269542,1.2224247066919405,0.11428713867919389,-0.3846939582835023,Health Information Services,Healthcare,NRC
2020Q2,2020,Q2,2020-08-07,2020-06-30,7715000.0,31166000.0,9275000.0,0.3,19532000.0,0.6267085926971699,116781000.0,45574000.0,36697000.0,32268000.0,71207000.0,0.0,-79165000.0,1463865080.0,1484501080.0,1.8122315889931604,1.137256724928722,0.2790950582714654,0.7151665423267652,0.10698056134160991,1.8122315889931604,0.16928511870803528,46.9699377526792,47.435679844458846,32.12061877386229,0.6841218405703176,0.0,0.003605523536363064,0.2668756047644737,0.995134498574439,0.06606382887627268,194.06934641389367,0.6267085926971699,-0.3478260869565218,0.8319464126700641,0.229374308150686,-0.509680180593277,-0.08360701886084264,-0.3436835389196087,-0.1714311238163302,0.29423098981429097,0.057602759555116546,-0.49930989709087975,Health Information Services,Healthcare,NRC
2020Q1,2020,Q1,2020-05-08,2020-03-31,11755000.0,33860000.0,11194000.0,0.46,21314000.0,0.6294743059657413,115855000.0,37297000.0,34939000.0,39879000.0,78558000.0,0.0,-86880000.0,1135726560.0,1158929560.0,1.4935527791126062,0.8761252789688808,0.28677225842648135,0.8907955063409926,0.1641077190814635,1.4935527791126062,0.31517280210204573,33.54183579444773,24.154116546150572,30.45088237659865,0.4456826882177797,0.0,0.004612906120642279,0.2922618790729792,0.7717094209985206,0.10146303569116569,230.2303993513075,0.6294743059657413,0.3529411764705882,2.2829165216766922,0.2526891938537208,-0.5873487250086751,-0.006664491774246167,0.3514601057714417,-0.06420331048319679,0.7505190846718731,0.08604263277711584,-0.5767464253087377,Health Information Services,Healthcare,NRC
2019Q4,2019,Q4,2020-03-06,2019-12-31,8698000.0,32623000.0,11962000.0,0.34,21457000.0,0.657726144131441,110685000.0,32892000.0,29157000.0,38155000.0,77793000.0,0.0,-93357000.0,1638740880.0,1659396880.0,1.3235152100434573,0.7641724544620626,0.30874102181867463,1.038945640277271,0.13650791470370607,1.3235152100434573,0.26444120150796546,50.23268491555038,47.10108300758795,49.821867931411894,0.5443780179351575,0.0,0.0028894134867740655,0.29473731761304606,0.6611191193814703,0.07858336721326287,152.92468085106384,0.657726144131441,0.09677419354838718,1.070323217570977,0.26686920336902675,-0.634279148266357,0.05408724700334054,0.07131420125631235,0.17045009784735812,0.4811537155857875,0.12111818718080072,-0.6127560018726556,Health Information Services,Healthcare,NRC
2019Q3,2019,Q3,2019-11-08,2019-09-30,8119000.0,32465000.0,10220000.0,0.31,20356000.0,0.6270137070691514,107649000.0,28975000.0,26570000.0,38312000.0,78674000.0,0.0,-96817000.0,1433759250.0,1460511250.0,1.1670761670761671,0.6935163917310503,0.3261525885052346,1.2117342536669542,0.13199950847088734,1.1670761670761671,0.28020707506471093,44.16322963191129,44.14827103091514,49.48263157894737,0.5822145584431581,0.0,0.0032969272909660393,0.30158199333017494,0.6322301106702861,0.07542104431996581,122.34484597661917,0.6270137070691514,0.06896551724137938,0.7417997835000628,0.3387361000925153,-0.6721536628034287,0.02250351617440225,0.0982010009468416,0.006995763129372352,0.6753618525074037,0.1719595531828999,-0.6518959150538098,Health Information Services,Healthcare,NRC
2019Q2,2019,Q2,2019-08-08,2019-06-30,7393000.0,31414000.0,10149000.0,0.29,19908000.0,0.6337301839943974,104275000.0,25967000.0,22888000.0,37076000.0,78308000.0,0.0,-100201000.0,1382234640.0,1415243640.0,1.0475210778974544,0.617326572445787,0.355109086549988,1.42600223360419,0.12557224223857308,1.0475210778974544,0.28470751338236994,44.00059336601515,46.741330988773164,53.230432471983676,0.6391180846746922,0.0,0.0034183776496876104,0.30126108846799327,0.5387312547200345,0.07089906497242868,180.4483864229765,0.6337301839943974,-0.09375000000000008,0.7849318701581658,0.28013886642872526,-0.690573009410271,0.004135983052557248,-0.09797462176671547,-0.05184977578475336,0.5846873279633241,0.17529540807914248,-0.6815145624344265,Health Information Services,Healthcare,NRC
2019Q1,2019,Q1,2019-05-08,2019-03-31,8196000.0,31480000.0,10704000.0,0.32,19826000.0,0.6297966963151207,104571000.0,22739000.0,22873000.0,39238000.0,81832000.0,0.0,-102867000.0,955224620.0,991270620.0,0.9181539206977307,0.5829298129364392,0.36995916649931626,1.7013501033466731,0.1448501334972624,0.9181539206977307,0.36043801398478387,30.34385705209657,29.13691495851635,42.008207045164696,2.0878477306002927,0.0,0.017914111133358352,0.3010394851345019,0.48029970946531425,0.07837737039905901,154.91803762568927,0.6297966963151207,0.06666666666666674,0.4693434156394112,0.18227202853825145,-0.712497257155256,0.05755587560676375,0.05063453403409819,0.1393294305481639,0.5481071708047951,0.1036701734188227,-0.7083050186823633,Health Information Services,Healthcare,NRC
2018Q4,2018,Q4,2019-03-08,2018-12-31,7801000.0,30639000.0,9395000.0,0.3,18747000.0,0.6118672280426907,108032000.0,19083000.0,28410000.0,47109000.0,88949000.0,0.0,-106339000.0,941447760.0,966299760.0,0.7730918813806514,0.6030694771699675,0.35029435722748814,1.98307394015616,0.1344728048611776,0.7730918813806514,0.40879316669286797,30.727104670517967,30.170739648762982,49.33436880993555,0.5395462120240995,0.0,0.004470773821799735,0.28361041172985785,0.5362245006262073,0.07221008590047394,73.55635284006563,0.6118672280426907,0.111111111111111,1.02557506602059,0.3073648880228498,-0.7398713624966281,0.028190643339000714,0.11570366132723112,0.02498363517346716,0.28685353921312984,0.13625826256351836,-0.7486217096650502,Health Information Services,Healthcare,NRC
2018Q3,2018,Q3,2018-11-08,2018-09-30,6992000.0,30013000.0,9166000.0,0.27,18233000.0,0.6075034151867524,108717000.0,30139000.0,28770000.0,35437000.0,78578000.0,0.0,-97027000.0,942432200.0000001,973891200.0000001,1.221636739491711,0.8118633067133222,0.35626442966601357,1.2851123129499984,0.11068110531056685,1.221636739491711,0.23199177145890706,31.400799653483496,33.69680348970252,31.269524536315075,0.6014016018306636,0.0,0.004461859431373419,0.2760653807592189,0.7003414510257641,0.06431376877581244,172.60663003663007,0.6075034151867524,-0.03571428571428574,0.7925494471844277,0.3093695113650928,-0.5637683489839558,0.07120615710005287,-0.12028183190739809,0.1817947395564724,0.6573200491701034,0.1664110564944349,-0.6585229744467332,Health Information Services,Healthcare,NRC
2018Q2,2018,Q2,2018-08-09,2018-06-30,7948000.0,28017000.0,7756000.0,0.28,17021000.0,0.6075240032837206,102885000.0,26817000.0,23633000.0,32917000.0,76068000.0,0.0,-99810000.0,1027901600.0,1060807600.0,0.9757313345946733,0.717957286508491,0.384934635758371,1.4768244024312935,0.11854153799202352,0.9757313345946733,0.29637916247156654,36.68849627012171,32.33208354302969,38.33022336577544,0.5314544539506794,0.0,0.0041093427619920036,0.2723137483598192,0.5802472886350518,0.0772512999951402,118.31279926335175,0.6075240032837206,0.6470588235294118,1.0309578540618796,0.09978990012743573,-0.62786886065597,-0.06002871658935277,0.08787298111141527,-0.13418173699486494,0.7268642772258622,0.011225955925697672,-0.7360048160104405,Health Information Services,Healthcare,NRC
2018Q1,2018,Q1,2018-05-04,2018-03-31,7306000.0,31017000.0,8958000.0,0.17,18108000.0,0.5838088790018378,130976000.0,95364000.0,52278000.0,29484000.0,35612000.0,0.0,83392000.0,714021750.0,678596750.0,3.9065994838392526,1.7730972730972732,0.0,0.0,0.07649231387223177,3.9065994838392526,0.07661171930707604,23.02033562240062,24.43271797153025,7.487330124575312,0.5777443197372023,0.0,0.005911584626098574,0.23681437820669435,1.6908153574820242,0.055781211825067185,103.03344155844155,0.5838088790018378,0.13333333333333347,-0.5386762688218545,-0.6484966588542762,-0.5509955386649464,0.03261861313868613,0.1210679760626055,0.0342916522341531,1.0872988293858479,0.17388059327937513,0.07934803539016955,Health Information Services,Healthcare,NRC
2017Q4,2017,Q4,2018-03-14,2017-12-31,6517000.0,29898000.0,8661000.0,0.15,17536000.0,0.586527526924878,127316000.0,90041000.0,52259000.0,32310000.0,37275000.0,0.0,77574000.0,907024099.9999999,873429099.9999999,3.7028005099313237,1.617424945837202,0.008380721983097176,0.011850157150631379,0.0714913001310427,3.7028005099313237,0.0723781388478582,30.337283430329784,34.79454119993862,10.07345653646672,0.6472303206997084,0.0,0.00465037257554678,0.23483301391812497,1.5448467966573816,0.05118759621728612,168.2790538033395,0.586527526924878,0.6666666666666666,-0.5051049492552411,-0.6177763739403044,-0.55377410230675,0.05106689043394869,0.5692270647724537,0.21609098567818028,0.5853232186727588,0.186591875682886,0.02317778142299322,Health Information Services,Healthcare,NRC
2017Q3,2017,Q3,2017-11-09,2017-09-30,4153000.0,28951000.0,7122000.0,0.09,16684000.0,0.5762840661807882,128740000.0,88844000.0,53822000.0,34167000.0,39896000.0,0.0,75278000.0,916185400.0000001,882215400.0000001,3.655830795819274,1.5752626803640941,0.013150535963958366,0.019055873215974066,0.04550088483590773,3.655830795819274,0.04674485615235694,31.64607094746296,55.15202263424031,10.31229345819639,1.0156513363833373,0.0,0.004603871661783739,0.2248796022992077,1.4833611379401177,0.032258816218735435,94.91198591111572,0.5762840661807882,-0.30769230769230776,-0.6755597667934294,-0.6217092510655858,-0.6124998527461224,0.01139670223084384,-0.277990264255911,-0.15735920492191197,-0.08979367381943579,0.21962232225883307,0.026968735744523065,Health Information Services,Healthcare,NRC
2017Q2,2017,Q2,2017-08-04,2017-06-30,5752000.0,28435000.0,8452000.0,0.13,16496000.0,0.5801301213293476,124576000.0,87830000.0,50983000.0,30851000.0,36746000.0,0.0,75343000.0,652755400.0,623336400.0,3.619467567790324,1.652555832874137,0.016913370151554072,0.023989525219173403,0.06374014117879157,3.619467567790324,0.06549015142889673,22.95605415860735,28.370801460361612,7.432032335192986,0.7333101529902643,0.0,0.006461838538601137,0.22825423837657333,1.5423162944475057,0.04617261751862317,431.71653439153437,0.5801301213293476,-0.13333333333333328,-0.593741172011057,-0.6165737710997923,-0.5998390915914306,-0.07200720072007201,-0.11792669835914737,-0.15344551282051283,0.41866753170544596,0.18371701647517485,0.06915362437043297,Health Information Services,Healthcare,NRC
2017Q1,2017,Q1,2017-05-05,2017-03-31,6521000.0,30276000.0,9984000.0,0.15,17776000.0,0.587131721495574,126059000.0,85572000.0,52383000.0,34351000.0,40487000.0,0.0,73810000.0,477725000.0,445785000.0,3.528742268041237,1.5249337719425926,0.021608929152222373,0.031832842518580845,0.07379903873722535,3.528742268041237,0.07620483335670547,15.77899986788215,18.314867351633186,5.582725657925489,0.6460665542094771,0.0,0.008818881155476478,0.24017325220729976,1.4594917178539197,0.05172974559531648,71.11119380768086,0.587131721495574,0.15384615384615377,-0.5305825960953844,-0.6256242751827831,-0.594062025117382,0.07524800387127994,0.13903930131004366,0.13017885442608104,0.19393226087597668,0.1612488936239312,0.10495970009372074,Health Information Services,Healthcare,NRC
2016Q4,2016,Q4,2017-03-03,2016-12-31,5725000.0,28368000.0,8834000.0,0.13,16532000.0,0.5827693175408911,120624000.0,82806000.0,47065000.0,31514000.0,37818000.0,0.0,71507000.0,460332000.0,430851000.0,3.4177810797424466,1.4934632226946754,0.029347393553521686,0.042750525324251866,0.06498224414543512,3.4177810797424466,0.06913750211337343,16.227157360406093,20.10183406113537,5.559162379537715,0.5889956331877729,0.0,0.0073251479367065515,0.23517707918822126,1.4420574982547438,0.04746153335986205,58.144751799924215,0.5827693175408911,0.18181818181818185,-0.4930783804390433,-0.5883674991307982,-0.5866351464378892,0.06219480853251092,0.21061535208289278,0.20370622700640414,0.5145078483895954,0.23324374469240294,0.15000914764548298,Health Information Services,Healthcare,NRC
2016Q3,2016,Q3,2016-11-04,2016-09-30,4729000.0,27032000.0,7339000.0,0.11,15564000.0,0.5757620597810003,119301000.0,81225000.0,45917000.0,31131000.0,38076000.0,0.0,69995000.0,394657830.0,369724830.0,3.3526643827135016,1.4749606501557933,0.033067618879975856,0.048568790397045244,0.05569852104406591,3.3526643827135016,0.05822099107417667,14.599653373779224,20.863704271516177,4.858822160664819,0.7128356946500317,0.0,0.008541576382761746,0.22658653322268882,1.4232115897337059,0.039639231858911494,66.38483263246425,0.5757620597810003,0.0,-0.5074762506726885,-0.5982374223898517,-0.5815278375603911,0.011963589076723017,0.03751645458534445,0.0457395269307495,0.23459965939127345,0.20093114693413675,0.19719575524743882,Health Information Services,Healthcare,NRC
2016Q2,2016,Q2,2016-08-05,2016-06-30,4558000.0,26114000.0,7018000.0,0.11,15380000.0,0.5889561154936049,116499000.0,79658000.0,42741000.0,29270000.0,36841000.0,0.0,68638000.0,331800300.0,309156300.0,3.2890705644328833,1.460232319781346,0.039038961707825816,0.05709407717994426,0.05393879717376201,3.2890705644328833,0.057219613849205354,12.70583977942866,18.198787845546292,4.165310452183083,0.7391399736726635,0.0,0.010153697871882576,0.22415643052730067,1.3949436282883498,0.039124799354500896,54.7706008583691,0.5889561154936049,-0.0833333333333333,-0.4614217896587017,-0.6076382061155017,-0.5827943188195576,-0.0582328087685996,-0.11888652619369805,-0.12340744441668748,0.321725004817355,0.16328259264257475,0.25440839412394783,Health Information Services,Healthcare,NRC
2016Q1,2016,Q1,2016-05-06,2016-03-31,5173000.0,27870000.0,8006000.0,0.12,16331000.0,0.5859705776820955,118370000.0,76170000.0,44814000.0,32518000.0,42200000.0,0.0,67118000.0,376294450.0,356074450.0,3.147650729368982,1.37812903622609,0.04347385317225649,0.0675594065905212,0.06356442456562876,3.147650729368982,0.06791387685440461,13.501774309293147,18.18550405953992,4.9401923329394775,3.5646626715638896,0.0,0.049004177446677726,0.23544817098927093,1.316317116673842,0.04370195150798344,127.5574406779661,0.5859705776820955,-0.14285714285714296,-0.5884201338668723,-0.6127828297130277,-0.590416380764604,0.08873333333333333,-0.12721444238231822,0.03893070334804049,-0.6704989843258078,-0.6813933858807775,-0.638225206843507,Health Information Services,Healthcare,NRC
2015Q4,2015,Q4,2016-03-04,2015-12-31,5927000.0,26364000.0,7706000.0,0.14,15000000.0,0.5689576695493855,129099000.0,74222000.0,56111000.0,44171000.0,54877000.0,0.0,65313000.0,387109360.0,350703360.0,3.0754122814286897,1.2703131013560933,0.04445425603606534,0.077322087790682,0.06509280340871743,3.0754122814286897,0.07985502950607637,14.683255955090274,16.328216635734773,5.215560884912829,0.42331702378943814,0.0,0.006481372602305457,0.20421536960007436,1.2122206877815762,0.04591050279243061,60.69447475697711,0.5689576695493855,0.4000000000000001,0.04217909402096805,-0.5423512766432457,-0.5787956257075064,0.05351875263379688,0.43198840299589275,0.17684789248625535,-0.5464961239793097,-0.6604002357992932,-0.6293808963305949,Health Information Services,Healthcare,NRC
2015Q3,2015,Q3,2015-11-05,2015-09-30,4139000.0,25244000.0,6548000.0,0.1,14238000.0,0.5640152115354143,129476000.0,86590000.0,56067000.0,31584000.0,42886000.0,0.0,77826000.0,288995760.0,257743760.0,3.577507849942158,1.775170972644377,0.04887392258024653,0.07308003233629749,0.044939183544848514,3.577507849942158,0.04779997690264465,11.448096973538266,17.455651123459774,3.337518882088001,0.6078762986228557,0.0,0.008706010081255171,0.1949704964626649,1.6559017223910841,0.0319673144057586,58.17144927536232,0.5640152115354143,0.0,-0.47053978314732486,-0.567851776291212,-0.5024111391968376,0.015259555048488306,0.018454724409448817,0.028912633563796353,-0.6753442699129896,-0.6688115403867154,-0.6208017011509904,Health Information Services,Healthcare,NRC
2015Q2,2015,Q2,2015-08-06,2015-06-30,4064000.0,24464000.0,6364000.0,0.1,14024000.0,0.5732504905166775,131048000.0,89695000.0,55771000.0,29282000.0,41353000.0,0.0,76197000.0,344848280.0,311205280.0,3.6960194494807976,1.9046171709582678,0.05274403272083512,0.07706115168069569,0.04227728139088588,3.6960194494807976,0.045309103071520154,14.096152714192282,21.213599901574806,3.8446767378337703,0.6195866141732284,0.0,0.007301761806670457,0.18667968988462244,1.8120005464107642,0.031011537757157683,50.86257817109144,0.5732504905166775,0.25000000000000006,-0.3307519843673358,-0.5270118563002177,-0.47120011585887656,-0.03088936493677009,0.167816091954023,0.09178246697546749,-0.7129868202298669,-0.6701471349432436,-0.5913756726095203,Health Information Services,Healthcare,NRC
2015Q1,2015,Q1,2015-05-08,2015-03-31,3480000.0,26270000.0,5829000.0,0.08,14471000.0,0.55085649029311,128452000.0,87843000.0,53171000.0,27594000.0,40609000.0,0.0,74649000.0,349488000.0,319970000.0,3.619406674907293,1.9269043995071393,0.05832528882384081,0.08528852612046492,0.03675293108544406,3.619406674907293,0.03961613332877976,13.303692424819186,25.10689655172414,3.9785526450599367,0.721551724137931,0.0,0.007184796044499382,0.20451219132438575,1.8388055374356744,0.027091831968361724,425.6857490864799,0.55085649029311,-0.20000000000000004,-0.6956237216227922,-0.5862304210997986,-0.4787250494233814,0.013659288316054917,-0.1510124420590388,-0.09177313804923652,-0.7496969177295822,-0.6754278716354845,-0.5836322110585701,Health Information Services,Healthcare,NRC
2014Q4,2014,Q4,2015-03-04,2014-12-31,4099000.0,25124000.0,6418000.0,0.1,14276000.0,0.5682216207610253,129510000.0,87748000.0,53188000.0,27926000.0,41762000.0,0.0,73686000.0,339215530.0,307241530.0,3.618921928485998,1.9046050275728712,0.06229634777237279,0.09194511555818936,0.0429939556413023,3.618921928485998,0.046713315403200076,13.501653001114473,20.688919858502075,3.865792154806947,0.0,0.0,0.0,0.1939927418732144,1.8057365895581179,0.03165006563199753,65.37204278280979,0.5682216207610253,-0.09090909090909087,-0.4984342147778856,-0.5029500817178062,-0.4559860178590698,0.02609070653345792,-0.09951669595782074,-0.10350607626763514,-0.637337380969725,-0.6357250756969015,-0.5623080887515315,Health Information Services,Healthcare,NRC
2014Q3,2014,Q3,2014-11-07,2014-09-30,4552000.0,23682000.0,7159000.0,0.11,13913000.0,0.5874926104214171,127063000.0,86308000.0,53202000.0,26987000.0,40755000.0,0.0,72099000.0,315427450.0,285002450.0,3.559826768405857,1.9713936339719125,0.06798202466493,0.10008342216248783,0.04821308821712366,3.559826768405857,0.05274134495064189,13.319291022717676,17.32356381810193,3.6546722204198914,0.0,0.0,0.0,0.18637998473198333,1.8999147737799682,0.03582474835317913,36.818892261001515,0.5874926104214171,0.09999999999999995,-0.375076683959902,-0.5203905935885782,-0.44500786305443446,0.051784094345328095,0.12367316711922982,0.13311174422285532,-0.5262627146394596,-0.6482880450381066,-0.5556702861860826,Health Information Services,Healthcare,NRC
2014Q2,2014,Q2,2014-08-06,2014-06-30,4051000.0,24001000.0,6318000.0,0.1,13228000.0,0.5511437023457356,121868000.0,82078000.0,47475000.0,25287000.0,39790000.0,0.0,67547000.0,339187550.0,316851550.0,3.385357805733141,1.877446909479179,0.07551613220861916,0.11212505178001413,0.044662601905433384,3.385357805733141,0.049355491118204635,14.132225740594142,20.932334608738582,4.1325026194595385,0.0,0.0,0.0,0.1969425936258903,1.7923438921184798,0.03324088357895428,62.917371545167875,0.5511437023457356,-0.23076923076923075,-0.3109117238316668,-0.5166816347054951,-0.4559683500702343,-0.15750589134450035,-0.25710618008435726,-0.24785714285714286,-0.5218427776913451,-0.639772663145041,-0.5705806604900392,Health Information Services,Healthcare,NRC
2014Q1,2014,Q1,2014-05-08,2014-03-31,5453000.0,26030000.0,8400000.0,0.13,15701000.0,0.6031886285055705,116277000.0,77319000.0,42275000.0,23938000.0,38958000.0,0.0,63495000.0,401660490.0,384972490.0,3.193548387096774,1.7660205530954967,0.08398049485280838,0.1262949598416948,0.0629060955789903,3.193548387096774,0.07052600266428692,15.430675758739916,18.414656611039796,5.194848484848485,0.0,0.0,0.0,0.22386198474332844,1.6709415991310888,0.04689663476009873,88.1220908293111,0.6031886285055705,0.44444444444444453,-0.43621876375003427,-0.5739563171138873,-0.4729476672376962,0.18274952919020715,0.447571011414919,0.39395950879522074,-0.5663575068036109,-0.6385264717716853,-0.5844440126771367,Health Information Services,Healthcare,NRC
2013Q4,2013,Q4,2014-03-04,2013-12-31,3767000.0,22923000.0,6026000.0,0.09,13275000.0,0.5791126815861798,110996000.0,71755000.0,36474000.0,23690000.0,39241000.0,0.0,58042000.0,454390080.0,442622080.0,2.9719599072233267,1.539636977627691,0.09301236080579481,0.1438784753675702,0.04640244179348684,2.9719599072233267,0.05249808375722946,19.822452558565633,30.1559649588532,6.332521496759807,0.0,0.0,0.0,0.20652095571011567,1.4639932460953988,0.03393815993369131,135.63882985074628,0.5791126815861798,0.0,-0.4538456475069901,-0.4833373819628451,-0.4892409645953483,0.024700887688151294,-0.012063991607658012,-0.0004975949577044286,-0.33790068897837466,-0.6022478896062647,-0.592964325237444,Health Information Services,Healthcare,NRC
2013Q3,2013,Q3,2013-11-07,2013-09-30,3813000.0,22407000.0,6029000.0,0.09,12955000.0,0.5781675369304236,109914000.0,67538000.0,34908000.0,26127000.0,42376000.0,0.0,54275000.0,454123109.99999994,446065109.99999994,2.8004312310818094,1.3360891032265472,0.09895008825081428,0.16103526903372917,0.04921967196250307,2.8004312310818094,0.05645710562942344,20.267019681349577,29.774659716758453,6.7239644348366845,0.0,0.0,0.0,0.203859380970577,1.2541814980671335,0.03469075822916098,51.757819694552076,0.5781675369304236,0.12499999999999993,-0.4656033398741976,-0.5417146805492059,-0.5302697856514542,0.007700684505289359,0.11036691904484566,0.08944705457173835,-0.5104821046882907,-0.6150342116543963,-0.6104932694825184,Health Information Services,Healthcare,NRC
2013Q2,2013,Q2,2013-08-08,2013-06-30,3434000.0,22354000.0,5534000.0,0.08,12856000.0,0.5751096000715755,104899000.0,63235000.0,29665000.0,24742000.0,41664000.0,0.0,50462000.0,414330060.0,415134060.0,2.622009370983124,1.1989734055452268,0.11063975824364389,0.18353759784929233,0.0464132951306272,2.622009370983124,0.05430536886218076,18.534940502818287,30.163807513104253,6.5522267731477815,0.0,0.0,0.0,0.2131002202118228,1.1037507072993291,0.03273625106054395,178.74463330457291,0.5751096000715755,-0.8750000000000001,-0.40240718114555646,-0.4831202013186531,-0.5468563791244234,-0.12305593451568896,-0.23176733780760628,-0.2331993903283913,-0.43095791550328694,-0.5651006726840173,-0.6248617545052182,Health Information Services,Healthcare,NRC
2013Q1,2013,Q1,2013-05-08,2013-03-31,4470000.0,24906000.0,7217000.0,0.64,14660000.0,0.5886131855777724,103502000.0,59947000.0,27869000.0,35748000.0,43555000.0,0.0,47028000.0,178106500.0,181087500.0,8.700580551523947,0.7795960613181157,0.11700256999864737,0.20201177706974494,0.06267342705278842,8.700580551523947,0.07456586651542195,7.151148317674456,9.961213646532439,2.97106610839575,0.4791946308724832,0.0,0.012026512227234828,0.24063303124577304,0.7039274924471299,0.043187571254661744,66.33389199255122,0.5886131855777724,0.2075471698113207,1.2081858188041323,0.8317584873390198,0.5873643312815306,0.1392601802921977,0.2071293545773697,0.24991340491860062,0.3771766042190209,0.3818249271177222,0.253076845005184,Health Information Services,Healthcare,NRC
2012Q4,2012,Q4,2013-03-01,2012-12-31,3703000.0,21996000.0,5774000.0,0.53,12868000.0,0.5850154573558829,100046000.0,56742000.0,23815000.0,35298000.0,43304000.0,0.0,44700000.0,174544736.6,179021736.6,8.298040362679146,0.6746841180803445,0.12430282070247686,0.21916745973000598,0.05421570536421039,8.298040362679146,0.06526030101159634,7.935294444444444,11.78400868214961,3.076111814881393,3.257899000810154,0.0,0.06911695096052527,0.21985886492213583,0.6089580146183919,0.037012974031945305,34.35920011811024,0.5850154573558829,0.03921568627450984,2.3292868586331292,1.0267119072974449,0.3378456389689181,0.019893794087342473,0.03522504892367906,0.02248981760226669,0.6066919315678222,0.5430636795601419,0.2474018701906122,Health Information Services,Healthcare,NRC
2012Q3,2012,Q3,2012-11-07,2012-09-30,3577000.0,21386000.0,5647000.0,0.51,12617000.0,0.5899653979238755,109429000.0,64069000.0,32451000.0,37687000.0,45360000.0,0.0,53061000.0,174189150.0,172239150.0,9.434398468561332,0.861066150131345,0.11949300459658774,0.20409246281352916,0.04767584684245674,9.434398468561332,0.05583043281462174,8.14500841672122,12.174248672071569,2.718774290218358,0.49594632373497344,0.0,0.010184331228437593,0.1954326549634923,0.8015496059649216,0.03268786153579033,33.581868131868134,0.5899653979238755,-0.10526315789473675,0.4460714633883244,0.5463605333227155,0.5531923346104096,0.05150429202433536,-0.0919014978420919,0.0826303680981595,0.7532016606438368,0.5462771417814728,0.47086285583710874,Health Information Services,Healthcare,NRC
2012Q2,2012,Q2,2012-08-10,2012-06-30,3939000.0,20632000.0,5216000.0,0.57,11999000.0,0.5815723148507174,105594000.0,61063000.0,28224000.0,25272000.0,44531000.0,0.0,51258000.0,171677930.0,174059930.0,9.045030365871723,1.1168091168091168,0.1283216849442203,0.22190197009645776,0.053876972110152174,9.045030365871723,0.06450714835497764,8.320954342768514,10.89603516120843,2.8114886265004992,0.4475755267834476,0.0,0.010269229131548825,0.1953898895770593,1.0245330800886356,0.03730325586681062,33.86820477411718,0.5815723148507174,0.017857142857142672,1.4344525368470016,0.7513475443425853,0.5694875170656521,-0.10960225586227366,0.02338269680436477,-0.1423873725748109,1.4063161130999386,0.4921049481019483,0.45354880517404256,Health Information Services,Healthcare,NRC
2012Q1,2012,Q1,2012-05-11,2012-03-31,3849000.0,22407000.0,6082000.0,0.56,13476000.0,0.6014191993573437,103378000.0,58407000.0,25259000.0,24417000.0,44971000.0,0.0,49082000.0,169789801.9,175937801.9,8.692811430272362,1.0344841708645616,0.13561879703611987,0.2400397212662866,0.054505350517382034,8.692811430272362,0.06589963531768453,7.577533891194716,11.028176273057936,2.907011178454637,0.45778124188100805,0.0,0.010377537286001156,0.21674824430729941,0.9193594626694516,0.03723229313780495,117.25815048342542,0.6014191993573437,0.20135376756066417,1.4587134580690535,0.86938965502395,0.5650476748882022,0.12921065862242334,0.2289272030651341,0.21397205588822354,0.4339404556294428,0.32151398338798204,0.43463194767902924,Health Information Services,Healthcare,NRC
2011Q4,2011,Q4,2012-03-01,2011-12-31,3132000.0,19112000.0,5010000.0,0.4661407947611252,11934000.0,0.6244244453746337,100676000.0,55554000.0,22137000.0,24399000.0,45122000.0,0.0,46995000.0,173014250.0,179418250.0,8.268194671826164,0.9072912824296078,0.14388732170527235,0.26075530114843215,0.045960209012609964,8.268194671826164,0.05637757857220002,9.052650167434074,13.810205140485312,3.1143437016236457,0.4715836526181354,0.0,0.008536869072923184,0.1898367038817593,0.8271650477478585,0.031109698438555367,48.30101898380793,0.6244244453746337,0.19523280707980814,2.1703689939399977,0.8860450255440404,0.5392358052620899,0.07727026539086478,0.1832262939176426,0.19456366237482117,0.6317217916237181,0.5479121314893104,0.42096638815877285,Health Information Services,Healthcare,NRC
2011Q3,2011,Q3,2011-11-08,2011-09-30,2647000.0,18549000.0,4194000.0,0.39,11078000.0,0.59722896112998,100952000.0,53510000.0,21627000.0,26656000.0,47442000.0,0.0,45340000.0,172318200.0,180889200.0,8.011678394969307,0.8113370348139256,0.1465448926222363,0.2764716875350402,0.03947802002256212,8.011678394969307,0.049467389273033076,9.289891638363255,16.274858330185115,3.2202990095309287,0.5587457499055535,0.0,0.008582958735641388,0.18374078770108568,0.7307548019207684,0.026220381963705523,33.55105140186916,0.59722896112998,0.14705882352941171,0.1581926056308493,0.4279301260511775,0.5097954281605166,0.0019898697539797393,0.1365392872477458,0.0947533281127643,0.3395616667668462,0.369886457780475,0.3438385374336684,Health Information Services,Healthcare,NRC
2011Q2,2011,Q2,2011-08-12,2011-06-30,2329000.0,18316000.0,3831000.0,0.34,11056000.0,0.6036252456868312,100298000.0,52544000.0,20845000.0,27147000.0,47754000.0,0.0,44172000.0,169624250.0,181812250.0,7.8835708927231805,0.7678564850628062,0.16602524477058367,0.316915347137637,0.03497256716466912,7.8835708927231805,0.04432475639464068,9.260987661061368,18.20784134821812,3.2282325289281366,0.635036496350365,0.0,0.008719272155956475,0.18261580490139384,0.6643828047298044,0.02322080201001017,44.23057366362451,0.6036252456868312,-0.3333333333333333,0.8136552908457085,0.764126026099262,0.5387065953311774,-0.1516918591268319,-0.32609953703703703,-0.32789473684210524,0.4665527795464917,0.5324562219521571,0.36246265909355396,Health Information Services,Healthcare,NRC
2011Q1,2011,Q1,2011-05-06,2011-03-31,3456000.0,19791000.0,5700000.0,0.51,13033000.0,0.6585316558031429,98003000.0,51136000.0,20181000.0,25727000.0,46867000.0,0.0,43322000.0,168346200.0,180737200.0,7.6850015028554255,0.7844288101994014,0.16027060396110324,0.3071612953692115,0.05354442151671619,7.6850015028554255,0.06758448060075094,8.506199787782325,12.177821180555556,3.2921268773466834,0.4273726851851852,0.0,0.008773586810988308,0.2019427976694591,0.6761767792591441,0.035264226605308,54.02637997432606,0.6585316558031429,1.164247448979592,1.9104172382915805,1.1402741028443781,0.5481354974441832,0.35506342274901226,1.2040816326530612,1.4162780839338702,0.7678208531657461,0.5071913497604245,0.40207853938447446,Health Information Services,Healthcare,NRC
2010Q4,2010,Q4,2011-03-25,2010-12-31,1568000.0,15883000.0,2359000.0,0.23564773068830777,9618000.0,0.6055531070956368,95770000.0,48584000.0,17341000.0,26150000.0,47186000.0,0.0,41343000.0,166882320.0,179523320.0,7.3014727983168015,0.6631357552581262,0.1687376005012008,0.3326197925242878,0.02647421134318185,7.3014727983168015,0.03227399967067347,10.506977271296355,26.60751275510204,3.4349234315824138,0.8080357142857143,0.0,0.007592176331201532,0.1658452542549859,0.48531548757170173,0.016372559256552156,92.35324847814057,0.6055531070956368,-0.26360084159903824,0.04771350315287049,0.9020530849919747,0.527612467677173,-0.0351123595505618,-0.2679738562091503,-0.3246492985971944,0.4487380369045236,0.5039283421849382,0.177174744197616,Health Information Services,Healthcare,NRC
2010Q3,2010,Q3,2010-11-15,2010-09-30,2142000.0,16006000.0,3493000.0,0.32,9968000.0,0.6227664625765338,93416000.0,47682000.0,16393000.0,25263000.0,45734000.0,0.0,41042000.0,168121200.0,181530200.0,7.189686369119421,0.6488936389185765,0.17774257086580458,0.3482236483368986,0.034919364754818515,7.189686369119421,0.04492261230653077,10.503636136448831,19.62198879551821,3.5258839813766203,0.5905695611577965,0.0,0.0075243336354962964,0.17134109788473068,0.5135573764002692,0.022929690845251347,62.47536231884058,0.6227664625765338,0.28,0.1077564280454613,0.6579879730198646,0.465662078242498,0.2064875332849189,0.29036144578313255,0.31414597441685477,-0.11329431039204634,0.18509514777744687,0.18364364129641259,Health Information Services,Healthcare,NRC
2010Q2,2010,Q2,2010-08-13,2010-06-30,1660000.0,14139000.0,2658000.0,0.25,8262000.0,0.5843411839592616,78824000.0,46368000.0,19363000.0,20739000.0,32456000.0,0.0,40165000.0,165252940.0,164984940.0,6.9894482966536025,0.9336515743285597,0.08839947224195677,0.1502760524499655,0.03162313214614498,6.9894482966536025,0.03580055210489993,11.687738878279935,24.887490963855424,3.563943668046929,0.7614457831325301,0.0,0.007648880558494149,0.17937430224297168,0.7299291190510632,0.021059575763726784,62.26561416729465,0.5843411839592616,-0.4680851063829787,0.927192889111779,1.123117378530673,0.5310335546185762,-0.24299065420560748,-0.46930946291560105,-0.5028988217692164,0.04403740807419498,0.22135620714034057,0.2128043145288418,Health Information Services,Healthcare,NRC
2010Q1,2010,Q1,2010-05-12,2010-03-31,3128000.0,17370000.0,5347000.0,0.47,10914000.0,0.6283246977547495,77384000.0,46104000.0,17226000.0,19408000.0,31280000.0,0.0,39768000.0,165668000.0,166572000.0,6.943373493975904,0.8875721352019785,0.0925901995244495,0.15540950893631789,0.060299652145817645,6.943373493975904,0.06784660766961652,9.537593552101324,13.240728900255753,3.59335415582162,0.40441176470588236,0.0,0.007635753434580004,0.22446500568592992,0.7406224237427865,0.040421792618629174,28.02232746955345,0.6283246977547495,0.39445933869526356,3.5021500524219586,1.8352517175012468,0.4178747698285802,0.31573236889692585,0.39767649687220735,0.608604091456077,1.0219169517926716,0.46640016573107146,0.2500800954665234,Health Information Services,Healthcare,NRC
2009Q4,2009,Q4,2010-03-31,2009-12-31,2238000.0,13842000.0,3324000.0,0.33704819277108433,8295000.0,0.5992631122670135,72499000.0,44171000.0,11664000.0,16095000.0,28328000.0,0.0,37905000.0,160887200.0,166094200.0,6.652259036144578,0.7246971109040075,0.10647043407495276,0.174752665776188,0.04495550777052623,6.652259036144578,0.05066672703810192,11.623118046525068,17.972207327971404,3.642371691834009,0.47631814119749777,0.0,0.00662576015991328,0.1909267714037435,0.48002485243864557,0.030869391301948993,53.48643617021276,0.5992631122670135,0.12349397590361448,1.617589354573413,1.317896254634875,0.35819780076810404,0.027753686036426712,0.12236710130391174,0.007883565797453002,1.2923699273575628,0.38223321972710406,0.23840762109807437,Health Information Services,Healthcare,NRC
2009Q3,2009,Q3,2009-11-16,2009-09-30,1994000.0,13517000.0,3298000.0,0.3,8071000.0,0.597099948213361,74326000.0,42571000.0,13296000.0,19188000.0,31755000.0,0.0,36734000.0,158159710.0,165258710.0,6.4141931595600425,0.6929330831769857,0.11515485832683045,0.20105235958751264,0.04106560818727911,6.4141931595600425,0.0468393977120575,11.700799733668713,19.829452106318953,3.7151983744802797,0.534401705115346,0.0,0.006737474417473326,0.1818609907703899,0.513081092349385,0.026827758792347226,72.26431810248246,0.597099948213361,0.25,0.2493526415269159,0.5596123376924402,0.3608499377151476,0.10721659384452874,0.2390480333064065,0.22075083949754518,-0.1220058416239287,0.04714396646262761,0.20875040537361852,Health Information Services,Healthcare,NRC
2009Q2,2009,Q2,2009-08-14,2009-06-30,1609300.0,13593950.0,2701616.0,0.24,7289450.0,0.5362275129745218,72264120.0,41300207.0,11018973.0,19039550.0,30963913.0,0.0,35805325.0,142562760.0,150967653.0,6.222722163628145,0.578741251762778,0.12189321616315262,0.21327994796733102,0.03444607414397462,6.222722163628145,0.03896590639364108,10.487221153527857,22.14670353569875,3.45186550759903,0.6622021997141614,0.0,0.007475177949697382,0.18811479334419348,0.4095886720011765,0.02226969621992214,48.4935387420361,0.5362275129745218,-0.38461538461538464,1.361010361063386,1.3115959887288697,0.36476806512215537,-0.22973375941745303,-0.392727751621009,-0.3823273883230023,0.2584924255543909,0.31484020862942413,0.21454398829927918,Health Information Services,Healthcare,NRC
2009Q1,2009,Q1,2009-05-13,2009-03-31,2650047.0,16739741.0,4373864.0,0.39,9463546.0,0.5653340753599473,73334372.0,40193996.0,12707444.0,21051955.0,33140376.0,0.0,35261707.0,134261635.2,144649658.2,6.05926240826836,0.6036229889338068,0.15010670576138568,0.27387127669515615,0.05292481681979197,6.05926240826836,0.065931414234106,8.020532408476331,12.665967358314777,3.3403405623068676,0.402151735422051,0.0,0.007937643530204824,0.22826596237846014,0.4851953654660577,0.03613649272131218,51.23430007990713,0.5653340753599473,0.3651916028061006,1.467162270275773,1.4218737564423305,0.3515925096697806,0.4732554108227508,0.3984313572353555,0.47115633321549816,1.2385998438850794,0.8158993136336586,0.22063206091553178,Health Information Services,Healthcare,NRC
2008Q4,2008,Q4,2009-03-31,2008-12-31,1895014.0,12189801.0,2973079.0,0.28567418609839784,6423561.0,0.5269619249731804,72144610.0,38598312.0,10438646.0,21088887.0,33546298.0,0.0,33677381.0,127512732.648,139357768.648,5.818712350078692,0.49498325824402206,0.17955449478484947,0.3356076555886693,0.035916933585831964,5.818712350078692,0.04909577392918115,10.460608228797172,16.822135964167018,3.303583137210767,0.4903953216176767,0.0,0.007287946706979901,0.16896343330430366,0.3622750693291685,0.026266882584852838,45.113152885060686,0.5269619249731804,-0.01491659966069703,0.651520311178679,0.9778277019827432,0.30221809738058153,-0.06504372354609021,-0.03587485697220135,-0.05821579557902193,0.2701361536699415,0.46429333616326607,0.21738966607620058,Health Information Services,Healthcare,NRC
2008Q3,2008,Q3,2008-11-14,2008-09-30,1965527.0,13468639.0,3156858.0,0.29,6870440.0,0.5101064777220623,60763802.0,39607337.0,11953802.0,18817565.0,21156465.0,0.0,32711673.0,113671548.20349999,113233732.20349999,5.961786458564604,0.6352470152222139,0.003938068259784008,0.006041607897041904,0.04910845046805495,5.961786458564604,0.04962532573194709,8.439720464963088,14.45815145295638,2.8699619013391384,0.47661873889292794,0.0,0.008241349878712704,0.22165563306917496,0.5777101341220291,0.03234700488294001,29.919588602310725,0.5101064777220623,0.2608695652173912,0.6523188464825758,0.8417180852237713,0.3865056428669559,0.043956887189828285,0.24297779365777,0.2345514763076295,0.014726766906021043,0.3927320383424424,0.21534707945375767,Health Information Services,Healthcare,NRC
2008Q2,2008,Q2,2008-08-13,2008-06-30,1581305.0,11901081.0,2557089.0,0.23,6581153.0,0.5529878336262058,61169357.0,38400986.0,12281784.0,20615511.0,22768371.0,0.0,31682955.0,146004650.0,147952302.0,5.786265656607513,0.5957545267735541,0.05323256871900746,0.08479474980147646,0.038842626047035075,5.786265656607513,0.04117876035787206,12.268183873380915,23.0829362456958,3.8021068000701854,0.5917441606774152,0.0,0.006408891771597686,0.19455952430560944,0.5389810613959557,0.02585126078732526,33.67848451646387,0.5529878336262058,-0.20689655172413784,0.9040008451545212,1.1230081007316555,0.4039554174854144,-0.12570016424126396,-0.21053761454607178,-0.22553454277387092,0.8351188706545066,0.7863772623566913,0.2674772743429081,Health Information Services,Healthcare,NRC
2008Q1,2008,Q1,2008-05-15,2008-03-31,2003015.0,13453896.0,3301747.0,0.29,7527341.0,0.5594915405916621,62193888.0,37368282.0,13583056.0,22178828.0,24825606.0,0.0,31037377.0,154486816.0,159618292.0,5.481149084721896,0.6124334432820345,0.10639529401988826,0.17707897301781228,0.04598218138605655,5.481149084721896,0.05360200931902623,11.48268248840336,19.28178470955035,4.134169614755102,0.4838930312553825,0.0,0.006273965799126833,0.2163218353546252,0.5535676186316066,0.03220597818229341,110.18740304285835,0.5594915405916621,0.7828902042686116,1.3134663726320048,1.361434660457234,0.37089707215199264,0.3059469334538537,0.8062559291282062,0.8141536808108603,1.807850529642826,1.1388308147478237,0.11928056349537373,Health Information Services,Healthcare,NRC
2007Q4,2007,Q4,2008-03-28,2007-12-31,1108932.0,10820669.0,1819993.0,0.1626572400844872,5763895.0,0.53267455089884,61868793.0,42286433.0,12600301.0,14983988.0,19582360.0,0.0,30003606.0,144874000.0,144512211.0,6.202539456700305,0.8409177183003617,0.04838225953430189,0.07078752658092491,0.02482539895401292,6.202539456700305,0.026224297518781022,13.388636137007795,32.660704173024136,3.4260160936251114,0.749525669743501,0.0,0.005737213026491986,0.17489704381334867,0.7663646020004821,0.017923931375224987,43.91442637132931,0.53267455089884,-0.5481743330986466,-0.044304882084275916,0.8491228870808584,0.6047495416756126,-0.28148956757200133,-0.555612370843178,-0.5572056062851743,0.263231399014262,0.76476069965214,0.26637814364940415,Health Information Services,Healthcare,NRC
2007Q3,2007,Q3,2007-11-14,2007-09-30,2495416.0,13951875.0,4110244.0,0.36,8022006.0,0.574976911705416,64040686.0,41613714.0,15116854.0,15438635.0,22426972.0,0.0,29725847.0,155172839.7,157928647.7,6.074198448145046,0.9791574190334832,0.07518771738328975,0.115708802151137,0.05450183840729461,6.074198448145046,0.05996619287574284,11.122006160462302,15.545788728212049,3.7288870611260503,0.3329669281594732,0.0,0.00535461619189534,0.21785954947453248,0.9146714071548424,0.03896610351737956,61.09850065912881,0.574976911705416,0.5652173913043477,0.832368717774136,0.9973390896636515,0.6435066631517397,0.21925935900929702,0.5209959979178933,0.519083134373591,0.5147018534771801,0.5595282315129441,0.28871587964379497,Health Information Services,Healthcare,NRC
2007Q2,2007,Q2,2007-08-14,2007-06-30,1640646.0,11945359.0,2705740.0,0.23,6579409.0,0.5507920691207355,63291989.0,39450316.0,14385452.0,14800880.0,23841673.0,0.0,28061322.0,158950002.23999998,163590938.23999998,5.763047024918368,0.9719322094361957,0.10685500814328967,0.1714324924545598,0.035895655730686746,5.763047024918368,0.04158765166798664,13.306423209214556,24.22064269805918,4.029118606806597,0.5066632289963832,0.0,0.0052296633424696705,0.18873413821771345,0.8590266930074428,0.02592185876793981,57.31649966572887,0.5507920691207355,0.004836320901032346,0.9111611493647908,1.59588811580927,0.6551535776732584,-0.02621550839298546,0.0292518654118084,-0.008730675992674306,1.3337227524595545,0.9694228161262473,0.26395206640883256,Health Information Services,Healthcare,NRC
2007Q1,2007,Q1,2007-05-14,2007-03-31,1594018.0,12204981.0,2729571.0,0.228893,6756535.0,0.5535883259465951,62523685.0,38000609.0,13931497.0,14378847.0,24523076.0,0.0,27251931.0,167892937.62,174870674.62,5.5543428930325245,0.9688883260250283,0.1333192533357559,0.21935466876333481,0.03621903359820595,5.5543428930325245,0.04194716984667272,13.756099875944093,26.331719218352617,4.418164393628533,0.5209445564604666,0.0,0.004945979335232505,0.19520572084003046,0.8817948337582283,0.02549462655632022,41.994347062985916,0.5535883259465951,0.5567727139217279,4.618513056184887,2.1282058182118835,0.6658025712323337,0.18258416887420986,0.5846306480410051,0.45625739580254526,0.43886786739654854,0.7120775363967206,0.2389640429033308,Health Information Services,Healthcare,NRC
