Quarters,Year,Quarter,FillingDate,Date,NetIncome,Revenue,OperatingIncome,EPSDiluted,GrossProfit,GrossProfitRatio,TotalAssets,CommonStockEquity,CurrentAssets,CurrentLiability,TotalLiability,Inventory,RetainedEarnings,MarketCap,EnterpriseValue,bookValuePerShare,currentRatio,debtToAssets,debtToEquity,roic,shareholdersEquityPerShare,roe,priceToSalesRatio,peRatio,pbRatio,payoutRatio,inventoryTurnover,dividendYield,assetTurnover,quickRatio,returnOnAssets,priceToFreeCashFlowsRatio,grossProfitMargin,epsdilutedGrowth,fiveYNetIncomeGrowthPerShare,fiveYRevenueGrowthPerShare,fiveYShareholdersEquityGrowthPerShare,grossProfitGrowth,netIncomeGrowth,operatingIncomeGrowth,threeYNetIncomeGrowthPerShare,threeYRevenueGrowthPerShare,threeYShareholdersEquityGrowthPerShare,Industry,Sector,Symbol
2023Q1,2023,Q1,2023-02-21,2023-03-31,-17934000.0,161793000.0,-18452000.0,-0.53,121350000.0,0.7500324489,1968859000.0,1103459000.0,1314684000.0,404219000.0,864133000.0,3682000.0,0.0,502160430.0,-23320570.0,32.36804435188173,3.252405255566908,0.0,0.0,-0.06456225515129857,32.36804435188173,-0.016252529545728478,3.1037216072388794,-7.000117514218802,0.4550784668936499,,10.983976099945682,,0.08217602174660552,3.0167978249414302,-0.009108829022291591,0.0,0.7500324488698522,-1.5238095238095242,0.7653015529619853,-0.5942041328986944,0.8954363353823422,-0.026114731469294727,-1.5276955602536997,-0.7244859813084112,0.17741187422454305,-0.5725410652115938,2.1531226321024293,Electronic Gaming & Multimedia,Communication Services,SOHU
2022Q4,2022,Q4,2022-12-31,2022-12-31,-7095000.0,160400000.0,-10700000.0,-0.21,124604000.0,0.7768329177,1977776000.0,1109442000.0,1325720000.0,416888000.0,867066000.0,3641000.0,275790000.0,467387610.0,-194271390.0,32.54354521721275,3.180038763408877,0.018284173738583136,0.032594763854261875,0.208018636523267,32.54354521721275,-0.006395106729328798,2.913887842892768,-16.46890803382664,0.4212816983672874,0.0,9.831365009612744,0.0,0.08110119649545752,2.9719876801443075,-0.0035873627751575508,19.691085692618806,0.7768329177057357,0.6666666666666667,0.9699775983198268,-0.6409745411122821,0.6859793007070949,-0.05320426120389648,0.6712842846553002,0.40746483552995905,-1.322266673356074,-0.622718938525318,1.9822506403567814,Electronic Gaming & Multimedia,Communication Services,SOHU
2022Q3,2022,Q3,2022-09-30,2022-09-30,-21584000.0,185274000.0,-18058000.0,-0.63,131606000.0,0.7103317249,1950855000.0,1100059000.0,1291064000.0,410539000.0,849475000.0,-613426000.0,0.0,552599090.0,35839090.0,31.990548753889552,3.1448023208513685,0.0,0.0,-0.06596756446310402,31.990548753889552,-0.019620765795289163,2.982604628820018,-6.400563959414382,0.502335865621753,,-0.08748895547303179,,0.09497066670767433,2.9287960461734452,-0.011063866868629396,0.0,0.7103317249047357,-3.52,0.7608112153303225,-0.5941066891067645,0.5949387631399287,-0.07175906333756524,-3.4900784494693124,-2.7889835545868835,-2.6985326077623584,-0.5614671275739761,1.7874182331211597,Electronic Gaming & Multimedia,Communication Services,SOHU
2022Q2,2022,Q2,2022-06-30,2022-06-30,8668000.0,194780000.0,10094000.0,0.25,141780000.0,0.7278981415,2079315000.0,1180051000.0,1382744000.0,446859000.0,897942000.0,0.0,0.0,572244950.0,177823950.0,34.16971188649197,3.094363098874589,0.0,0.0,0.002852934676530728,34.16971188649197,0.007345445239231186,2.9379040455898964,16.504526707429626,0.4849323885154116,,0.0,,0.09367508049525926,2.841477960609499,0.004168680551046859,0.0,0.7278981414929664,2.4482758620689657,1.2029527251563086,-0.5248041381117758,0.5478054253923483,-0.017524894497224705,2.247658298988385,-0.20337779180806567,1.2951286933030541,-0.5337853927232402,1.8162650888769452,Electronic Gaming & Multimedia,Communication Services,SOHU
2022Q1,2022,Q1,2022-03-31,2022-03-31,2669000.0,193418000.0,12671000.0,0.0725,144309000.0,0.7460991221,2187723000.0,1242302000.0,1541127000.0,486745000.0,944100000.0,0.0,0.0,619009640.0,84765640.0,33.75637193630781,3.1661896886460057,0.0,0.0,0.0013842554608866655,33.75637193630781,0.002148430896835069,3.2003724575789225,57.98142000749344,0.49827629674587987,,0.0,,0.08841064430917442,2.9368046923954023,0.0012199899164565167,0.0,0.7460991221085939,-0.2041712403951702,1.0558993341798488,-0.45475824223387357,0.4093282106056254,0.021678336531041367,-0.2561315496098105,8.203524729960204,1.0603222578593652,-0.5219754657730871,1.4743174370531082,Electronic Gaming & Multimedia,Communication Services,SOHU
2021Q4,2021,Q4,2021-12-31,2021-12-31,3588000.0,192991000.0,-1759000.0,0.0911,141247000.0,0.7318838702,2245785000.0,1290869000.0,1590124000.0,503451000.0,953598000.0,101614000.0,293133000.0,640992440.0,-321834560.0,32.78563990551901,3.15844838921762,0.016084353577924867,0.027982700026106446,-0.0003866269370438871,32.78563990551901,0.002779522941522339,3.321359234368442,44.662238015607585,0.4965588607364496,,0.5092211703111776,,0.08593476223235973,2.941386550031681,0.0015976596156800406,0.0,0.7318838702322906,-0.7061290322580644,1.0951876552467683,-0.5388482565827322,0.27828952303780363,-0.11362195879588084,-0.7082452431289641,-1.070881689232753,-0.8994635598575111,-0.6028583460342337,1.175297475492022,Electronic Gaming & Multimedia,Communication Services,SOHU
2021Q3,2021,Q3,2021-09-30,2021-09-30,12298000.0,216090000.0,24816000.0,0.31,159353000.0,0.7374381045,2221465000.0,1286329000.0,1764039000.0,496568000.0,933817000.0,0.0,0.0,825555760.0,-581948240.0,32.47157570555864,3.552462099853394,0.0,0.0,0.007443274145444358,32.47157570555864,0.009560540110655984,3.820425563422648,16.78231744999187,0.6417920765216364,,0.0,,0.09727364599487276,3.333321921670345,0.005535986387361493,0.0,0.7374381044934981,-0.4363636363636364,1.2859950288883555,-0.48546948541660806,0.15981785392136022,0.02750051583617043,-0.43718822937165347,0.0014123723820669062,31.524034712755874,-0.538100428441321,1.2105117914374932,Electronic Gaming & Multimedia,Communication Services,SOHU
2021Q2,2021,Q2,2021-06-30,2021-06-30,21851000.0,204402000.0,24781000.0,0.55,155088000.0,0.7587401297,3063721000.0,455989000.0,2496592000.0,1335190000.0,1854343000.0,0.0,0.0,734867400.0,1091675400.0,11.54139563137513,1.8698402474554183,0.18296378815172792,1.2293059701001559,0.016290893705866977,11.54139563137513,0.047920015614411754,3.59520650482872,8.407709029335042,1.6115901918686637,,0.0,,0.06671691058030414,0.31935080400542243,0.007132176852918395,0.0,0.7587401297443274,-0.3125,1.45731308265187,-0.5235612306218855,-0.6144863782257621,-0.11488040544011141,-0.3070653897380605,-0.5120217395585137,2.41872269088231,-0.5856271820120437,-0.27121144504376626,Electronic Gaming & Multimedia,Communication Services,SOHU
2021Q1,2021,Q1,2021-03-31,2021-03-31,31534000.0,222093000.0,50783000.0,0.8,175217000.0,0.7889352659,2970269000.0,391279000.0,2408247000.0,1348109000.0,1861656000.0,0.0,0.0,621081480.0,937962480.0,9.903540965349666,1.7863889344259254,0.188720280890384,1.4326094679244221,0.030751324847461806,9.903540965349666,0.08059210946664656,2.7964928205751645,4.923903405847656,1.5873110491490727,,0.0,,0.0747720155985872,0.3103458251521205,0.010616546851480455,0.0,0.788935265857096,-0.27272727272727276,1.8196584615673148,-0.4672063833020857,-0.686845002620014,-0.12461093430722575,-0.2748804267844003,-0.24030996155399645,1.3560867525505436,-0.519352746086688,-0.42005976046619,Electronic Gaming & Multimedia,Communication Services,SOHU
2020Q4,2020,Q4,2020-12-31,2020-12-31,43488000.0,253235000.0,66847000.0,1.1,200159000.0,0.7904081189,2822121000.0,347369000.0,2254872000.0,1284730000.0,1790140000.0,0.0,-634592000.0,629757520.0,854373520.0,8.792371165333604,1.7551329851408468,0.15650392027840054,1.2714807596532793,0.05795592675665809,8.792371165333604,0.12519251861852956,2.4868502379212982,3.6202947939661514,1.8129352935926923,0.0,0.0,0.0,0.08973215535407589,0.3154927494493006,0.015409686544269363,0.0,0.7904081189409047,3.820512820512821,3.83564429961529,-0.46855131567235714,-0.7262014887282557,0.9184078362214384,3.841053112954857,7.293259273206552,1.1587878111400212,-0.5108981476417932,-0.5444947472703167,Electronic Gaming & Multimedia,Communication Services,SOHU
2020Q3,2020,Q3,2020-09-30,2020-09-30,-15307000.0,157894000.0,-10622000.0,-0.39,104336000.0,0.6607977504,2512059000.0,283941000.0,1961526000.0,1071342000.0,1552478000.0,0.0,0.0,780219960.0,780306960.0,7.227536527007076,1.8309055371674032,0.07643132585659812,0.6761968155356218,-0.08085679955184141,7.227536527007076,-0.053909086746894604,4.941416139941986,-12.742862089240216,2.7478242310902616,0.0,0.0,0.0,0.06285441544167554,0.29358132137076676,-0.006093407837952851,0.0,0.6607977503895018,0.8160377358490566,-1.1615533483533893,-0.7026000618149602,-0.7817871770351245,-0.38996211235324385,0.815775854806292,0.5313685696638136,0.8515242805548143,-0.6972253437578732,-0.6396598802472322,Electronic Gaming & Multimedia,Communication Services,SOHU
2020Q2,2020,Q2,2020-07-27,2020-06-30,-83089000.0,421064000.0,-22666000.0,-2.12,171032000.0,0.4061900329,2610574000.0,288946000.0,1940467000.0,1146944000.0,1618697000.0,0.0,0.0,361685910.00000006,184511910.00000006,7.357744900817397,1.6918585388650187,0.08436880165051824,0.762256615422951,1.9123884432113514,7.357744900817397,-0.2875589210440705,0.8589808437672184,-1.0882484745273142,1.2517422286517206,0.0,0.0,0.0,0.1612917312437801,1.4777591582500977,-0.03182786620873417,0.0,0.40619003286911254,-2.3125,-8.109797346813755,-0.16175314727329723,-0.7581139201192753,0.06024275636336586,-2.3084733614716892,0.06474107695481741,-0.7108306285491017,-0.09663366838213783,-0.6667119256384447,Electronic Gaming & Multimedia,Communication Services,SOHU
2020Q1,2020,Q1,2020-04-14,2020-03-31,-25114000.0,436000000.0,-24235000.0,-0.64,161314000.0,0.3699862385,2640266000.0,403122000.0,1982144000.0,1095163000.0,1381916000.0,0.0,0.0,244652100.00000003,-242469900.0,10.265393430099312,1.809907748892174,0.03201950106542295,0.20971318856326374,-0.10839612906813562,10.265393430099312,-0.062298758192309026,0.5611286697247707,-2.4354155052958513,0.6068934466489053,,0.0,,0.16513487656167977,1.6831667980017586,-0.009511920389839508,0.0,0.3699862385321101,-1.9846153846153847,-4.357155177000924,-0.06062269736403317,-0.6646940276939403,-0.36039047290519294,-1.9904559078719042,-1.5838914855683515,0.5070708847484809,0.15183223899272677,-0.5714199209173957,Electronic Gaming & Multimedia,Communication Services,SOHU
2019Q4,2019,Q4,2020-01-24,2019-12-31,25356000.0,489647000.0,41506000.0,0.65,252207000.0,0.5150792305,2689790000.0,428454000.0,2015668000.0,1098793000.0,1382873000.0,4186000.0,-544137000.0,438960340.0,290514340.0,10.912411175916256,1.8344383336988859,0.05504667650634436,0.34557735486189883,0.07370736198978123,10.912411175916256,0.05918021537901385,0.8964832624319152,4.327973063574696,1.0245215122276838,,56.72240802675585,,0.1820391182954803,1.7618641545768858,0.009426758222760885,0.0,0.5150792305477211,0.7567567567567568,1.7592958309749083,0.00617803659378163,-0.6503683296004849,0.09189027716445437,0.7479663587481042,2.564888774370867,1.6745652494379102,0.1732887951371246,-0.5745326027659375,Electronic Gaming & Multimedia,Communication Services,SOHU
2019Q3,2019,Q3,2019-10-18,2019-09-30,14506000.0,482283000.0,11643000.0,0.37,230982000.0,0.4789345675,2689955000.0,450509000.0,1973561000.0,1095399000.0,1401675000.0,0.0,0.0,398820640.0,259191640.0,11.47676669893514,1.8016823093685497,0.04199438280566032,0.25074526813004844,0.009510325008107307,11.47676669893514,0.032199134756464354,0.826943184810578,6.873373776368399,0.8852667538273375,,0.0,,0.17929035987590872,1.5998754791633003,0.0053926552674673,0.0,0.4789345674635017,1.4352941176470588,1.4458531015949816,0.0985558177641346,-0.6379979834584839,0.13074595885917933,1.4346367041198502,1.3054382329022272,1.3404367594460156,0.1588926256639753,-0.5900735140353397,Electronic Gaming & Multimedia,Communication Services,SOHU
2019Q2,2019,Q2,2019-08-05,2019-06-30,-33375000.0,474758000.0,-38119000.0,-0.85,204274000.0,0.4302697374,2821316000.0,476147000.0,2072220000.0,1201636000.0,1508891000.0,0.0,0.0,563543840.0,357665840.0,12.132988482315769,1.7244989331211782,0.060011710846994804,0.35558766515382856,-0.06722260445133411,12.132988482315769,-0.07009389957303101,1.1870128360132952,-4.221302172284644,1.18355012212615,,0.0,,0.16827537220219216,1.5606190227323415,-0.011829585909554265,0.0,0.4302697374241192,0.2916666666666667,0.35248243480889596,0.16319826715725685,-0.6259382404686189,0.19350296514854956,0.2924828287967438,0.16790727117941107,0.29678786987815653,0.11408163560825323,-0.5947255876016305,Electronic Gaming & Multimedia,Communication Services,SOHU
2019Q1,2019,Q1,2019-04-29,2019-03-31,-47172000.0,431380000.0,-45811000.0,-1.2,171155000.0,0.3967615559,3220012000.0,535285000.0,2278122000.0,1195715000.0,1696197000.0,0.0,0.0,670543240.0,188025240.0,13.64270058109899,1.9052382883881191,0.11057846989390102,0.6651858355829138,-0.06741216751399819,13.64270058109899,-0.08812501751403458,1.5544142982984839,-3.553714279657424,1.252684532538741,,0.0,,0.13396844483809378,1.729564319256679,-0.01464963484608132,0.0,0.3967615559367611,-2.3333333333333335,0.17597279117107997,0.15601478654688386,-0.5879556432554425,-0.16875907587553363,-2.3320532008019654,-0.4475164307381193,-5.247301047075431,0.04206656159192718,-0.5686108756779252,Electronic Gaming & Multimedia,Communication Services,SOHU
2018Q4,2018,Q4,2019-01-14,2018-12-31,35413000.0,482198000.0,-31648000.0,0.9,205903000.0,0.4270092369,3298509000.0,588840000.0,2316560000.0,1182880000.0,1745558000.0,12726000.0,-394801000.0,680581980.0000001,325587980.0000001,15.071796053136758,1.9584066008386312,0.1408875949709399,0.789210991101148,0.031155572079564185,15.071796053136758,0.060140275796481214,1.4114160158275233,4.804605512100077,1.1558012023639699,0.0,21.71106396353921,0.0,0.14618665584965812,1.8601963005545787,0.010736062869617757,-6.298652315551773,0.42700923686950176,89.23529411764706,1.402218926513778,0.22640537665602506,-0.5648883055154003,0.032193542242118296,90.42676767676768,0.35170125161316756,2.981991986598225,0.023330128816076177,-0.5306572886947023,Electronic Gaming & Multimedia,Communication Services,SOHU
2018Q3,2018,Q3,2018-11-05,2018-09-30,-396000.0,459822000.0,-48817000.0,-0.0102,199481000.0,0.4338222182,3164600000.0,571955000.0,2427186000.0,1198716000.0,1651314000.0,0.0,0.0,780277440.0,165078440.0,14.689618861721799,2.024821559068203,0.06890223092965936,0.38123278929286397,-0.0018071191748078523,14.689618861721799,-0.0006923621613588481,1.6969119354880802,-492.5993939393939,1.36422872428775,,0.0,,0.1453017758958478,1.851077319398423,-0.00012513429817354483,0.0,0.43382221816268035,0.9738461538461539,-1.0094772199980655,0.22764346069938554,-0.5695138919463517,-0.05799435215005525,0.9739044481054365,-0.5160088196018757,-1.0042170383101703,-0.12612065998365218,-0.5564929781929752,Electronic Gaming & Multimedia,Communication Services,SOHU
2018Q2,2018,Q2,2018-07-30,2018-06-30,-15175000.0,486014000.0,-32201000.0,-0.39,211762000.0,0.4357117285,3216899000.0,616464000.0,2460781000.0,1213409000.0,1673060000.0,0.0,0.0,1381908500.0,939529500.0,15.836411745061268,2.0279897380026024,0.07047221563375164,0.3677457240001038,-0.0624237480744941,15.836411745061268,-0.024616198188377587,2.8433512203352165,-22.766202635914333,2.241669424329726,,0.0,,0.15108152292005436,1.8398569649639982,-0.004717275861007759,0.0,0.43571172846872724,0.8258928571428571,-1.2801230594994095,0.40946651986052307,-0.4783061915475636,0.09064595543927235,0.8259767663214871,-0.022578596379803112,-2.309976228769736,-0.023901546865800684,-0.47937749840112265,Electronic Gaming & Multimedia,Communication Services,SOHU
2018Q1,2018,Q1,2018-03-31,2018-03-31,-87201000.0,454995000.0,-31490000.0,-2.24,194162000.0,0.4267343597,3444848000.0,664357000.0,2661930000.0,1208504000.0,1682235000.0,0.0,-327537000.0,1279163520.0,345961520.0,17.07683014600041,2.202665444218637,0.06479415056919782,0.33597297838361,-0.12987235514987822,17.07683014600041,-0.13125623723389684,2.8113792898823062,-3.667284549489112,1.9254158833277892,0.0,0.0,0.0,0.13207984793523547,2.0534950649728922,-0.025313453597952652,-177.07136212624584,0.42673435971823864,0.6767676767676767,-2.470876665613305,0.4512507792213794,-0.4177973760528197,-0.17000312057829017,0.6765265582746303,0.18584208076942965,-17.776145697392305,-0.010474837958533502,-0.4422071423759641,Electronic Gaming & Multimedia,Communication Services,SOHU
2017Q4,2017,Q4,2017-12-31,2017-12-31,-269577000.0,509630000.0,-38678000.0,-6.93,233931000.0,0.4590212507,3389239000.0,750634000.0,2630101000.0,1155402000.0,1572002000.0,0.0,-242220000.0,1772515040.0,623260040.0,19.30245834190496,2.2763514343925317,0.06338915609079206,0.2862127215127479,-0.3017309399021791,19.30245834190496,-0.3591324133998726,3.478042972352491,-1.64379290518108,2.3613572526690767,0.0,0.0,0.0,0.15036708830507378,2.1682981334635043,-0.07953909417423793,27.03323328452904,0.45902125071130034,-1.645038167938931,-6.161053176510587,0.6648041691954751,-0.3226657891631924,-0.07780278869541564,-1.642367747816626,-7.991684743311642,-7.150438600753798,0.057339830035099494,-0.3815527435593875,Electronic Gaming & Multimedia,Communication Services,SOHU
2017Q3,2017,Q3,2017-09-30,2017-09-30,-102021000.0,516061000.0,5532000.0,-2.62,253667000.0,0.4915446042,2605283000.0,779777000.0,1854907000.0,1098112000.0,1175651000.0,0.0,51915000.0,2116852650.0,1167840650.0,20.05754044807984,1.6891783351789253,0.03514090407836692,0.11740792559924183,0.007523444003830891,20.05754044807984,-0.1308335588251513,4.1019426966967085,-5.187296365454172,2.7146897766925675,0.0,0.0,0.0,0.1980825115735987,1.5084189955122975,-0.03915927751418944,36.112672728513424,0.49154460422314417,-1.1129032258064517,-2.936596201906429,0.7685720714779868,-0.2704492964321701,0.3863554384775979,-1.1231374344460168,1.139436406714725,-2.1661017567228082,0.186895239106672,-0.3673418411701599,Electronic Gaming & Multimedia,Communication Services,SOHU
2017Q2,2017,Q2,2017-06-30,2017-06-30,-48052000.0,461168000.0,-39674000.0,-1.24,182974000.0,0.3967621344,2544270000.0,857772000.0,1735044000.0,976968000.0,1050683000.0,0.0,155875000.0,1750806300.0,854335300.0,22.076232145155064,1.775947625715479,0.014636811344707913,0.04341480020331743,-0.06036171276577978,22.076232145155064,-0.05601954831820111,3.796460942649967,-9.108914821443438,2.041109175864915,0.0,0.0,0.0,0.18125749232589308,1.561443158834271,-0.01888636033125415,-86.53649169632266,0.39676213440655034,0.04615384615384619,-2.392547762244853,0.7637706882615679,-0.17747901249341125,0.17877390094315312,0.0456973765217564,0.16140350877192983,0.05839641838539072,0.14121369060930106,-0.31938662497899295,Electronic Gaming & Multimedia,Communication Services,SOHU
2017Q1,2017,Q1,2017-03-31,2017-03-31,-50353000.0,374103000.0,-47310000.0,-1.3,155224000.0,0.4149231629,2476427000.0,929605000.0,1682472000.0,892054000.0,964108000.0,0.0,244058000.0,1526436630.0,586496630.0,23.95210120842029,1.8860651933627337,0.011714054159480574,0.031205727163687802,-0.06262560336764296,23.95210120842029,-0.05416601674904933,4.080257656313903,-7.578677685540087,1.642027129802443,0.0,0.0,0.0,0.1510656280197236,1.630936019568322,-0.020332923199432085,-23.30864631688248,0.4149231628722571,-0.35416666666666674,-2.2104607543454673,0.6199863036944252,-0.10239073765458524,-0.13739524751594906,-0.35769946342384124,0.044937015503875966,0.11077327657992374,0.013501666054582775,-0.27658544754860753,Electronic Gaming & Multimedia,Communication Services,SOHU
2016Q4,2016,Q4,2016-12-31,2016-12-31,-37087000.0,411759000.0,-49536000.0,-0.96,179948000.0,0.4370226273,2563690000.0,993580000.0,1851262000.0,932742000.0,1005895000.0,0.0,312306000.0,1312864710.0,290585710.0,25.648054931722555,1.9847524824656764,0.011186219862775921,0.028863302401417098,-0.0574404983061436,25.648054931722555,-0.03732663700960164,3.188429906814423,-8.849898279720657,1.3213477626361239,0.0,0.0,0.0,0.16061185244705872,1.6732322550072796,-0.014466257620851195,-33.70208471313054,0.4370226273135499,0.11926605504587166,-1.7758597914452996,0.6537340040883979,-0.025937270719081255,-0.04128973137699922,0.11779538048003045,0.03931113395264046,-3.5372044167755217,0.056174386566234566,-0.25955947106560573,Electronic Gaming & Multimedia,Communication Services,SOHU
2016Q3,2016,Q3,2016-09-30,2016-09-30,-42039000.0,410582000.0,-51563000.0,-1.09,187698000.0,0.4571510685,2675453000.0,1084273000.0,1937429000.0,979033000.0,1043541000.0,0.0,378203000.0,1713714000.0,621629000.0,27.99713385664119,1.9789210373909767,0.0,0.0,-0.04868330831924451,27.99713385664119,-0.038771600879114396,4.173865391079005,-10.191215300078499,1.58051892835107,0.0,0.0,0.0,0.15346260988326088,1.624862491866975,-0.015712853113098977,-52.158327246165086,0.45715106848327497,0.09917355371900817,-1.6464350444588864,0.743636846514311,0.14889665986441725,-0.0970848566480662,0.10157719268250984,-0.7969332636347796,-2.011496575048176,0.10206872566730253,-0.17953098007133636,Electronic Gaming & Multimedia,Communication Services,SOHU
2016Q2,2016,Q2,2016-06-30,2016-06-30,-46792000.0,420138000.0,-28695000.0,-1.21,207880000.0,0.4947898072,2679502000.0,1158320000.0,1733198000.0,945713000.0,1010341000.0,0.0,453017000.0,1464841260.0,316771260.0,29.937711612519706,1.8326891985200584,0.0,0.0,-0.026129925099740176,29.937711612519706,-0.04039643621797086,3.4865716978706995,-7.826344567447427,1.2646257165550108,0.0,0.0,0.0,0.15679704661537852,1.6022292175321688,-0.017462946472889367,364.116644295302,0.49478980715860027,-5.321428571428571,-1.7517503979152338,1.0927400592247223,0.26906946745197774,-0.0335882476000093,-5.275194152581087,-2.9425264012997565,-1.8690259601729389,0.22585450897840234,-0.01377161449740312,Electronic Gaming & Multimedia,Communication Services,SOHU
2016Q1,2016,Q1,2016-03-31,2016-03-31,10945000.0,407952000.0,14772000.0,0.28,215105000.0,0.5272801702,2723189000.0,1222814000.0,1763094000.0,937956000.0,979882000.0,0.0,516041000.0,1915513640.0,713137640.0,31.625045259401023,1.8797193045302765,0.0,0.0,0.005795784940476214,31.625045259401023,0.008950666250141069,4.695438777111033,43.75316674280493,1.566479971606475,0.0,0.0,0.0,0.14980671558235584,1.710599431103378,0.004019184860103357,103.23992885631131,0.5272801702161038,0.21739130434782614,-0.758718277312678,1.310970044059913,0.4306946257152,-0.18690843388067374,0.24417415027850403,-0.3227891624260762,-0.8142471145354675,0.3092118221975702,0.07819684186435244,Electronic Gaming & Multimedia,Communication Services,SOHU
2015Q4,2015,Q4,2015-12-31,2015-12-31,8797000.0,466103000.0,21813000.0,0.23,264552000.0,0.5675827017,3042194000.0,1241022000.0,2079512000.0,1264579000.0,1311442000.0,0.0,536327000.0,2210164740.0,1322464740.0,32.11256016146561,1.6444302807495617,0.1175155167619159,0.2880730559168169,0.004218926421645979,32.11256016146561,0.007088512532412801,4.741794710611174,62.810183585313176,1.7809230940305651,0.0,0.0,0.0,0.1532127799870751,1.371576627478394,0.0028916630563336856,23.01248141438121,0.5675827016775262,-0.9045643153526971,-0.8038412478139055,1.6394784902043038,0.5285913752361785,-0.1408724681828072,-0.9055852491038272,-0.7379064234734338,-0.8305267537687654,0.5321494379035372,0.12684794908715324,Electronic Gaming & Multimedia,Communication Services,SOHU
2015Q3,2015,Q3,2015-09-30,2015-09-30,93174000.0,522090000.0,83226000.0,2.41,307931000.0,0.5898044398,3019134000.0,1279583000.0,2033130000.0,928867000.0,1289555000.0,0.0,566727000.0,1595542900.0,866163900.0,33.12150234255688,2.1888278946286173,0.1141055680204986,0.269228334543363,0.03893418665586199,33.12150234255688,0.0728159095580357,3.0560686854756844,4.281084047051753,1.2469241151218795,0.0,0.0,0.0,0.17292707114026737,1.7436360641512725,0.030861167473851772,16.78052753909742,0.5898044398475358,7.033333333333335,1.2286942817648712,2.121526432355897,0.7002319756467247,0.1305779722872899,7.114081685970565,3.650016761649346,0.7798301136037002,0.8005343385377671,0.2047247467746805,Electronic Gaming & Multimedia,Communication Services,SOHU
2015Q2,2015,Q2,2015-06-30,2015-06-30,11483000.0,493566000.0,17898000.0,0.3,272366000.0,0.5518329869,3060458000.0,1173748000.0,1997654000.0,942135000.0,1320181000.0,0.0,527606000.0,2280105830.0,1648126830.0,30.41822375411408,2.1203479331518307,0.12089693764789453,0.31522950411843087,0.005787857919473032,30.41822375411408,0.00978319025889714,4.61965741157211,49.64090024383872,1.9425854868336305,0.0,0.0,0.0,0.16127194034356948,1.5555552017492185,0.0037520527973264133,26.786957589285713,0.551832986875109,3.5,-0.7524393327130323,2.3113677302383318,0.6815577014445194,0.16806045167211314,3.4968471406827573,5.641187384044527,-0.6649112137586198,0.9007897867878368,0.1333286982996867,Electronic Gaming & Multimedia,Communication Services,SOHU
2015Q1,2015,Q1,2015-03-31,2015-03-31,-4599000.0,455332000.0,2695000.0,-0.12,233178000.0,0.5121054527,2849440000.0,1179443000.0,1798985000.0,771338000.0,1152250000.0,0.0,554805000.0,2054538250.0,1501053250.0,30.615003244646335,2.3322914208816368,0.12985007580436858,0.3137074025620568,-0.000683633908025468,30.615003244646335,-0.0038992982280618904,4.512176280164803,-111.68396662317895,1.7419563726267397,0.0,0.0,0.0,0.1597970127463642,1.7095825695090867,-0.0016140013476332192,-152.41381676557864,0.5121054527246054,0.8588235294117647,-1.1091412444073412,2.4491256320022363,0.8034294829503714,-0.17197076766830252,0.8595553655408295,-0.8777389647507146,-1.1113783956170988,0.9863716592745975,0.14730270384248598,Electronic Gaming & Multimedia,Communication Services,SOHU
2014Q4,2014,Q4,2014-12-31,2014-12-31,-32746000.0,477196000.0,22043000.0,-0.85,281606000.0,0.5901264889,2867009000.0,1201661000.0,1697208000.0,794285000.0,1178103000.0,0.0,585925000.0,2047483180.0,1541143180.0,31.211163346406586,2.136774583430381,0.12905435595074868,0.3079071385357434,0.019030086977490073,31.211163346406586,-0.027250613941868798,4.2906545318904605,-15.631551792585354,1.7038775328482825,0.0,0.0,0.0,0.16644384443857693,1.644778637390861,-0.011421659297197882,105.22577757220681,0.590126488906026,-0.024096385542168697,-2.0098798223736223,2.504856118836083,0.9659857951223094,0.1320616671021688,-0.026584738855100633,1.5417567833267793,-1.689280820985357,0.928393889119961,0.18533865566668767,Electronic Gaming & Multimedia,Communication Services,SOHU
2014Q3,2014,Q3,2014-09-30,2014-09-30,-31898000.0,430415000.0,-40688000.0,-0.83,248755000.0,0.5779422186,2851870000.0,1220113000.0,1653319000.0,746756000.0,1159311000.0,0.0,605500000.0,1933101549.9999998,1462205549.9999998,31.703598804729115,2.214001628376605,0.12973943412567895,0.30325060055912856,-0.024783196892963908,31.703598804729115,-0.02614348015306779,4.491250421105212,-15.15064855163333,1.584362718862925,0.0,0.0,0.0,0.15092377983568675,1.6476573338546996,-0.011184941810110559,30.484309999526907,0.5779422185565094,0.36641221374045807,-1.852273834650642,2.145119906406457,0.9889184824905192,0.08029878618113913,0.36876892327785804,0.3416713858102095,-1.4935936319398735,0.8394039252134529,0.3009959861943028,Electronic Gaming & Multimedia,Communication Services,SOHU
2014Q2,2014,Q2,2014-06-30,2014-06-30,-50533000.0,400151000.0,-61805000.0,-1.31,230265000.0,0.5754452694,2634156000.0,1247967000.0,1727304000.0,929335000.0,972164000.0,0.0,632638000.0,2219622750.0,1426260750.0,32.43578947368421,1.8586451602489953,0.0975644570784722,0.2059349325743389,-0.03970034584536329,32.43578947368421,-0.040492256606144236,5.546962896506569,-10.98105569627768,1.7785909002401505,0.0,0.0,0.0,0.15190861892765653,1.3076748427639118,-0.019183753733643717,-32.986413083862146,0.5754452694107974,0.1027397260273972,-2.4993929006314914,2.133056972837962,1.1669253917333289,0.015201682413575703,0.09830127404446665,0.09922317928089429,-1.8164102829888416,1.0043730582421766,0.3749638117476802,Electronic Gaming & Multimedia,Communication Services,SOHU
2014Q1,2014,Q1,2014-03-31,2014-03-31,-56042000.0,365315000.0,-68613000.0,-1.46,226817000.0,0.6208806099,2698874000.0,1271780000.0,1793588000.0,925962000.0,971952000.0,0.0,673728000.0,2500171990.0,1612746990.0,33.109786259144514,1.9369995744965776,0.09522489749428836,0.2020789759235088,-0.045052922910610006,33.109786259144514,-0.04406579754360031,6.843879911856891,-11.153117260269084,1.9658840286842065,0.0,0.0,0.0,0.1353583012767547,1.3919685689045556,-0.020764956052042444,-34.022888888888886,0.6208806098846201,-4.9459459459459465,-2.2485414670845647,2.135934947263208,1.9119293856232251,-0.08565496946364864,-4.877802380293385,-11.892333709131906,-2.243643538016703,1.0831780317870445,0.4978632558780476,Electronic Gaming & Multimedia,Communication Services,SOHU
2013Q4,2013,Q4,2013-12-31,2013-12-31,14452000.0,385451000.0,-5322000.0,0.37,248065000.0,0.6435707781,2998715000.0,1326705000.0,2051555000.0,1114409000.0,1161995000.0,0.0,752582000.0,2793291930.0000005,1916334930.0000005,34.63891282211953,1.8409354195811412,0.13683561125348692,0.309285786968467,-0.004573291936900803,34.63891282211953,0.010893152584787123,7.246814588624755,48.320162088292285,2.105435594197655,0.0,0.0,0.0,0.12853872408681719,1.4182746191030402,0.004819397641989986,44.59420687122834,0.6435707781274403,-0.6542056074766356,-0.7434776378324983,2.1866994681620846,2.4550418659613347,0.021545671304970905,-0.6482756942247316,-1.10197551208109,-0.6748412183898196,1.2024184782627623,0.6488483982970363,Electronic Gaming & Multimedia,Communication Services,SOHU
2013Q3,2013,Q3,2013-09-30,2013-09-30,41089000.0,368323000.0,52189000.0,1.07,242833000.0,0.6592936091,2788347000.0,1306514000.0,1910159000.0,985325000.0,1000008000.0,0.0,749748000.0,3018243040.0,2131403040.0,34.123328458002504,1.938608073478294,0.12695765627448807,0.27095155505413643,0.02151906423459536,34.123328458002504,0.031449337703231654,8.194554887965182,18.364057533646474,2.3101497879088937,0.0,0.0,0.0,0.1320936741374011,1.522159693502144,0.014735970809945821,46.2084423895404,0.6592936091419759,-0.22463768115942018,0.02611004358283882,2.0687453920432657,2.7367026290361762,0.07801686059158569,-0.22827413932347915,-0.19021536742800396,-0.008307376026036574,1.2220111505312083,0.7516588939640749,Electronic Gaming & Multimedia,Communication Services,SOHU
2013Q2,2013,Q2,2013-06-30,2013-06-30,53243000.0,338904000.0,64448000.0,1.38,225259000.0,0.6646690508,2269488000.0,1161381000.0,1344201000.0,654804000.0,828761000.0,0.0,830460000.0,2379709800.0,1932130800.0,30.355759429153924,2.0528295489948136,0.1423065466748447,0.2780853139495136,0.033265196354915316,30.355759429153924,0.04584455919289191,7.0217813894200125,11.17381533722743,2.0490345545518656,0.0,0.0,0.0,0.14933059791459571,1.6603441640551981,0.02346035757844941,36.94169021081064,0.6646690508226518,-0.08609271523178816,0.3195864886434284,2.3101237418658895,2.76622913991925,0.1038482459192324,-0.08462133585489555,-0.09146272696515169,0.1577004403130358,1.2932229135630633,0.6781045949268163,Electronic Gaming & Multimedia,Communication Services,SOHU
2013Q1,2013,Q1,2013-03-31,2013-03-31,58165000.0,307596000.0,70936000.0,1.51,204067000.0,0.6634254022,2147455000.0,1119551000.0,1246132000.0,527926000.0,777099000.0,0.0,808834000.0,1836692280.0,1308858280.0,29.331420786502136,2.360429302591651,0.12596119592727206,0.24161114589688187,0.03796528043127889,29.331420786502136,0.05195386364712282,5.971118870206374,7.894319092237599,1.6405615108199625,0.0,0.0,0.0,0.14323746015632458,2.022738035254941,0.02708555010465877,-6355.33660899654,0.6634254021508732,0.1353383458646616,1.6684695515091357,2.5873748349162575,3.456841519024282,-0.009138184696211199,0.13821376854134867,0.09008206042351784,0.3932180409786245,1.3517621136021152,0.7278178480170986,Electronic Gaming & Multimedia,Communication Services,SOHU
2012Q4,2012,Q4,2012-12-31,2012-12-31,51102000.0,299492000.0,65074000.0,1.33,205949000.0,0.6876611061,2076132000.0,1084223000.0,1231778000.0,552070000.0,760915000.0,0.0,784403000.0,1801097640.0000002,1206915640.0000002,28.49768701046102,2.2311989421631315,0.11528794893580947,0.2207599359172421,0.0351922446709078,28.49768701046102,0.04713237037030205,6.013842239525597,8.8112874251497,1.6611874494453633,0.0,0.0,0.0,0.14425479690116041,1.9524643614034451,0.024614041881730064,28.522299396645924,0.68766110613973,-0.007462686567164185,2.324668401325114,3.4944248832084073,3.856910827006626,0.0918204517863107,-0.008151857458949575,0.02126524270625716,0.5948224528779911,1.225981915205366,0.7950643888081259,Electronic Gaming & Multimedia,Communication Services,SOHU
2012Q3,2012,Q3,2012-09-30,2012-09-30,51522000.0,285378000.0,63719000.0,1.34,188629000.0,0.6609794728,1950685000.0,1045339000.0,1152434000.0,510630000.0,700016000.0,0.0,759015000.0,1571449260.0,1020333260.0,27.493004050286675,2.2568865910737714,0.11398713785157522,0.2127089872280667,0.0368644508334597,27.493004050286675,0.04928736036826331,5.506553623614995,7.625137125887971,1.5032915255242558,0.0,0.0,0.0,0.14629630104296695,1.9433660380314512,0.026412260308558276,14.36175856112741,0.6609794728395322,0.5227272727272728,4.219196140539303,4.43521671174703,4.257478610405685,0.2100678072657057,0.5266230110521793,0.384112433747502,0.39336516432281,1.1107015674028238,0.7247677221629882,Electronic Gaming & Multimedia,Communication Services,SOHU
2012Q2,2012,Q2,2012-06-30,2012-06-30,33749000.0,255727000.0,46036000.0,0.88,155883000.0,0.6095680159,1708401000.0,1019963000.0,1016785000.0,349716000.0,441670000.0,0.0,733134000.0,1696409280.0,931811280.0,26.839718962159886,2.90745919546146,0.0,0.0,0.02917228669719823,26.839718962159886,0.033088455169452226,6.633672940283975,12.56636700346677,1.6632066849483758,0.0,0.0,0.0,0.14968792455635416,2.7904299488727995,0.01975472971509616,65.55157772711465,0.6095680158919473,-0.16981132075471703,4.7425958933649035,5.369434062039047,4.574532150253472,0.05983736963054623,-0.17320365516058697,-0.11538978882035318,0.013849408803176309,1.0271838820417958,0.7930708476597076,Electronic Gaming & Multimedia,Communication Services,SOHU
2012Q1,2012,Q1,2012-03-31,2012-03-31,40819000.0,226604000.0,52041000.0,1.06,147082000.0,0.6490706254,1685237000.0,1016246000.0,996393000.0,332351000.0,432245000.0,0.0,720352000.0,2101094280.0,1339650280.0,26.684329377166264,2.998014147693252,0.0,0.0,0.03512759258212579,26.684329377166264,0.040166455759727465,9.272097050360982,12.868359587447022,2.0675055842778227,0.0,0.0,0.0,0.13446417328838614,2.873332711500793,0.024221518991097396,42.365042443794735,0.649070625408201,-0.13821138211382109,7.813073904607502,5.60400017515534,4.927770411345554,-0.16150070406074876,-0.1362337854709355,-0.3156642032454041,-0.08279848492069372,0.9619149164668268,1.3468252631065825,Electronic Gaming & Multimedia,Communication Services,SOHU
2011Q4,2011,Q4,2011-12-31,2011-12-31,47257000.0,246153000.0,76046000.0,1.23,175411000.0,0.7126096371,1633294000.0,1008425000.0,970481000.0,331202000.0,414223000.0,0.0,697244000.0,1914900000.0,1182293000.0,26.331009452190713,2.930178561723661,0.0,0.0,0.06135287600604828,26.331009452190713,0.046862186082256986,7.77930799137122,10.130245254671266,1.8989017527332228,0.0,0.0,0.0,0.15070954769931194,2.7674561143954444,0.028933553910073753,174.95660118775697,0.7126096370956275,-0.25903614457831325,6.4433892449714945,5.855794036242101,5.185878614339733,0.057189522787815965,-0.26516871404136216,0.033121399847842625,-0.16112462912835182,1.0352186915406298,1.626374000174982,Electronic Gaming & Multimedia,Communication Services,SOHU
2011Q3,2011,Q3,2011-09-30,2011-09-30,64310000.0,232860000.0,73608000.0,1.66,165922000.0,0.7125397234,1547041000.0,933273000.0,945885000.0,301445000.0,383352000.0,0.0,670388000.0,1845963600.0,1138540600.0,24.3687137709541,3.137836089502231,0.0,0.0,0.06440784200897157,24.3687137709541,0.06890802584024182,7.927353774800309,7.176036386254082,1.9779460029380471,0.0,0.0,0.0,0.1505196048456376,3.0116439151420655,0.041569680441565546,58.92376149131767,0.7125397234389762,0.0440251572327043,8.320691784467101,5.2935478483712135,5.14856264163562,0.14003614101868203,0.04387488434755791,0.09358332466683504,0.6055855937936968,0.9396059049608818,1.6685156732651454,Electronic Gaming & Multimedia,Communication Services,SOHU
2011Q2,2011,Q2,2011-06-30,2011-06-30,61607000.0,198705000.0,67309000.0,1.59,145541000.0,0.7324475982,1460306000.0,903390000.0,924527000.0,263210000.0,338878000.0,0.0,623575000.0,2767579650.0,2049524650.0,23.590285938112025,3.512507123589529,0.0,0.0,0.06385156102618608,23.590285938112025,0.0681953530590332,13.928082584736167,11.23078404239778,3.06354913160429,0.0,0.0,0.0,0.13607079612081305,3.409456327647126,0.04218773325590664,67.1498156011161,0.7324475981983342,0.5742574257425743,7.28666660185732,4.625689551836225,4.829872186474316,0.13246496572437888,0.3749414154038431,0.0621922737028153,0.5254463695726553,0.9389556272679136,1.9268390575600618,Electronic Gaming & Multimedia,Communication Services,SOHU
2011Q1,2011,Q1,2011-03-31,2011-03-31,44807000.0,174369000.0,63368000.0,1.01,128517000.0,0.7370404143,1278319000.0,844244000.0,896740000.0,231110000.0,233564000.0,0.0,579310000.0,3412926480.0,2674991480.0,22.104678867855366,3.8801436545368007,0.0,0.0,0.06257911708948168,22.104678867855366,0.053073519030043446,19.573011716532182,19.042373289887742,4.042583044712192,0.0,0.0,0.0,0.13640491927288884,3.819925576565272,0.03505150122934886,63.34075349838536,0.7370404142938252,-0.12931034482758613,6.143959645623016,4.371278801034748,4.834367046031357,0.005783468202663996,0.018896670911406222,-0.04006786542044749,1.0543450761474278,1.0323212568672564,2.358754806323343,Electronic Gaming & Multimedia,Communication Services,SOHU
2010Q4,2010,Q4,2010-12-31,2010-12-31,43976000.0,173162000.0,66013000.0,1.16,127778000.0,0.737910165,1187590000.0,796117000.0,836937000.0,211672000.0,213031000.0,0.0,534503000.0,2406017040.0,1727628040.0,21.007942790795862,3.953933444196682,0.0,0.0,0.07019784254471548,21.007942790795862,0.0552381119860523,13.894601817950821,13.678012097507732,3.022190255954841,0.0,0.0,0.0,0.1458095807475644,3.857482331153861,0.037029614597630496,26.69614805938353,0.7379101650477587,0.14851485148514842,3.728623763714235,4.461952888896133,4.891860118079701,0.05699490437429687,0.0723499719573752,0.011817540847920052,1.8723793373259343,1.6088981532008713,2.5804205708448325,Electronic Gaming & Multimedia,Communication Services,SOHU
2010Q3,2010,Q3,2010-09-30,2010-09-30,41009000.0,164064000.0,65242000.0,1.01,120888000.0,0.7368344061,1046621000.0,738236000.0,699245000.0,193225000.0,194568000.0,0.0,490527000.0,2183567520.0,1648905520.0,19.480578425163607,3.6188122654935957,0.0,0.0,0.07304068161228727,19.480578425163607,0.05554998672511229,13.309242246928028,13.311514057889731,2.9578177168276807,0.0,0.0,0.0,0.1567558839350634,3.1298434467589598,0.039182282793867124,437.5010058104588,0.73683440608543,-0.15126050420168063,3.9076595584007725,4.575391903090464,4.897419858922166,0.12793909084123312,-0.09800945782470032,0.2751045616229527,3.168038001326953,2.1350989776847364,2.7252649510870812,Electronic Gaming & Multimedia,Communication Services,SOHU
2010Q2,2010,Q2,2010-06-30,2010-06-30,45465000.0,146097000.0,51166000.0,1.19,107176000.0,0.7335948035,954541000.0,684174000.0,680382000.0,171540000.0,172865000.0,0.0,449518000.0,1554105980.0000002,955000980.0000002,18.08931309819682,3.9663168940188878,0.0,0.0,0.06564666130262163,18.08931309819682,0.06645239368932465,10.637494130611856,8.54561739799846,2.271506926600543,0.0,0.0,0.0,0.15305471425533318,3.8540223854494577,0.047630222274370616,123.79368966066595,0.7335948034525007,0.11214953271028026,5.097583770828663,4.375671680881733,4.956503476434604,0.10916090574160699,0.10028798915805523,0.06296873376960632,6.772961306295847,2.656179620942009,2.7570981120953033,Electronic Gaming & Multimedia,Communication Services,SOHU
2010Q1,2010,Q1,2010-03-31,2010-03-31,41321000.0,129454000.0,48135000.0,1.07,96628000.0,0.7464273024,874586000.0,641319000.0,659485000.0,146788000.0,148106000.0,0.0,416065000.0,2062678800.0,1463525800.0,16.97599131769813,4.492771888710249,0.0,0.0,0.06292913233904947,16.97599131769813,0.06443127367191678,15.933681462140992,12.479603591394207,3.216307017256623,0.0,0.0,0.0,0.14801746197629506,4.407730877183421,0.047246354275051285,57.70537977339488,0.7464273023622291,0.27380952380952395,5.923921581885647,4.224332462830798,5.0969148168802345,-0.05264809113904194,0.2773501499273548,-0.09585258649836582,7.993722192561691,2.803282392516963,2.771118907054818,Electronic Gaming & Multimedia,Communication Services,SOHU
2009Q4,2009,Q4,2009-12-31,2009-12-31,32349000.0,135831000.0,53238000.0,0.84,101998000.0,0.7509184207,828273000.0,609781000.0,621173000.0,150497000.0,150497000.0,0.0,385874000.0,2200124800.0,1636342800.0,15.875579276230148,4.127477624138687,0.0,0.0,0.06785445205674168,15.875579276230148,0.05305019343010031,16.197516030950226,17.003035642523727,3.6080573189390948,0.0,0.0,0.0,0.1639930312831639,4.055841644683947,0.03905596343234658,795.4174981923355,0.7509184206845271,-0.0454545454545455,3.713847316400593,4.347349332761237,4.324879317049628,-0.013511291648532327,-0.13398832788991807,0.012263989504306657,4.080392078364923,2.772101015360583,2.729610386316451,Electronic Gaming & Multimedia,Communication Services,SOHU
2009Q3,2009,Q3,2009-09-30,2009-09-30,37354000.0,136585000.0,52593000.0,0.88,103395000.0,0.7570011348,815520000.0,612260000.0,674957000.0,148436000.0,148436000.0,0.0,353525000.0,2641839800.0,2045486800.0,15.940119760479043,4.547124686733676,0.0,0.0,0.07475068751638568,15.940119760479043,0.06101002841929899,19.34209320203536,17.681103763987792,4.314898572501878,0.0,0.0,0.0,0.1674820973121444,4.42282195693767,0.04580390425740632,51.13304300700654,0.7570011348244683,0.11392405063291135,3.250718298335287,3.9887834401258826,4.472212573918263,0.05176693182511749,0.11388101983002832,0.08387774869649445,4.398070341996497,2.680742534563522,3.0219121035144347,Electronic Gaming & Multimedia,Communication Services,SOHU
2009Q2,2009,Q2,2009-06-30,2009-06-30,33535000.0,127085000.0,48523000.0,0.79,98306000.0,0.773545265,749006000.0,573057000.0,610912000.0,134380000.0,134380000.0,0.0,316171000.0,2405383720.0,1858637720.0,14.96857695120677,4.546152701294836,0.0,0.0,0.07114045172721763,14.96857695120677,0.058519484100185495,18.92736137230987,17.93188996570747,4.1974597989379765,0.0,0.0,0.0,0.16967153801171153,4.4655380264920375,0.044772672048020976,54.96637919608784,0.7735452649801314,-0.3130434782608695,2.22300133305611,3.4251917597955557,4.627478963638775,0.11527596573827216,-0.24800986657697052,-0.03025760936906689,3.5120393878130294,2.5990346391693957,2.6991874819947537,Electronic Gaming & Multimedia,Communication Services,SOHU
2009Q1,2009,Q1,2009-03-31,2009-03-31,44595000.0,115738000.0,50037000.0,1.15,88145000.0,0.7615908345,572774000.0,433917000.0,432362000.0,133014000.0,133014000.0,0.0,282636000.0,1576472220.0,1203306220.0,11.370394633404958,3.2504999473739606,0.0,0.0,0.10046983084753223,11.370394633404958,0.10277311098666335,13.621042527087042,8.837718466195762,3.633119283180885,0.0,0.0,0.0,0.20206573622406046,3.134617408693822,0.07785793349558465,28.919728133255063,0.7615908344709603,-0.21768707482993202,2.876169755527226,3.239615812155594,2.983896182015914,-0.034968633332968395,-0.2124503311258278,0.0071859903381642515,6.115934459010964,2.5681001644132286,2.00113184842418,Electronic Gaming & Multimedia,Communication Services,SOHU
2008Q4,2008,Q4,2008-12-31,2008-12-31,56625000.0,121572000.0,49680000.0,1.47,91339000.0,0.7513160925,521876000.0,385946000.0,378845000.0,130782000.0,130782000.0,0.0,238041000.0,1822400640.0000002,1507975640.0000002,10.025613050706568,2.8967671392087597,0.0,0.0,0.1432665329302749,10.025613050706568,0.14671741642613215,14.990299082025468,8.045918940397351,4.721905758836728,0.0,0.0,0.0,0.23295188895446428,2.686103592237464,0.10850278610244579,32.729896551724146,0.7513160925213043,0.4411764705882352,3.554816282829964,3.6017372675693315,2.919265399322473,0.029032694170929,0.40644792727453366,0.1353352529823118,4.993838231921036,2.774910715645076,1.8117703042602202,Electronic Gaming & Multimedia,Communication Services,SOHU
2008Q3,2008,Q3,2008-09-30,2008-09-30,40261000.0,120676000.0,43758000.0,1.02,88762000.0,0.7355397925,500029000.0,351543000.0,354254000.0,144408000.0,144408000.0,0.0,181416000.0,2146152000.0,1866806000.0,9.13193578553616,2.453146640075342,1.1999304040365658e-05,1.7067613350287163e-05,0.11074078280935874,9.13193578553616,0.11452653018265191,17.784414465179488,13.326494622587616,6.104948754490916,0.0,0.0,0.0,0.24133800239586103,2.256336214060163,0.0805173299948603,40.47128929453695,0.7355397925022374,0.0,13.02714027983828,4.086046282241257,3.198871387989621,0.15118345113805848,0.0017915349971385204,0.09743435407418553,3.7430485799045354,3.0370188446946145,1.7645410868527962,Electronic Gaming & Multimedia,Communication Services,SOHU
2008Q2,2008,Q2,2008-06-30,2008-06-30,40189000.0,101980000.0,39873000.0,1.02,77105000.0,0.7560796235,426642000.0,307150000.0,284048000.0,116507000.0,116507000.0,0.0,141155000.0,2684327520.0,2458350520.0,8.059987404219587,2.4380337662114724,1.4063313035284852e-05,1.9534429431873677e-05,0.12797668141569085,8.059987404219587,0.13084486407292853,26.32209766620906,16.69814824952101,8.739467751912745,0.0,0.0,0.0,0.23902944388972489,2.254164985794845,0.09419841459584383,55.084597484147665,0.7560796234555796,0.8545454545454544,3.9445783081615313,3.880257710183705,3.1525604921270913,0.19485208659404007,0.8637944627370959,0.30598408175297237,4.34953599259037,2.724215296991007,1.6540169177589592,Electronic Gaming & Multimedia,Communication Services,SOHU
2008Q1,2008,Q1,2008-03-31,2008-03-31,21563000.0,84823000.0,30531000.0,0.55,64531000.0,0.760772432,343323000.0,248500000.0,206596000.0,92616000.0,92616000.0,0.0,100966000.0,1704063670.0,1543678670.0,6.581212426176541,2.230672885894446,1.7476254139687698e-05,2.4144869215291752e-05,0.08614861789460453,6.581212426176541,0.08677263581488934,20.08964160663971,19.75680181329129,6.85739907444668,0.0,0.0,0.0,0.2470647174817883,2.122570614148743,0.06280674466901431,52.84901594095025,0.7607724320054702,0.37500000000000006,3.323258406735274,4.417872927825339,2.810879662193727,0.3905445299200552,0.43066613588110403,1.0520903347224089,2.6150056337531775,2.424896399272955,1.3636376105093846,Electronic Gaming & Multimedia,Communication Services,SOHU
2007Q4,2007,Q4,2007-12-31,2007-12-31,15072000.0,65342000.0,14878000.0,0.4,46407000.0,0.710217012,290517000.0,218897000.0,157315000.0,71613000.0,71613000.0,0.0,79404000.0,2033977640.0,1911277640.0,5.867451148578015,2.196738022426096,2.06528361507244e-05,2.7410151806557424e-05,0.06486682615718099,5.867451148578015,0.06885430133807224,31.128181567751216,33.73768643842888,9.291939313923901,0.0,0.0,0.0,0.2249162699601056,2.0912962730230547,0.051879924410619685,51.0370019822849,0.7102170120290165,0.6000000000000001,6.2715680552048045,4.762401199572259,2.692294764171887,0.3502967877094972,0.55606029320669,0.6872306645497845,1.2612028124783747,1.6484151406074452,0.9680207393529077,Electronic Gaming & Multimedia,Communication Services,SOHU
2007Q3,2007,Q3,2007-09-30,2007-09-30,9686000.0,51518000.0,8818000.0,0.25,34368000.0,0.6671066423,251847000.0,195090000.0,120198000.0,55489000.0,56745000.0,0.0,64332000.0,1427738890.0,1357092890.0,5.229313533653202,2.1661590585521453,0.004987154899601743,0.006438054231380388,0.04346454112190159,5.229313533653202,0.04964888000410067,27.7133990061726,36.850580476977086,7.31836019273156,0.0,0.0,0.0,0.20456070550770905,2.0138766241957864,0.03845985856492235,85.26868669374105,0.6671066423386001,0.6666666666666667,205.05932756140487,5.568936415911413,2.383422696638118,0.4556543837357052,0.6972139477834238,0.7868287740628166,0.13481130824830717,0.9373345323561848,0.7952133172027067,Electronic Gaming & Multimedia,Communication Services,SOHU
2007Q2,2007,Q2,2007-06-30,2007-06-30,5707000.0,38988000.0,4935000.0,0.15,23610000.0,0.6055709449,280820000.0,177677000.0,149476000.0,101864000.0,103120000.0,0.0,54646000.0,1179788910.0,1131401910.0,4.814703411646749,1.4674075237571664,0.2128765757424685,0.336453226923012,0.02020580588352385,4.814703411646749,0.03212008307209149,30.26030855647892,51.681658927632725,6.640076712236249,0.0,0.0,0.0,0.1388362652232747,1.3957826121102648,0.020322626593547468,86.57730314816173,0.605570944906125,0.25,6.9394756185134,5.146702198311517,2.1450038358320067,0.1769104232092119,0.27787729511867443,0.20955882352941177,-0.4309824238431486,0.4083947369619112,0.8101014046640915,Electronic Gaming & Multimedia,Communication Services,SOHU
2007Q1,2007,Q1,2007-03-31,2007-03-31,4466000.0,33086000.0,4080000.0,0.12,20061000.0,0.6063289609,260526000.0,165307000.0,132429000.0,95178000.0,95178000.0,0.0,48939000.0,786952460.0,754159460.0,4.5015794346713145,1.3913824623337325,0.22945886399054222,0.3616301790002843,0.017045414463424464,4.5015794346713145,0.027016399789482597,23.785058937314876,44.052421630094045,4.760551337813886,0.0,0.0,0.0,0.12699692161243023,1.313276177267856,0.017142243000698585,-22.741004479121514,0.6063289608898024,-0.2941176470588236,2.981119501243005,6.084202070082454,1.8966020470975011,-0.08023474393654578,-0.2647349357918999,-0.2898172323759791,-0.5965960559328259,0.25950413103388936,0.5772385832714036,Electronic Gaming & Multimedia,Communication Services,SOHU
