Quarters,Year,Quarter,FillingDate,Date,NetIncome,Revenue,OperatingIncome,EPSDiluted,GrossProfit,GrossProfitRatio,TotalAssets,CommonStockEquity,CurrentAssets,CurrentLiability,TotalLiability,Inventory,RetainedEarnings,MarketCap,EnterpriseValue,bookValuePerShare,currentRatio,debtToAssets,debtToEquity,roic,shareholdersEquityPerShare,roe,priceToSalesRatio,peRatio,pbRatio,payoutRatio,inventoryTurnover,dividendYield,assetTurnover,quickRatio,returnOnAssets,priceToFreeCashFlowsRatio,grossProfitMargin,epsdilutedGrowth,fiveYNetIncomeGrowthPerShare,fiveYRevenueGrowthPerShare,fiveYShareholdersEquityGrowthPerShare,grossProfitGrowth,netIncomeGrowth,operatingIncomeGrowth,threeYNetIncomeGrowthPerShare,threeYRevenueGrowthPerShare,threeYShareholdersEquityGrowthPerShare,Industry,Sector,Symbol
2023Q1,2023,Q1,2023-05-03,2023-03-31,104284000.0,1636932000.0,3573000.0,0.64,345174000.0,0.2108664257,10943004000.0,7024913000.0,1442636000.0,905811000.0,3907410000.0,362112000.0,2623373000.0,9104570700.0,10914389700.0,43.656048224217756,1.5926457064442803,0.1828624023165851,0.28485249568215293,0.0002820979900978757,43.656048224217756,0.014844881352979034,5.56197245823284,21.826384440566148,1.2960403495388484,0.22038855433239998,3.5672885737009543,0.0025243364851897957,0.14958707864860507,1.1493059810490267,0.009529741559081949,107.3399045036548,0.21086642572813044,-0.30434782608695654,0.6408951655059336,0.42578375177086375,0.4655701157034368,-0.1416357894213314,-0.298700075991419,-0.9165966386554621,0.6900248225954262,0.5430566660168232,0.3094913361256205,Trucking,Industrials,KNX
2022Q4,2022,Q4,2023-02-23,2022-12-31,148701000.0,1743623000.0,42840000.0,0.92,402130000.0,0.2306289834,10951666000.0,6945004000.0,1493572000.0,894007000.0,3996385000.0,341650000.0,2553567000.0,8422339409.999999,10314594410.0,43.216930821836826,1.6706491112485697,0.1907495170141237,0.30079536311282185,0.0034577693940738953,43.216930821836826,0.021411218769636416,4.830367235348467,14.159856709100811,1.212719158981046,0.12974357939758308,3.9265125128055027,0.0022906937206891784,0.15921075387068964,1.2459600428184567,0.013577934170015777,260.4954661016949,0.23062898344424224,-0.23966942148760326,-0.632154935663818,0.4200548672305331,0.46803164648767975,-0.09372415300743492,-0.2366282502117611,-0.6052813430016677,1.3412379645751247,0.5470429401684617,0.30153076790985617,Trucking,Industrials,KNX
2022Q3,2022,Q3,2022-11-02,2022-09-30,194795000.0,1896839000.0,108533000.0,1.21,443717000.0,0.2339244396,10747367000.0,6806417000.0,1474347000.0,912352000.0,3930754000.0,262397000.0,2424469000.0,7861338450.0,9701843450.0,42.36403074720692,1.6159848391848761,0.18931027478637324,0.2989218850387803,0.008613658989145345,42.36403074720692,0.028619316154152766,4.1444415946740865,10.089245681357324,1.154989247646743,0.09902718242254678,5.537875814128973,0.0024537806281575373,0.1764933680965766,1.2855202816456806,0.01812490445334192,44.042098702491934,0.23392443955443767,-0.10370370370370378,31.129227921573353,1.3278358574954627,-0.09149706799382734,-0.08550801103036648,-0.1125189072950267,-0.20882781746610293,1.7703948690182547,0.6767705625641826,0.289145918133755,Trucking,Industrials,KNX
2022Q2,2022,Q2,2022-08-03,2022-06-30,219492000.0,1961131000.0,137180000.0,1.35,485206000.0,0.2474113152,10714878000.0,6621058000.0,1473417000.0,1103803000.0,4083621000.0,209905000.0,2249333000.0,7515875850.0,9478221850.0,40.778850121639515,1.334855042068195,0.20162310760794477,0.3262872791629374,0.010862896766571633,40.778850121639515,0.03315059315293719,3.832419073483617,8.560535065059318,1.1351472604529367,0.0892242086271937,7.031395154951049,0.0026056843395038253,0.18302877550262356,1.1269646848214763,0.02048478760094142,56.69107417632151,0.24741131520535853,0.08000000000000007,3.3612849669331046,1.5627214596164563,1.8959929545620762,0.09402846423031135,0.05379090490090644,0.10859691939680949,1.9369667538070547,0.673358213902112,0.2689074058653329,Trucking,Industrials,KNX
2022Q1,2022,Q1,2022-05-04,2022-03-31,208288000.0,1826989000.0,123742000.0,1.25,443504000.0,0.2427513247,10695806000.0,6570694000.0,1466269000.0,1166029000.0,4114863000.0,235239000.0,2209104000.0,8344923420.0,10223729420.0,39.73160717633044,1.257489307727338,0.19836429344361706,0.32289831180694156,0.00994418618241462,39.73160717633044,0.03169954345766216,4.567582738593391,10.016087604662776,1.2700216171990357,0.09667863727147027,5.88118891850416,0.002413083857874396,0.17081358805498156,1.032535211388396,0.01947380122638724,28.589666582158788,0.24275132472061955,-0.17763157894736842,3.8955906099597115,1.3556029313818758,1.8774834302699375,-0.06697718059245888,-0.18191387409467252,-0.630068759342302,1.4773413552781423,0.5864072852483879,0.2398914592121777,Trucking,Industrials,KNX
2021Q4,2021,Q4,2022-02-24,2021-12-31,254604000.0,1816859000.0,334500000.0,1.52,475341000.0,0.2616278974,10655500000.0,6533152000.0,1414280000.0,1074816000.0,4112050000.0,0.0,2181142000.0,10114272740.0,11812348740.0,39.36321405546752,1.3158345242348457,0.18385594294026558,0.29986704733029323,0.028424286053097846,39.36321405546752,0.03897108164634774,5.566900205244326,9.93137651018837,1.548145939356684,0.06519928987761386,0.0,0.0016412450431903226,0.1705090328938107,1.118375610337025,0.02389413917695087,-21.269652426996632,0.2616278973767364,0.23577235772357727,2.8035167737428446,1.1845163820955094,1.8874742068553672,0.21867621081561966,0.23487471990222042,0.238489819946906,0.7661090897254949,0.3708361227469534,0.25887055197387504,Trucking,Industrials,KNX
2021Q3,2021,Q3,2021-11-03,2021-09-30,206178000.0,1642445000.0,270087000.0,1.23,390047000.0,0.23747948941973704,10354982000.0,6292660000.0,1404465000.0,852541000.0,4049542000.0,0.0,1946984000.0,8489160900.0,10149175900.0,37.915356157285224,1.6473870464880869,0.1863556112410432,0.3066602994600058,0.024190004509260205,37.915356157285224,0.03276484030600731,5.168611977874449,10.29348536216279,1.3490576163339512,0.0805275053594467,0.0,0.0019557881156428546,0.1586139888992564,1.3723035021189596,0.019910995499557604,39.11136507088196,0.23747948941973704,0.3369565217391304,2.066026378251772,1.032974695688045,1.8577809882707073,0.35633610827126233,0.34929713881835556,0.4132171729063653,1.0749506378579679,0.2996672010264365,0.24317886533590868,Trucking,Industrials,KNX
2021Q2,2021,Q2,2021-08-04,2021-06-30,152804000.0,1315701000.0,191115000.0,0.92,287574000.0,0.21857093670978436,8682459000.0,6085261000.0,1074877000.0,705548000.0,2584406000.0,0.0,1757689000.0,7527130420.0,8034127420.0,36.75184959263666,1.5234640307959204,0.0790132150350494,0.11273616694501681,0.02010671861767472,36.75184959263666,0.025110508817945524,5.721003799495478,12.315008802125599,1.2369445484754065,0.10934268736420513,0.0,0.0022197038004823093,0.15153552697455872,1.2440670230799322,0.01759916171213708,446.39606333768234,0.21857093670978436,0.19480519480519484,1.157096992513956,0.6585941894555695,1.839223780646843,0.10784343940211111,0.17731720471530935,0.17783913373064053,0.8033230325271838,0.0648178566864907,0.21583760014897713,Trucking,Industrials,KNX
2021Q1,2021,Q1,2021-05-05,2021-03-31,129790000.0,1223014000.0,162259000.0,0.77,259580000.0,0.21224613945547638,8519475000.0,5936844000.0,963745000.0,948439000.0,2570137000.0,0.0,1625397000.0,8054017020.000001,8585932020.000001,35.44850069859922,1.0161380963878541,0.08528283726403328,0.12238236342406841,0.01724097081496685,35.44850069859922,0.0218617838029768,6.5853841574994245,15.513554626704678,1.3566159090587526,0.1049695662223592,0.0,0.0016915782479933225,0.1435550899556604,0.8422217981335647,0.015234506821136279,41.28296258707386,0.21224613945547638,-0.08333333333333327,0.9952421373321793,0.5595811407691069,1.8192563088485123,-0.13616442094263836,-0.08809870089721701,-0.1665819169864041,0.9621994541350942,0.023512649850547386,0.190035868650599,Trucking,Industrials,KNX
2020Q4,2020,Q4,2021-02-25,2020-12-31,142329000.0,1277961000.0,194691000.0,0.84,300497000.0,0.23513784849459413,8468002000.0,5869848000.0,923363000.0,839708000.0,2595962000.0,0.0,1566759000.0,7029356520.0,7689738520.0,34.921694846685625,1.0996239168853934,0.09649041178781016,0.13919968626104118,0.020548371169586795,34.921694846685625,0.02424747625492176,5.500446821147124,12.347020846067913,1.197536379136223,0.09360706532048985,0.0,0.0018953370713369366,0.1509164735672004,0.8963127658662297,0.01680786093342916,57.49843782974651,0.23513784849459413,0.18309859154929578,0.6879461145214912,0.5239395176097787,1.7560669706591157,0.12597563671653983,0.1660767831686575,0.1766579435637401,-0.6633865391020846,-0.004921888875319401,0.18625159651587866,Trucking,Industrials,KNX
2020Q3,2020,Q3,2020-11-04,2020-09-30,122058000.0,1210406000.0,165461000.0,0.71,266877000.0,0.22048552303937688,8501361000.0,5879020000.0,998553000.0,1262199000.0,2620113000.0,0.0,1582814000.0,6927343500.000001,7491170500.000001,34.54081842484063,0.7911216852493149,0.09458050305121733,0.13676820286374258,0.016251400882059286,34.54081842484063,0.02076162353589544,5.7231569407289795,14.188630610037853,1.1783160288619534,0.11161906634550788,0.0,0.00196669906725428,0.1423779086666241,0.6563814422289987,0.014357465822237169,45.39365097047299,0.22048552303937688,0.5106382978723404,0.3832253894252582,0.38407248446793163,1.8314791222175377,0.3729300100316382,0.5221289703076482,0.6195151076179197,18.003679533087404,0.40217401836356514,-0.2592670182846218,Trucking,Industrials,KNX
2020Q2,2020,Q2,2020-08-05,2020-06-30,80189000.0,1060698000.0,102167000.0,0.47,194385000.0,0.1832613995689631,8279028000.0,5763460000.0,829500000.0,971483000.0,2513439000.0,0.0,1474466000.0,7088531080.0,7799695080.0,33.91307929484313,0.8538492181541005,0.10012334781329403,0.14382402237544809,0.010656764575563233,33.91307929484313,0.013913343720612271,6.682892849802677,22.099449675142477,1.2299089574665218,0.17095861028320591,0.0,0.0019339690896862092,0.12811866320539078,0.6798019110988046,0.009685798864311125,91.10402765817986,0.1832613995689631,0.2368421052631578,0.006645850507793946,0.21929664810993274,1.8557513840117046,0.04964604111430901,0.22564423929324734,0.00047003985546274443,0.5222533032101384,0.324228436421577,1.4084062795398435,Trucking,Industrials,KNX
2020Q1,2020,Q1,2020-05-06,2020-03-31,65426000.0,1124798000.0,102119000.0,0.38,185191000.0,0.16464378492849382,8288323000.0,5688059000.0,838442000.0,979281000.0,2597999000.0,0.0,1410527000.0,5596237599.999999,6223530599.999999,33.33817263226994,0.8561812186696157,0.09005742174864566,0.13122666273328037,0.01057447868369443,33.33817263226994,0.011502342011571961,4.9753267697844406,21.38384434322746,0.9838571646320827,0.21343196894201083,0.0,0.00249524787868192,0.13570875555887482,0.6811048105702041,0.00789375607104115,121.8905209966893,0.16464378492849382,-0.025641025641025664,-0.2339479130850473,0.3412581040265897,1.7786397837313808,-0.06976125055882339,-0.029921119743787437,0.02536322833934112,0.49054132261783007,0.405702758349377,1.4144515201485341,Trucking,Industrials,KNX
2019Q4,2019,Q4,2020-02-27,2019-12-31,67444000.0,1196810000.0,99593000.0,0.39,199079000.0,0.1663413574418663,8281732000.0,5666215000.0,890028000.0,993038000.0,2613429000.0,0.0,1395465000.0,6115916800.000001,6692946800.000001,33.20469395528729,0.8962678165387428,0.08896110137348082,0.13002542261456723,0.010333584071184312,33.20469395528729,0.011902831078594795,5.11018190021808,22.670351699187478,1.079365467071052,0.15184449320918095,0.0,0.0016744832107591784,0.1445120416840342,0.7129545898545675,0.008143707137589093,184.42545081720044,0.1663413574418663,-0.1136363636363636,-0.2969578526804772,0.2943802820833653,1.8704658377890848,0.15376011312794122,-0.09615513475120277,-0.0326362514933999,-0.020054154329451443,0.39958066337265413,1.4357182116103404,Trucking,Industrials,KNX
2019Q3,2019,Q3,2019-11-06,2019-09-30,74619000.0,1200522000.0,102953000.0,0.44,172548000.0,0.14372747854683213,8322225000.0,5603118000.0,900968000.0,696758000.0,2716932000.0,0.0,1338374000.0,6189295199.999999,6875155199.999999,32.862091211936374,1.2930859782019009,0.093707632273821,0.13918250516944317,0.011615948959928984,32.862091211936374,0.013317406486888193,5.155503356040121,20.736324528605312,1.1046162511658688,0.13712325279084414,0.0,0.0016531769239250375,0.14425493182412155,0.9583987553784815,0.00896623198723899,-98.81528219046858,0.14372747854683213,-0.04347826086956525,0.017293487056793226,0.5128493216805019,2.0594698578866018,-0.13134882877984685,-0.0579003850766997,-0.05193704934940558,0.08010889876201266,0.446424654538318,1.4769030023273264,Trucking,Industrials,KNX
2019Q2,2019,Q2,2019-08-07,2019-06-30,79205000.0,1242083000.0,108593000.0,0.46,198639000.0,0.15992409524967333,8213584000.0,5530067000.0,868312000.0,743587000.0,2681564000.0,0.0,1274067000.0,5668249320.0,6405481320.0,32.1369785794814,1.1677342395711598,0.0964615446801299,0.14327041607271665,0.012246934134451071,32.1369785794814,0.014322611281201476,4.563502857699525,17.891071649517073,1.0249874585606285,0.1297897859983587,0.0,0.0018136111204085145,0.1512230227389164,0.8885227955841078,0.00964317160450298,-57.497812176665114,0.15992409524967333,-0.09803921568627448,0.040284787316036685,0.5909412746883459,2.0927686554942633,0.07865699360317994,-0.09930860378903318,-0.06626024299435077,0.07587597212842377,0.5066355560243777,1.482706988420055,Trucking,Industrials,KNX
2019Q1,2019,Q1,2019-05-08,2019-03-31,87938000.0,1204535000.0,116299000.0,0.51,184154000.0,0.15288389295454263,8081142000.0,5542756000.0,813462000.0,761967000.0,2536519000.0,0.0,1292838000.0,5728799520.0,6255284520.0,32.04442363170705,1.0675816669225833,0.07260112494001467,0.10584986963164174,0.013565466904205688,32.04442363170705,0.015865392595308184,4.756025785884179,16.286473197025177,1.0335651650550737,0.12135822966180718,0.0,0.0018628684705657148,0.14905504692282354,0.8104602955246093,0.010881877833603221,41.61194375036318,0.15288389295454263,-0.4069767441860465,0.5456922531091757,0.6199303717360214,2.219485327030824,-0.3483050637525347,-0.42030112857293533,-0.4375631719195075,0.3089270097437868,0.48723788496062165,1.5485265020157646,Trucking,Industrials,KNX
2018Q4,2018,Q4,2019-02-28,2018-12-31,151696000.0,1394640000.0,206777000.0,0.86,282577000.0,0.2026164458211438,7911885000.0,5460949000.0,907232000.0,614563000.0,2449166000.0,0.0,1216852000.0,4378375220.0,4914151220.0,31.26867491955155,1.4762229421556456,0.07814345127614974,0.11321512066858709,0.024985853609460283,31.26867491955155,0.027778322046223103,3.1394304049790627,7.21570644578631,0.8017608697682399,0.0691053158949478,0.0,0.002394267159222594,0.17627152063003948,1.1492052076028008,0.019173180601083053,91.0776365111393,0.2026164458211438,0.43333333333333335,1.4930493842803527,0.8449736300389142,2.27115374896342,0.3099856288535534,0.4327027512018209,0.43316467978929857,0.7314589852596639,0.6006086023809172,1.4677657410499998,Trucking,Industrials,KNX
2018Q3,2018,Q3,2018-11-09,2018-09-30,105881000.0,1346611000.0,144280000.0,0.6,215710000.0,0.1601873146736511,7932066000.0,5393667000.0,971843000.0,680357000.0,2535880000.0,0.0,1154988000.0,6170261610.0,6742012610.0,30.49871359182127,1.4284309561009882,0.08359562313273743,0.12293788252037065,0.017572267541878097,30.49871359182127,0.019630614941560168,4.582066840386719,14.568859403481266,1.1439826763498748,0.09969682945948753,0.0,0.0017107864572374265,0.16976800243467466,1.1139210737892018,0.013348476928961508,-79.52290355840239,0.1601873146736511,0.17647058823529405,1.2914072065430113,0.8336264867473397,2.310014590801675,0.09770495140196428,0.15941219627038095,0.1612820141337068,0.1548203871787857,0.4819707444288603,1.5001281014126007,Trucking,Industrials,KNX
2018Q2,2018,Q2,2018-08-08,2018-06-30,91323000.0,1331683000.0,124242000.0,0.51,196510000.0,0.14756514876288127,7753741000.0,5394145000.0,941332000.0,641221000.0,2357357000.0,0.0,1159687000.0,6818612710.0,7253467710.0,30.227597491748437,1.468030523017805,0.07097851217883083,0.10202710531511482,0.015693670811426856,30.227597491748437,0.016930023201081914,5.120297180334959,18.666197754125466,1.2640766442133091,0.11769214765174162,0.0,0.0015762737168276565,0.17174716049968655,1.1608790105127562,0.011777927583601258,2199.5524870967743,0.14756514876288127,0.30769230769230765,0.5555244150379078,0.7549845958770088,2.362905364264561,0.12328015410733782,0.297865385708601,0.32533282130056324,0.09179009991405292,0.45785911876031965,1.545404462446902,Trucking,Industrials,KNX
2018Q1,2018,Q1,2018-05-09,2018-03-31,70364000.0,1271132000.0,93744000.0,0.39,174943000.0,0.1376277208031896,7656086000.0,5306987000.0,895501000.0,618356000.0,2346894000.0,0.0,1079543000.0,8197141600.0,8584088600.0,29.787758194881008,1.4481965081603478,0.06088372048067381,0.08783345427452527,0.012443315493435574,29.787758194881008,0.013258747383402296,6.448694234745093,29.12406059917003,1.544594249053182,0.1560883406287306,0.0,0.0013398572985490454,0.16602896048973326,1.1340781038754375,0.00919059686633614,53.78772424834972,0.1376277208031896,-0.844,0.49534426046241237,0.7423381808491522,2.412254337077637,-0.23122253471611884,-0.8427844956252066,-0.3479630801761134,-0.21101172731645945,0.4515786532822856,1.4827230604820107,Trucking,Industrials,KNX
2017Q4,2017,Q4,2018-03-01,2017-12-31,447564000.0,1359420000.0,143771000.0,2.5,227560000.0,0.16739491842109136,7683442000.0,5237732000.0,923207000.0,609550000.0,2443072000.0,0.0,1016738000.0,7778662400.0,8240786400.0,29.43869154676259,1.5145714051349357,0.07012130761187499,0.10286379677310714,0.078180738386137,29.43869154676259,0.0854499619300873,5.722044989775051,4.345000044686346,1.4851203536187036,0.023873680635618594,0.0,0.0013736294815931336,0.17692851719320585,1.1806988762201625,0.058250455980535805,-71.35078334250596,0.16739491842109136,61.5,7.160618062598343,0.8105540686660917,2.4479285015736494,2.2552750160932695,114.32182427209482,23.74118051970401,3.474680036746606,0.4101299347648732,1.5449039978498789,Trucking,Industrials,KNX
2017Q3,2017,Q3,2017-11-09,2017-09-30,3881000.0,521608000.0,5811000.0,0.04,69905000.0,0.13401826659100322,7547808000.0,4795770000.0,927855000.0,700506000.0,2749552000.0,0.0,581382000.0,4273251299.9999995,4676139300.0,46.630593314275714,1.3245496826579644,0.07145253297381174,0.11245535127831402,0.0015087855565379814,46.630593314275714,0.0008092548224789762,8.192457362617137,275.26741174954907,0.8910459217185144,1.2478742592115435,0.0,0.0011333290883220467,0.0691072162937902,1.0400382009575935,0.0005141890201764539,-102.27983006223072,0.13401826659100322,-0.8690910995038553,-0.86938308560369,0.2235863672124937,4.175932018403321,0.49692712906057945,-0.784028937117418,-0.7954593453009504,-0.9122822165628368,0.08972511958738977,3.341321243992391,Trucking,Industrials,KNX
2017Q2,2017,Q2,2017-07-24,2017-06-30,17970000.0,273243000.0,28410000.0,0.305556,46699000.0,0.17090648250824358,1099408000.0,816345000.0,261640000.0,81404000.0,280870000.0,0.0,583988000.0,2983264067.52,3830558067.52,14.081128912071534,3.214092673578694,0.0,0.0,0.021846182346826025,14.081128912071534,0.02201275196148687,10.917988997046585,41.50339548580968,3.65441580155449,0.26905954368391766,0.0,0.0016207080199974909,0.2485364850901576,2.7994201759127315,0.01634516030445476,88.4952706095933,0.17090648250824358,0.22222399999999998,-0.07803035003155011,0.14451740303144595,0.6007005284438177,0.1660465929236685,0.2079860177467061,0.25496952027564274,-0.29945374860773094,0.038823255584738425,0.3551265880680575,Trucking,Industrials,KNX
2017Q1,2017,Q1,2017-05-02,2017-03-31,14876000.0,271182000.0,22638000.0,0.25,40049000.0,0.14768310581085764,1069753000.0,798409000.0,210173000.0,72979000.0,269344000.0,0.0,570826000.0,2517720427.44,3475743427.44,13.807762282267324,2.8799106592307377,0.0,0.0,0.018354209982754898,13.807762282267324,0.01863205449838366,9.284246105714981,42.31178454288787,3.153421902107817,0.3422290938424308,0.0,0.0020220672416661023,0.25349963963643946,2.4008276353471545,0.013906013818143067,51.94710684465719,0.14768310581085764,-0.3333333333333333,0.3968996867651789,0.22329117503066634,0.6155264688753982,-0.24166856017571764,-0.36066701048650507,-0.34830296225926244,-0.21782525414396878,0.09096032658168833,0.38725815692011495,Trucking,Industrials,KNX
2016Q4,2016,Q4,2017-02-17,2016-12-31,23268000.0,289098000.0,34737000.0,0.375,52812000.0,0.1826785380735944,1078525000.0,786473000.0,190191000.0,78650000.0,289794000.0,0.0,562404000.0,2648198632.032,2658177632.032,13.632403698018285,2.4181945327399874,0.016689460142324006,0.022886990398907528,0.029115416376652686,13.632403698018285,0.029585249588987797,9.160210835190835,28.453225804022694,3.367183148095357,0.20818291215403129,0.0,0.0018291679262303412,0.2680494193458659,2.023572790845518,0.021573908810644166,103.35240338883035,0.1826785380735944,-0.06896603091529334,0.31943323602858875,0.2779813030749429,0.635575936077061,0.002106221893322707,-0.003511777301927195,-0.059484485839605784,0.15761213651210385,0.15776494893886298,0.4261457698123288,Trucking,Industrials,KNX
2016Q3,2016,Q3,2016-11-01,2016-09-30,23350000.0,280530000.0,36934000.0,0.402778,52701000.0,0.18786226072077852,1087214000.0,764585000.0,188319000.0,77291000.0,320682000.0,0.0,544192000.0,2296346319.36,2344460319.36,13.267411433172303,2.4364932527719914,0.04782867034456878,0.06801075093024321,0.028003587683325618,13.267411433172303,0.0305394429657919,8.185742413859481,24.586149029550324,3.003389184145648,0.20620985010706638,0.0,0.0020968091613210844,0.25802647868772843,1.8733617109365903,0.021476912548955403,454.092608139213,0.18786226072077852,-0.06451657856353174,0.40721483278164083,0.23279957330078777,0.6490459046015924,0.016020821283979178,-0.05369807497467072,-0.03012000735274809,0.550722746071018,0.17222521697561494,0.4399074667118385,Trucking,Industrials,KNX
2016Q2,2016,Q2,2016-08-02,2016-06-30,24675000.0,276318000.0,38081000.0,0.430556,51870000.0,0.18771849825201398,1086794000.0,746572000.0,204945000.0,87191000.0,338471000.0,0.0,529017000.0,2129192822.52,2179628822.52,12.944330011304608,2.3505292977486207,0.05520825473824846,0.08036733228677208,0.02959845378724523,12.944330011304608,0.033051065402935016,7.705588570125725,21.572369022492403,2.8519591178345824,0.19489361702127658,0.0,0.0022586023910734034,0.2542505755460556,1.867039029257607,0.022704394761104682,84.25106135327636,0.18771849825201398,0.10714368367323326,0.5589026160408627,0.24981954704755682,0.6516095027075103,-0.003075148952527388,0.09326539654408507,-0.01668086864461487,0.3004111614040392,0.12670052010309638,0.44009317458028335,Trucking,Industrials,KNX
2016Q1,2016,Q1,2016-05-03,2016-03-31,22570000.0,272088000.0,38727000.0,0.388889,52030000.0,0.19122489782717356,1111647000.0,730646000.0,233742000.0,84277000.0,379184000.0,0.0,518641000.0,2110485467.3760002,2195013467.3760004,12.57370625981775,2.77349692086809,0.09535401076061016,0.1450770961587417,0.02677228818992861,12.57370625981775,0.030890472267007554,7.756628250330776,23.37710974054054,2.888519840491839,0.22724856003544527,0.0,0.0024302465377205214,0.24476115169653676,2.1550600994340092,0.020303207762895955,64.33230102347132,0.19122489782717356,-0.22222200000000003,1.3768850303704003,0.5145051054613005,0.4738674503392329,-0.09448476304843453,-0.22795375247998906,-0.11282415467790709,0.4705802552599637,0.14345135485368954,0.4403461797127272,Trucking,Industrials,KNX
2015Q4,2015,Q4,2016-02-22,2015-12-31,29234000.0,290739000.0,43652000.0,0.5,57459000.0,0.19763086479626057,1120232000.0,738398000.0,244113000.0,80023000.0,379860000.0,0.0,529367000.0,1961129035.008,2064438035.008,12.670844075437715,3.0505354710520725,0.09997929000421342,0.15167971744235492,0.033561132269367785,12.670844075437715,0.039591114818837536,6.745324965030491,16.77096048272559,2.655924088375104,0.16699733187384552,0.0,0.002489382347031584,0.2595346321119197,2.2899791309998374,0.02609638003556406,-341.42218576044564,0.19763086479626057,-0.027027237399516315,1.1199182701765769,0.5945181214030225,0.5025470590314398,-0.05387693270323229,-0.034639896971898426,-0.059751001593934434,0.6274061508746668,0.1822271828498446,0.4840389341795238,Trucking,Industrials,KNX
2015Q3,2015,Q3,2015-11-04,2015-09-30,30283000.0,300122000.0,46426000.0,0.513889,60731000.0,0.20235437588713923,1097922000.0,712553000.0,217645000.0,104473000.0,383074000.0,0.0,505165000.0,1947046052.9520001,2054343052.9520001,12.198860360230803,2.083265532721373,0.10929738178121944,0.16840852540091755,0.03520652035293525,12.198860360230803,0.04249929478929988,6.487515253636855,16.073754688703232,2.73249295554436,0.16075025591916256,0.0,0.002500197667445727,0.27335457345785946,1.5136159581901545,0.027582105104005567,-63.44649546897811,0.20235437588713923,0.12121317906413034,0.8739046310765224,0.6164937912131356,0.31532823998197507,-0.0015290017098513744,0.09570157030175845,0.11550013215118095,0.7945029073096764,0.23958899015954732,0.3540567991705042,Trucking,Industrials,KNX
2015Q2,2015,Q2,2015-08-05,2015-06-30,27638000.0,301822000.0,41619000.0,0.458333,60824000.0,0.2015227518206095,1053734000.0,700215000.0,200021000.0,101570000.0,351676000.0,0.0,494855000.0,2189846215.152,2263916215.152,11.875361239325633,1.9692921138131338,0.08066551900194927,0.12139128696186172,0.03399723579628453,11.875361239325633,0.039470733988846284,7.255422782805759,19.808291257978148,3.1273911800689786,0.17696649540487736,0.0,0.0022334901721217486,0.28643092089654504,1.5105542975287978,0.02622863075501028,-198.71562750925588,0.2015227518206095,-0.08333400000000002,0.7794685205753286,0.6597841522065633,0.3110319255624974,0.0226302162143986,-0.06511517775597876,-0.10117916378714582,0.39420566271246116,0.24301374355698843,0.3499554708964945,Trucking,Industrials,KNX
2015Q1,2015,Q1,2015-05-06,2015-03-31,29563000.0,290281000.0,46304000.0,0.5,59478000.0,0.20489801261536236,1051644000.0,708579000.0,205670000.0,91792000.0,341487000.0,0.0,502501000.0,2645308218.6,2704870218.6,11.998018896677841,2.24060920341642,0.07454994275629395,0.11064397900586949,0.0362366478408868,11.998018896677841,0.041721529991715814,9.112922370392827,22.370092840713053,3.7332579974851074,0.17738389202719615,0.0,0.001982377691615584,0.27602591751581335,1.671474638312707,0.028111223950310182,83.82635290426846,0.20489801261536236,-0.10000071999942409,1.4337322489330053,0.780327490883537,0.3557305263034231,-0.10023599177054339,-0.10246523771935151,-0.12273123413284832,1.7180093132577832,0.2820677644688203,0.40378409661231657,Trucking,Industrials,KNX
2014Q4,2014,Q4,2015-02-20,2014-12-31,32938000.0,317467000.0,52782000.0,0.555556,66104000.0,0.20822321690128423,1082285000.0,677760000.0,238252000.0,92585000.0,403010000.0,0.0,479527000.0,2739116160.0,2856450160.0,11.567702189015598,2.5733326132742884,0.12418170814526673,0.19830028328611898,0.038613227917754435,11.567702189015598,0.0485983238904627,8.628034283878325,20.789939887060537,4.04142492917847,0.14921974618981115,0.0,0.001794374430619255,0.293330315027927,1.9554895501431118,0.030433758206017823,-190.5207039020658,0.20822321690128423,0.2903222809576456,1.5620110742370603,0.9343891244238763,0.33214647413682397,0.3041865603914296,0.31227091633466136,0.32648086250659697,0.839111813161645,0.3818488621107404,0.3878590859813076,Trucking,Industrials,KNX
2014Q3,2014,Q3,2014-11-07,2014-09-30,25100000.0,271547000.0,39791000.0,0.430556,50686000.0,0.18665645357893845,897568000.0,626692000.0,178458000.0,92366000.0,269723000.0,0.0,451706000.0,2219550594.84,2254942594.84,10.741106380644851,1.9320745728947881,0.041222503476059755,0.05904016646135582,0.036082763297947594,10.741106380644851,0.04005157238324408,8.173725339775435,22.107077637848604,3.5416928807771604,0.19406374501992033,0.0,0.0021945884051141145,0.3025364094976648,1.3871337938202368,0.02796445506078648,-58.952207034262955,0.18665645357893845,0.0,0.9659493229745719,0.6102847983990182,0.2622159102858019,0.05758878270667279,-0.02565894181126509,0.022931180750147818,0.4941069442554022,0.17867104897520047,0.3350439591860356,Trucking,Industrials,KNX
2014Q2,2014,Q2,2014-08-07,2014-06-30,25761000.0,264155000.0,38899000.0,0.430556,47926000.0,0.18143135658988094,838782000.0,604986000.0,162584000.0,71759000.0,232668000.0,0.0,431573000.0,1922137926.912,1937396926.912,10.39100629864134,2.265694895413816,0.01831465148274522,0.0253923231281385,0.0392979518891766,10.39100629864134,0.042581150638196584,7.276553261956049,18.653564757889832,3.177161003580248,0.1892783665230387,0.0,0.0025367586434515187,0.31492688207424574,1.7110188269067295,0.030712390108514488,-49.939928990412845,0.18143135658988094,0.3478293535017092,1.105789057907235,0.6742224827459439,0.24634311303577283,0.15264917386180524,0.35129039026437264,0.244768,0.6122372334345979,0.1835902419245502,0.3258225594172681,Trucking,Industrials,KNX
2014Q1,2014,Q1,2014-05-07,2014-03-31,19064000.0,249163000.0,31250000.0,0.319444,41579000.0,0.16687469648382786,814195000.0,576899000.0,178320000.0,78101000.0,236255000.0,0.0,410746000.0,1861988130.0,1864387130.0,9.95327525261936,2.2831973982407394,0.014738484024097422,0.020800868089561605,0.03194681571011062,9.95327525261936,0.033045645771616866,7.472972030357638,24.417595074485945,3.227580789704957,0.2615400755350399,0.0,0.0026777829136859213,0.3060237412413488,1.7079038680682705,0.02341453828628277,254.57863412633307,0.16687469648382786,-0.08000069120044229,0.680444413387049,0.73437601592409,0.2221674523479418,-0.07964229585851207,-0.05158947316053928,-0.02847727414039669,1.0127997724316402,0.3904482619178748,0.16670519542702544,Trucking,Industrials,KNX
2013Q4,2013,Q4,2014-02-28,2013-12-31,20101000.0,249716000.0,32166000.0,0.347222,45177000.0,0.180913517756171,807121000.0,551495000.0,164832000.0,62802000.0,254681000.0,0.0,396032000.0,1469601257.904,1506609257.904,9.558913251772445,2.6246297888602275,0.04708092095237269,0.06890361653324147,0.03274113748565342,9.558913251772445,0.03644819989301807,5.885090494417659,18.27771327177752,2.664758987668066,0.23978906522063578,0.0,0.003279801220961435,0.3093910330669131,1.8933314225661604,0.024904568212201144,-225.60657935277862,0.180913517756171,0.3157880775629147,0.33101098085783787,0.527020720382002,0.21793178256865295,0.23843855368842348,0.3348163888704429,0.3251215292082063,0.47231401032711773,0.3833256910648129,0.1335248787276378,Trucking,Industrials,KNX
2013Q3,2013,Q3,2013-11-08,2013-09-30,15059000.0,239338000.0,24274000.0,0.263889,36479000.0,0.15241624815115026,805128000.0,531049000.0,171563000.0,69503000.0,273406000.0,0.0,380868000.0,1322390398.464,1369109398.464,9.214072251093787,2.468425823345755,0.06458600371617929,0.09791940103455614,0.024991593527246208,9.214072251093787,0.028357081926526553,5.525200337865279,21.953489582043964,2.4901476106046716,0.31934391393850853,0.0,0.0036365962771552273,0.2972670184119792,1.8149000762557013,0.01870385826849892,-51.42486480513319,0.15241624815115026,-0.20833220833220836,0.0060373466484025615,0.22121734483504168,0.13128243862903755,-0.17767859155564572,-0.2048682612598342,-0.2396554424432263,-0.05559201113768122,0.30648009528827064,-0.006503142161663015,Trucking,Industrials,KNX
2013Q2,2013,Q2,2013-08-02,2013-06-30,18939000.0,244783000.0,31925000.0,0.333333,44361000.0,0.18122582042053573,758692000.0,517442000.0,153503000.0,61136000.0,240613000.0,0.0,370680000.0,1346425999.632,1371678999.632,8.988536464022369,2.5108446741690655,0.03426950593916899,0.05024717746143529,0.03524459371466021,8.988536464022369,0.03660120361315858,5.500488185993309,17.773192877554255,2.602081005469212,0.2533396694651249,0.0,0.0035635081328727843,0.32263817201183087,1.8455574456948443,0.024962698960843136,806.726183122828,0.18122582042053573,0.26315609972374754,0.5961353331663973,0.2703729625855249,0.1274521147022626,0.16936419232391395,0.24738194032799843,0.2498042593172565,0.2489717905363151,0.3787764674133823,-0.00767159575811255,Trucking,Industrials,KNX
2013Q1,2013,Q1,2013-05-03,2013-03-31,15183000.0,235400000.0,25544000.0,0.263889,37936000.0,0.1611554800339847,767456000.0,501828000.0,169424000.0,65848000.0,264929000.0,0.0,356591000.0,1260691944.912,1293495944.912,8.7296418298034,2.5729558984327543,0.056029270733436186,0.0856867293176148,0.02812123824694359,8.7296418298034,0.0302553863076592,5.355530777026338,20.758281382335504,2.512199289222602,0.33050121846802344,0.0,0.003980353820972713,0.3067276821081599,1.907119426558134,0.019783544594087477,44.287639461533054,0.1611554800339847,-0.1363645289243216,0.4380252655893625,0.4429182361917202,0.13194659831072159,1.2152617004857234,-0.14215492400700605,-0.10572748914717826,0.28410978931774017,0.48322834798848785,-0.013583657912326451,Trucking,Industrials,KNX
2012Q4,2012,Q4,2013-02-26,2012-12-31,17699000.0,242303000.0,28564000.0,0.305556,-176232000.0,-0.7273207512907393,782512000.0,490232000.0,163097000.0,53823000.0,291672000.0,0.0,346899000.0,1166681428.128,1240997428.128,8.538080628216811,3.030247292049867,0.10223485390639377,0.163188041580313,0.03048308667040333,8.538080628216811,0.0361033143491245,4.814968977387816,16.47948228894288,2.379855717554138,2.523758404429629,0.0,0.03828637271759103,0.3096476475760116,2.07795923675752,0.02261818349111579,-3546.144158443769,-0.7273207512907393,0.04761937414928663,0.38911027040781365,0.4086179742894713,0.09039599168545656,-2.57984760197221,0.06723347805113362,0.02870313681708503,0.4048175910051234,0.5065774930672781,-0.016747335043308265,Trucking,Industrials,KNX
2012Q3,2012,Q3,2012-11-07,2012-09-30,16584000.0,237933000.0,27767000.0,0.291667,111550000.0,0.46882946039431267,779938000.0,517148000.0,171721000.0,63585000.0,262548000.0,0.0,374550000.0,1125730482.192,1162499482.192,9.009120125318104,2.700652669654793,0.05769689385566545,0.08701570923604075,0.02963596818763951,9.009120125318104,0.03206818937712222,4.731291927525816,16.97012907308249,2.176805251479267,0.28853111432706224,0.0,0.004250573361647579,0.3050665565724455,1.8718408429661084,0.021263228615607907,176.17065449014083,0.46882946039431267,-0.12499812499812495,0.23983100316945175,0.43122997507277616,0.18141125176861875,-0.040512644073628076,-0.140235367307792,-0.135065258698564,0.32026328870308185,0.4341184582684916,0.05868560992408991,Trucking,Industrials,KNX
2012Q2,2012,Q2,2012-08-07,2012-06-30,19289000.0,236268000.0,32103000.0,0.333333,116260000.0,0.4920683291855012,760948000.0,504710000.0,169099000.0,51368000.0,255982000.0,0.0,362842000.0,1274177227.536,1321334227.536,8.796854040999813,3.2919132533873228,0.06570751220845576,0.09906679083037784,0.03471262074278923,8.796854040999813,0.03821798656654316,5.392931872009751,16.514298661620614,2.5245729776227934,0.24791331847166778,0.0,0.0037530100967566467,0.3104916498893486,2.3333008877121943,0.025348644059778068,-138.8295083390717,0.4920683291855012,0.8461474556370323,0.14924134594736443,0.4200550696867893,0.18726660951832255,0.03322935274304352,0.8290347051014603,0.6185842492689322,0.6000555232921747,0.5196110128973892,0.05513346208004826,Trucking,Industrials,KNX
2012Q1,2012,Q1,2012-05-08,2012-03-31,10546000.0,219532000.0,19834000.0,0.180556,112521000.0,0.5125494233186961,749840000.0,489416000.0,172275000.0,50868000.0,260149000.0,0.0,348404000.0,1404518732.496,1447904732.496,8.546911826136279,3.3867067704647322,0.0733489811159714,0.11237883518315707,0.019401722843821988,8.546911826136279,0.021548130833483174,6.3977858922435,33.295058138061826,2.8697850754695393,0.46520007585814527,0.0,0.0034930114397843906,0.29277179131548065,2.3796492883541718,0.0140643337245279,-209.7548883655914,0.5125494233186961,-0.4090903140504523,-0.3124288454379886,0.4283337223998674,0.19924507698439559,0.031233675180775893,-0.3963365769891242,-0.3215434083601286,-0.05905828856617428,0.5467580109866805,0.04947941123626688,Trucking,Industrials,KNX
2011Q4,2011,Q4,2012-02-27,2011-12-31,17470000.0,224100000.0,29234000.0,0.305556,109113000.0,0.48689424364123157,737583000.0,476359000.0,160097000.0,50015000.0,260833000.0,0.0,343290000.0,1241470649.9520001,1286886649.9520001,8.334925574116534,3.2009797060881735,0.07456787914038149,0.1154591390107041,0.033014925644783095,8.334925574116534,0.03667402106394547,5.53980655935743,17.765750571722954,2.6061660427366755,0.27263880938752144,0.0,0.003836578818987107,0.30383021300653623,2.371808457462761,0.02368546997422663,-80.05872508879861,0.48689424364123157,0.04761937414928663,-0.06237964637910669,0.38637286981102564,0.20975010543632897,0.02221243746603961,0.05476061100042263,0.05518859411658546,0.16776993575636104,0.38337788049625326,0.061979588545643796,Trucking,Industrials,KNX
2011Q3,2011,Q3,2011-11-09,2011-09-30,16563000.0,227143000.0,27705000.0,0.291667,106742000.0,0.46993303777796364,712691000.0,462813000.0,155043000.0,57287000.0,249723000.0,0.0,330642000.0,1063401810.84,1153367810.8400002,8.045507645451321,2.7064255415713863,0.14031326339184863,0.21606998939096353,0.029533793425616316,8.045507645451321,0.03578767234282529,4.68164024794953,16.050863533780113,2.297692179865302,0.2873271750286784,0.0,0.0044752603874548425,0.31871175586614675,1.978686263899314,0.02324008581559189,-26.729383944299215,0.46993303777796364,0.05000035999971194,-0.05533912132352753,0.39805529091284697,0.22442802730609304,0.006458791027466363,0.012532094388067001,0.021043708999778876,0.10863313866639131,0.16121208834516906,-0.01219121566207774,Trucking,Industrials,KNX
2011Q2,2011,Q2,2011-08-09,2011-06-30,16358000.0,228483000.0,27134000.0,0.277778,106057000.0,0.4641789542329189,654810000.0,467150000.0,139204000.0,52927000.0,187612000.0,0.0,336209000.0,1406515825.44,3082143825.44,7.8374034480213135,2.6301131747501274,0.0,0.0,0.0346787244162059,7.8374034480213135,0.03501658996039816,6.155888295584354,21.495840344785428,3.0108441088301405,0.2979581855972613,0.0,0.003465300504866533,0.34893022403445273,2.1815330549624954,0.02498129228325774,22.790132630760258,0.4641789542329189,0.6666646666706667,-0.06408695011975783,0.42903634369149085,0.2515962997825215,0.10595853841661801,0.6596996753246753,0.7014045648357161,0.3314700873569708,0.14522923013265918,-0.01693705904017745,Trucking,Industrials,KNX
2011Q1,2011,Q1,2011-05-12,2011-03-31,9856000.0,186473000.0,15948000.0,0.166667,95896000.0,0.5142621183763869,686408000.0,514548000.0,188197000.0,40494000.0,171930000.0,0.0,384475000.0,1612571829.84,3296493829.84,8.5310970514504,4.647528028843779,0.0,0.0,0.018739878892670817,8.5310970514504,0.01915467555990889,8.64774970017107,40.90330331371754,3.133958017211222,0.5219155844155844,0.0,0.00318993542167383,0.2716649572848801,4.098384945917914,0.01435880700691134,-86.49280357434027,0.5142621183763869,-0.2956873991293357,-0.36273413518318137,0.28066013999692074,0.4273270431060649,-0.1608166408512947,-0.3079623648363994,-0.3200886766712142,-0.11029286855698948,0.08940326854426563,0.10620188955282563,Trucking,Industrials,KNX
2010Q4,2010,Q4,2011-03-30,2010-12-31,14242000.0,188311000.0,23456000.0,0.2366378221743696,114273000.0,0.6068312525556128,676987000.0,507533000.0,165248000.0,40469000.0,169523000.0,0.0,379714000.0,1588210668.72,1560197668.72,8.432909970623813,4.083323037386641,0.0,0.0,0.027534538221930423,8.432909970623813,0.028061229516110283,8.433977137395054,27.878996431680946,3.129275670192874,4.758882179469175,0.0,0.04267443943984036,0.2781604373496094,3.5141466307544045,0.0210373315883466,21.96118127628977,0.6068312525556128,-0.14810452168865218,-0.21646956337172904,0.16759214420237045,0.46743930636811176,-0.028489083860436644,-0.14467599543570955,-0.13713949381989404,0.06638384606994728,0.0443948156516321,0.07696467515474359,Trucking,Industrials,KNX
2010Q3,2010,Q3,2010-09-30,2010-09-30,16651000.0,191299000.0,27184000.0,0.277778,117624000.0,0.6148699156817339,719741000.0,558177000.0,203494000.0,43120000.0,161604000.0,0.0,434376000.0,1163372184.0,1153707184.0,9.274384894524863,4.719248608534323,0.0,0.0,0.02933914869037899,9.274384894524863,0.02983103925815646,6.081433692805503,17.467001741637137,2.0842352587082593,0.3012431685784638,0.0,0.004311603860729749,0.26578866564500286,3.993181818181818,0.02313471095852536,-189.96933115610713,0.6148699156817339,0.05263197783916738,0.09967842763142681,0.335312616993001,0.7070331672670539,0.00154117316485444,0.05146501641828745,0.045699338359747654,0.18729646261779215,0.09752164167305223,0.21619675564462632,Trucking,Industrials,KNX
2010Q2,2010,Q2,2010-06-30,2010-06-30,15836000.0,185408000.0,25996000.0,0.263889,117443000.0,0.6334300569554712,704298000.0,544562000.0,219340000.0,44737000.0,159740000.0,0.0,422822000.0,1216814227.1999998,1204376227.1999998,9.058025977689686,4.902876813375952,0.0,0.0,0.02864319340332296,9.058025977689686,0.029080251651786206,6.562900345184673,19.209620914372316,2.2344824413014495,0.3163677696387977,0.0,0.004117308861130318,0.26325220290274853,4.252676755258511,0.022484800467983724,-261.2871434829289,0.6334300569554712,0.26666922667076265,0.08062247334201053,0.4136045491393909,0.745007332881965,0.13602112573877212,0.2828904731043422,0.3991388589881593,-0.09957452249559012,0.06348043261036032,0.22251565631731632,Trucking,Industrials,KNX
2010Q1,2010,Q1,2010-03-31,2010-03-31,12344000.0,165691000.0,18580000.0,0.208333,103381000.0,0.6239385361908613,693622000.0,531123000.0,223805000.0,46309000.0,162499000.0,0.0,412080000.0,1265713819.2,1254605819.2,8.849855235901497,4.832861862704874,0.0,0.0,0.021775187308276617,8.849855235901497,0.023241320748677803,7.63900163074639,25.634191088788075,2.3830898289096876,0.3378159429682437,0.0,0.003294583607087159,0.238877947931294,4.45356194260295,0.017796436675883983,-49.01497963830694,0.6239385361908613,-0.05055310158855758,-0.011867740503420042,0.3848507294845285,0.7846872690574369,-0.026700057429601666,-0.06086427267194157,-0.11637418557093261,-0.23211569290488618,0.02858638748752477,0.2417520549614972,Trucking,Industrials,KNX
2009Q4,2009,Q4,2009-12-31,2009-12-31,13144000.0,167790000.0,21027000.0,0.2194256470251999,106217000.0,0.633035341796293,686473000.0,520158000.0,204452000.0,45759000.0,166315000.0,0.0,403977000.0,1155506553.50184,1124694553.50184,8.683506216169654,4.468017220656046,0.0,0.0,0.02473402928087488,8.683506216169654,0.025269245113984595,6.88662347876417,21.97783310829732,2.221453007551244,0.3167985392574559,0.0,0.003603614351974655,0.24442330579644064,3.8362944994427326,0.019147147812077096,54.216044362681934,0.633035341796293,-0.012583600970201437,-0.08300432416324433,0.34593552080808754,0.8175862132203715,-0.03638821352106543,0.00274641440341776,0.014131378412269703,-0.32693941648223035,-0.009631646279989322,0.26034389475418057,Trucking,Industrials,KNX
2009Q3,2009,Q3,2009-09-30,2009-09-30,13108000.0,173132000.0,20734000.0,0.222222,110228000.0,0.6366702862555738,670770000.0,509748000.0,182779000.0,40303000.0,161022000.0,0.0,395067000.0,1005152935.1018399,1002053935.1018399,8.50972190503664,4.535121454978538,0.0,0.0,0.02474786031245204,8.50972190503664,0.025714666854995016,5.805702788056743,19.17060068473146,1.9718624400720355,0.3175160207506866,0.0,0.004140663430066306,0.2581093370305768,3.6849614172642235,0.019541720709035884,-40.507493153132906,0.6366702862555738,0.06666730666769073,0.0614365809583446,0.543609015106939,0.8846532252254429,0.0217743953874248,0.04304925598790483,-0.0025016838256518813,-0.28206471941943173,0.023326617691418153,0.29507576951944664,Trucking,Industrials,KNX
2009Q2,2009,Q2,2009-06-30,2009-06-30,12567000.0,162080000.0,20786000.0,0.208333,107879000.0,0.6655910661401777,668745000.0,498645000.0,179980000.0,48556000.0,170100000.0,0.0,386120000.0,989850144.19032,967021144.19032,8.337195584393697,3.706647994068704,0.0,0.0,0.024786135366516793,8.337195584393697,0.025202298228198416,6.107170188735933,19.691456676022916,1.985079854787113,0.33070740829155726,0.0,0.0041986153403044,0.2423644288929263,3.087157096960211,0.018791916201242626,-53.42743801966427,0.6655910661401777,0.0714293061241282,0.680026289118387,1.3083716789885986,1.9061132696209175,0.03260172484756827,0.0700783378746594,0.06874389428762404,-0.28344491077665684,0.010256097489910538,0.3314107424984959,Trucking,Industrials,KNX
2009Q1,2009,Q1,2009-03-31,2009-03-31,11744000.0,148719000.0,19449000.0,0.194444,104473000.0,0.7024858962203888,663148000.0,488647000.0,178532000.0,44861000.0,174501000.0,0.0,377709000.0,909618192.0,873278192.0,8.143953787590915,3.979670537883685,0.0,0.0,0.02368661266001669,8.143953787590915,0.024033709405767354,6.116354951283965,19.36346628065395,1.8615036867104475,0.28295299727520434,0.0,0.0036531811140382295,0.2242621556575606,3.3429036356746393,0.017709470585751598,67.6346339504796,0.7024858962203888,-0.257166330166677,0.2772829728670168,0.5968602439703689,0.9809269980188203,-0.11264279950736825,-0.2723217051861949,-0.27883866661722717,-0.23669680623567924,0.02670450318551789,0.36255459394385026,Trucking,Industrials,KNX
2008Q4,2008,Q4,2008-12-31,2008-12-31,16139000.0,174760000.0,26969000.0,0.26175980962687023,117735000.0,0.6736953536278325,646940000.0,483904000.0,152493000.0,35139000.0,163036000.0,0.0,374185000.0,993890912.8557599,971863912.8557599,7.848480012248653,4.339708016733544,0.0,0.0,0.03280668289288964,7.848480012248653,0.03335165652691443,5.687176200822613,15.39579454823347,2.0539010069264974,0.20701406530763988,0.0,0.0033615359158484107,0.2701332426500139,3.575713594581519,0.02494667202522645,92.76562561655403,0.6736953536278325,-0.008068507490383276,0.5905311732517725,0.9051667806601082,0.9813487349303038,-0.02043414232346848,0.007868606757009929,0.027821182209687868,-0.13328826286464662,0.057719903994845355,0.3657406642948171,Trucking,Industrials,KNX
2008Q3,2008,Q3,2008-09-30,2008-09-30,16013000.0,209657000.0,26239000.0,0.263889,120191000.0,0.573274443495805,673851000.0,502174000.0,190457000.0,51922000.0,171677000.0,0.0,393397000.0,1046298185.5442401,1006864185.5442401,8.144802691589561,3.6681368206155387,0.0,0.0,0.03151145962579171,8.144802691589561,0.031887353785739606,4.990523500499578,16.33513685043777,2.0835371515535255,0.21413851245862736,0.0,0.003277268418673955,0.31113257975427805,3.0624783328839413,0.023763413573623843,72.24319447243252,0.573274443495805,0.26666922667076265,0.6623308191891913,1.3500956944169522,1.1572080710224757,0.03694277407276398,0.26166088874881815,0.2661776769772716,0.032312662839574735,0.4285412522733992,0.49912349913332377,Trucking,Industrials,KNX
2008Q2,2008,Q2,2008-06-30,2008-06-30,12692000.0,206107000.0,20723000.0,0.208333,115909000.0,0.562372942209629,650249000.0,490915000.0,175273000.0,44314000.0,159334000.0,0.0,384270000.0,1126850986.42344,1102475986.42344,7.972433016719349,3.9552511621609425,0.0,0.0,0.02534617882408267,7.972433016719349,0.025853762871372844,5.467310602858904,22.196087819560354,2.295409564636322,0.2698550267885282,0.0,0.0030394435832822512,0.3169662698443212,3.2058717335379336,0.019518676691544317,-334.6750776428393,0.562372942209629,0.153841467467157,0.39287178979002463,1.3785997488107966,1.2046002993783915,0.07570161110698641,0.11167557151616012,0.10658407646713301,-0.15441569560001125,0.5342302961290247,0.5358704103246447,Trucking,Industrials,KNX
2008Q1,2008,Q1,2008-03-31,2008-03-31,11417000.0,176411000.0,18727000.0,0.180556,107752000.0,0.6108009137752181,629561000.0,479391000.0,151192000.0,54267000.0,150170000.0,0.0,375003000.0,1023173289.8388,1001708289.8388,7.712061543213451,2.786076252602871,0.0,0.0,0.02349693664837034,7.712061543213451,0.023815632750719143,5.7999404223024635,22.404600373101513,2.134318937649643,0.22554086012087238,0.0,0.002516680239381238,0.2802127196570309,2.095472386533252,0.018134859052577907,486.29909212870723,0.6108009137752181,-0.1863430793023088,0.5636802951170644,1.2146387377163506,1.2339732232802174,0.16067042957473393,-0.17369906636751828,-0.16199042377052847,-0.11763003201464611,0.4235386373140746,0.5552365194093998,Trucking,Industrials,KNX
2007Q4,2007,Q4,2007-12-31,2007-12-31,13817000.0,186538000.0,22347000.0,0.22190679561255078,92836000.0,0.49767875714331666,643364000.0,487550000.0,167347000.0,62446000.0,155814000.0,0.0,384233000.0,922142872.8000001,898454872.8000001,7.830256799659776,2.6798674054382987,0.0,0.0,0.02789527047108648,7.830256799659776,0.028339657471028613,4.943458559650045,16.68493292321054,1.891381135883499,0.188101613953825,0.0,0.0028184352736017808,0.28994161936322205,1.9764276334753226,0.021476178337612922,-68.77557225536994,0.49767875714331666,-0.06015901159814329,0.6160647145290905,1.2742353748339847,1.353745615351994,-0.027986891287732046,-0.04769453442690744,-0.049993623262338985,-0.07263542446280076,0.4395359137683028,0.638988497357761,Trucking,Industrials,KNX
2007Q3,2007,Q3,2007-09-30,2007-09-30,14509000.0,180325000.0,23523000.0,0.236111,95509000.0,0.5296492444197975,615965000.0,474815000.0,151333000.0,53697000.0,141150000.0,0.0,373015000.0,1083408912.0,1054382912.0,7.625727376331569,2.8182766262547254,0.0,0.0,0.030001092593955885,7.625727376331569,0.030557164369280666,6.0080904588936646,18.6678770418361,2.281749548771627,0.17899234957612517,0.0,0.002397063538277411,0.29275202324807414,2.377171909045198,0.023554909775717777,-75.36757648695652,0.5296492444197975,-0.19047749659714683,0.8804621816587194,1.3311128403979775,1.4055690150470594,-0.052621659690122405,-0.2017934752709468,-0.19768750639517035,0.1302957802663436,0.5467242997072804,0.6888744256127798,Trucking,Industrials,KNX
2007Q2,2007,Q2,2007-06-30,2007-06-30,18177000.0,180187000.0,29319000.0,0.291667,100814000.0,0.5594965230566024,596361000.0,460381000.0,149821000.0,49888000.0,135980000.0,0.0,361102000.0,1204181664.2647202,1170398664.2647202,7.4093333127331205,3.003147049390635,0.0,0.0,0.03840830399006505,7.4093333127331205,0.03948251556862686,6.682955286811591,16.561886783637565,2.615619811123222,0.14248775925620288,0.0,0.002150838263744423,0.30214417106417085,2.4851868184733803,0.030479860353041194,261.380869169681,0.5594965230566024,0.10526395567833455,1.613739400782418,1.4880547695959412,1.4387977110200667,0.05473833985478437,0.09374811962211926,0.07576869450355911,1.3390520647897475,1.4702049238310217,1.5826864250952946,Trucking,Industrials,KNX
2007Q1,2007,Q1,2007-03-31,2007-03-31,16619000.0,166534000.0,27254000.0,0.263889,95582000.0,0.573948863295183,585639000.0,442186000.0,136250000.0,59213000.0,143453000.0,0.0,345515000.0,1105634059.2,1085484059.2,7.12691007882077,2.301014979818621,0.0,0.0,0.03708032959186712,7.12691007882077,0.037583731732800225,6.6390890700998,16.632078632890067,2.500382325989516,0.10373668692460437,0.0,0.0015592862626242078,0.2843628924986212,1.7331160387077162,0.02837754999240146,174.94209797468355,0.573948863295183,-0.19055367167939696,1.882778895506721,1.5728696253037475,1.444609548413498,-0.07235265001892524,-0.1757266144231723,-0.17050158266374482,0.7479628377376641,0.7292572009273331,0.733542325485709,Trucking,Industrials,KNX
