Year,Date,FillingDate,NetIncome,Revenue,OperatingIncome,EPSDiluted,GrossProfit,GrossProfitRatio,TotalAssets,CommonStockEquity,CurrentAssets,CurrentLiability,TotalLiability,Inventory,RetainedEarnings,EnterpriseValue,bookValuePerShare,currentRatio,debtToAssets,debtToEquity,roic,shareholdersEquityPerShare,roe,priceToSalesRatio,peRatio,pbRatio,payoutRatio,inventoryTurnover,dividendYield,assetTurnover,quickRatio,returnOnAssets,priceToFreeCashFlowsRatio,grossProfitMargin,epsdilutedGrowth,fiveYNetIncomeGrowthPerShare,fiveYRevenueGrowthPerShare,fiveYShareholdersEquityGrowthPerShare,grossProfitGrowth,netIncomeGrowth,operatingIncomeGrowth,threeYNetIncomeGrowthPerShare,threeYRevenueGrowthPerShare,threeYShareholdersEquityGrowthPerShare,Industry,Sector,Price,MarketCap,AvgVolume,Symbol
2022,2022-12-31,2023-02-23,771325000.0,7428582000.0,412295000.0,4.73,1774557000.0,0.2388823331,10951666000.0,6945004000.0,1493572000.0,894007000.0,3996385000.0,341650000.0,2553567000.0,10396301600.0,42.80170097374584,1.6706491112485697,0.1907495170141237,0.30079536311282185,0.03232803993751743,42.80170097374584,0.11106185108028735,1.1447738747448704,11.025244352250995,1.2244840463734794,0.10151881502609146,16.549173130396603,0.009207851706739238,0.6783061134260303,1.2459600428184567,0.07042992362988426,13.38608603944655,0.23888233312898746,0.0629213483146068,0.08616932406869678,1.0887212186348858,-0.09573307212896863,0.2562861847647716,0.03758064429342416,-0.014070529605742996,1.6372175734331484,0.6212975851742727,0.2957938565227995,Trucking,Industrials,56.25,9057937500,1990878,KNX
2021,2021-12-31,2022-02-24,743388000.0,5998019000.0,418179000.0,4.45,1412542000.0,0.2355014214,10655500000.0,6533152000.0,1414280000.0,1074816000.0,4112050000.0,191780000.0,2181142000.0,12084067400.0,39.389557458097194,1.3158345242348457,0.20999108441649852,0.3424931794025304,0.03383228439490071,39.389557458097194,0.11378703572180779,1.685141110756735,13.596545007452367,1.5471105524561497,0.08546680871900003,23.910089686098654,0.00628592106834163,0.562903570925813,1.1129179319995237,0.0697656609262822,15.406448525051939,0.23550142138596092,0.8541666666666669,1.762884230058191,0.8715196800646761,1.8978807967244609,0.45755268444845265,0.8131326188652739,4.481798518712722,0.8923599214627126,0.1978758040146311,0.2768221571227728,Trucking,Industrials,56.25,9057937500,1990878,KNX
2020,2020-12-31,2021-02-25,410002000.0,4673863000.0,76285000.0,2.4,969119000.0,0.2073486108,8468002000.0,5869848000.0,923363000.0,839708000.0,2595962000.0,149734000.0,1566759000.0,7757696020.0,34.58731608440231,1.0996239168853934,0.09649041178781016,0.13919968626104118,0.007992301366025377,34.58731608440231,0.06984882743130656,1.518511351316887,17.310437558841176,1.209113765807905,0.13321886234701294,24.74216944715295,0.007695869147973814,0.5519440122947539,0.8963127658662297,0.048417796783704115,17.806587468450342,0.20734861077442793,0.33333333333333326,0.21445181755082995,0.3659556567380628,1.7483275713429625,0.1497423778118664,0.3259833250325026,5.7491128680819275,-0.44798919367759804,0.25646968373560014,-0.2692774972160267,Trucking,Industrials,56.25,9057937500,1990878,KNX
2019,2019-12-31,2020-02-27,309206000.0,4843950000.0,-16063000.0,1.8,842901000.0,0.174011086,8281732000.0,5666215000.0,890028000.0,993038000.0,2613429000.0,154189000.0,1395465000.0,7083364440.000001,33.03125783340426,0.8962678165387428,0.1322256020842017,0.19326075696033418,-0.0016324645490572098,33.03125783340426,0.05457011426498994,1.2692181876361237,19.883279884607674,1.0850328552658168,0.13397217389054547,25.94899117317059,0.006737931300472106,0.5848957681798927,0.7129545898545675,0.03733590992801989,639.2876614328794,0.17401108599386864,-0.2372881355932203,0.02131160125652415,0.49297506221008486,1.8404191513887125,-0.030858647411870214,-0.2625028621584491,-1.0282280952406058,0.11113998816393746,0.4613691546649786,1.4301021373216678,Trucking,Industrials,56.25,9057937500,1990878,KNX
2018,2018-12-31,2019-02-28,419264000.0,5344066000.0,569043000.0,2.36,869740000.0,0.16274873850734628,7911885000.0,5460949000.0,907232000.0,614563000.0,2449166000.0,0.0,1216852000.0,4973617260.0,30.849681953247693,1.4762229421556456,0.07814345127614974,0.11321512066858709,0.06983371556168202,30.849681953247693,0.07677493417352918,0.8304241115285627,10.58483738169745,0.8126501932173328,0.1020120973897115,0.0,0.009637568694829792,0.6754478863128066,1.1492052076028008,0.052991670126651236,35.22655389744404,0.16274873850734628,-0.45622119815668205,0.9689724417249653,0.7939664172531071,2.221803298091604,1.278828593961657,-0.13427436340059304,1.836280715745402,0.19062349998416772,0.49735576390531366,1.4513330630331036,Trucking,Industrials,56.25,9057937500,1990878,KNX
2017,2017-12-31,2018-03-01,484292000.0,2425453000.0,200630000.0,4.34,381661000.0,0.15735658452256135,7683442000.0,5237732000.0,923207000.0,609550000.0,2443072000.0,0.0,1016738000.0,5300048040.0,47.333038126824334,1.5145714051349357,0.07012130761187499,0.10286379677310714,0.08446190191574607,47.333038126824334,0.09246215728487063,1.9946476142807137,9.989683992302165,0.923667732522397,0.05255919982159524,0.0,0.005261347592385927,0.3156727154314434,1.1806988762201625,0.06303060529382534,-70.50106438168517,0.15735658452256135,1.6937932892271232,2.915605015150012,0.3432754765229473,4.5386814928615475,0.8225364353523198,4.159562340858486,0.3512348547606059,1.479743114724996,0.1588702415100711,3.070255776117616,Trucking,Industrials,56.25,9057937500,1990878,KNX
2016,2016-12-31,2017-02-17,93863000.0,1118034000.0,148479000.0,1.611111,209412000.0,0.18730378503694878,1078525000.0,786473000.0,190191000.0,78650000.0,289794000.0,0.0,562404000.0,2665944385.792,13.592538900364739,2.4181945327399874,0.016689460142324006,0.022886990398907528,0.11501519357856099,13.592538900364739,0.11934675443403651,2.375567635503035,28.296191106101446,3.3770585713584573,0.2087830135410119,0.0,0.007378484714007763,1.036632437820171,2.023572790845518,0.08702904429660879,29.923673198945444,0.18730378503694878,-0.18309855584209078,0.5788231719881426,0.30803398680982474,0.6731355938796136,-0.12192544760786615,-0.1958138419095598,-0.16584831460674157,0.34859234949067147,0.14823743898223363,0.41954418606326327,Trucking,Industrials,56.25,9057937500,1990878,KNX
2015,2015-12-31,2016-02-22,116718000.0,1182964000.0,178000000.0,1.972222,238490000.0,0.20160376816200662,1120232000.0,738398000.0,244113000.0,80023000.0,379860000.0,0.0,529367000.0,2077837233.856,12.584859405060408,3.0505354710520725,0.09997929000421342,0.15167971744235492,0.1329444927059901,12.584859405060408,0.15806922553961414,1.669136367510761,16.91708420171696,2.6740703981538414,0.1703678952689388,0.0,0.01007076002208748,1.0559991144691456,2.2899791309998374,0.1041909175956409,-124.22322955998742,0.20160376816200662,0.13599994470399643,1.025371030726721,0.6594933009674367,0.4913331028557671,0.15606291960541943,0.13470475005346969,0.09389019309005543,0.7797793625209284,0.23560739679284243,0.47261892824856827,Trucking,Industrials,56.25,9057937500,1990878,KNX
2014,2014-12-31,2015-02-20,102862000.0,1102332000.0,162722000.0,1.736111,206295000.0,0.18714416346436463,1082285000.0,677760000.0,238252000.0,92585000.0,403010000.0,0.0,479527000.0,2842010020.0,11.629008281138688,2.5733326132742884,0.12418170814526673,0.19830028328611898,0.12129047918476152,11.629008281138688,0.15176758734655335,2.471738115195785,26.488654896852093,4.020119245750708,0.1910132021543427,0.0,0.007211132573479323,1.0185228474939596,1.9554895501431118,0.09504150939909543,-32.74772265089781,0.18714416346436463,0.4534888199028166,1.0917090116854995,0.7391211488464342,0.3397377309436835,0.25825693948875594,0.484685776969487,0.4285262797496247,0.7176869022906818,0.28034323543734757,0.4314402790616124,Trucking,Industrials,56.25,9057937500,1990878,KNX
2013,2013-12-31,2014-02-28,69282000.0,969237000.0,113909000.0,1.194444,163953000.0,0.16915676970648047,807121000.0,551495000.0,164832000.0,62802000.0,254681000.0,0.0,396032000.0,1504096680.096,9.575284118531112,2.6246297888602275,0.04708092095237269,0.06890361653324147,0.11594154603657972,9.575284118531112,0.1256257989646325,1.5136531932809003,21.175610982592882,2.6602030482524777,0.28066453046967466,0.0,0.013254140846296763,1.200857120555654,1.8933314225661604,0.0858384306690075,-700.6154155186247,0.16915676970648047,0.07499970749997084,0.31376706934966775,0.3482698707537137,0.215871755586751,0.04792432328784635,0.0805558588205936,0.05211190852244913,0.22472732186021757,0.3851161512658706,0.13469191157372387,Trucking,Industrials,56.25,9057937500,1990878,KNX
2012,2012-12-31,2013-02-26,64117000.0,936036000.0,108267000.0,1.111111,156455000.0,0.16714634907204423,782512000.0,490232000.0,163097000.0,53823000.0,291672000.0,0.0,346899000.0,1239929440.464,8.545903603200303,3.030247292049867,0.10223485390639377,0.163188041580313,0.11201085644177973,8.545903603200303,0.1307890957750616,1.2452656099380792,18.179475653321276,2.377677182362637,0.9223918773492209,0.0,0.05073809030243983,1.196193796389065,2.07795923675752,0.08193740159895312,-118.78257825985936,0.16714634907204423,0.08108073922578599,0.10139447462869908,0.42234643213446704,0.0902844711158562,-0.6198738055380758,0.064217899349356,0.0824426870357225,0.3246742201183505,0.500374108664456,-0.015456071109278246,Trucking,Industrials,56.25,9057937500,1990878,KNX
2011,2011-12-31,2012-02-27,60248000.0,866199000.0,100021000.0,1.027778,411587000.0,0.47516448298832026,737583000.0,476359000.0,160097000.0,50015000.0,260833000.0,0.0,343290000.0,1319120656.976,8.123991235430472,3.2009797060881735,0.07456787914038149,0.1154591390107041,0.1129327918758182,8.123991235430472,0.1264760401293982,1.4704526984861448,21.141028033727263,2.6738335099704216,0.32432611870933475,0.0,0.015341076043791356,1.174374951700351,2.371808457462761,0.08168301058999462,-104.23968057746134,0.47516448298832026,0.0571433273470463,-0.1300644581716355,0.3735626010934625,0.17785794507640745,-0.09085949182830043,0.019907908992416033,0.0504752402457596,0.12218787396353759,0.18355788845128437,0.031586255145973734,Trucking,Industrials,56.25,9057937500,1990878,KNX
2010,2010-12-31,2011-03-30,59072000.0,730709000.0,95215000.0,0.972222,452721000.0,0.6195640124865028,676987000.0,507533000.0,165248000.0,40469000.0,169523000.0,0.0,379714000.0,1559114668.264,8.438664293685662,4.083323037386641,0.0,0.0,0.11335359015393631,8.438664293685662,0.11639046130990498,2.172037936119577,26.867681274783315,3.127141817899526,1.3876625135427951,0.0,0.051648019021469746,1.0793545518599323,3.5141466307544045,0.08725721468802207,44.43868593767324,0.6195640124865028,0.1666668666667467,-0.022539730683688676,0.31645430495800386,0.46851810549908623,0.055798225259156474,0.16828510966517018,0.1612151812283526,-0.03215799663364019,0.05903517135182568,0.076602903983129,Trucking,Industrials,56.25,9057937500,1990878,KNX
2009,2009-12-31,2009-12-31,50563000.0,651721000.0,81996000.0,0.833333,428795000.0,0.6579425858611276,686473000.0,520158000.0,204452000.0,45759000.0,166315000.0,0.0,403977000.0,1125152883.9256,8.680063278465298,4.468017220656046,0.0,0.0,0.09500667949200683,8.680063278465298,0.09720700248770565,1.7737112720406432,22.86187298865969,2.2223341444822533,0.31258034531178924,0.0,0.013672560663198517,0.9493760133319155,3.8362944994427326,0.07365621080508629,-134.74354632539925,0.6579425858611276,-0.09090978512371452,0.07384823428439488,0.4977499952879023,0.8167689171063459,-0.07104186209750274,-0.10127797230763762,-0.11506831574176002,-0.28561913837544706,0.011218560550683758,0.2584801238728293,Trucking,Industrials,56.25,9057937500,1990878,KNX
2008,2008-12-31,2008-12-31,56261000.0,766935000.0,92658000.0,0.916667,461587000.0,0.6018593492277703,646940000.0,483904000.0,152493000.0,35139000.0,163036000.0,0.0,374185000.0,968486450.2462399,7.875241837417554,4.339708016733544,0.0,0.0,0.11449774145181697,7.875241837417554,0.11626479632323766,1.2915220328270842,17.60568511484403,2.046921394008398,0.22697783544551287,0.0,0.012892303478388304,1.1854808792160014,3.575713594581519,0.08696478807926547,41.38520306869892,0.6018593492277703,-0.08333299999999999,0.5621477868301205,1.220344789833889,0.9857118851222584,0.19973748505484223,-0.10870839472141691,-0.09550770191913473,-0.08878649359271541,0.3524311117191035,0.37046987780817153,Trucking,Industrials,56.25,9057937500,1990878,KNX
TTM,,,,,,,,,,,,,,,,10867756500.0,43.656048224217756,1.5926457064442803,0.1828624023165851,0.28485249568215293,0.022996801878293054,43.656048224217756,0.09742124359866078,1.2513512766758421,13.564886208322841,1.2884812594832136,0.12161457396683811,15.360711603039944,0.009244444444444444,0.6614751305948531,1.1493059810490267,0.0609770406736578,21.15233499290091,0.23157024393781883,,,,,,,,,,,Trucking,Industrials,56.25,9057937500,1990878,KNX
