Year,Date,FillingDate,NetIncome,Revenue,OperatingIncome,EPSDiluted,GrossProfit,GrossProfitRatio,TotalAssets,CommonStockEquity,CurrentAssets,CurrentLiability,TotalLiability,Inventory,RetainedEarnings,EnterpriseValue,bookValuePerShare,currentRatio,debtToAssets,debtToEquity,roic,shareholdersEquityPerShare,roe,priceToSalesRatio,peRatio,pbRatio,payoutRatio,inventoryTurnover,dividendYield,assetTurnover,quickRatio,returnOnAssets,priceToFreeCashFlowsRatio,grossProfitMargin,epsdilutedGrowth,fiveYNetIncomeGrowthPerShare,fiveYRevenueGrowthPerShare,fiveYShareholdersEquityGrowthPerShare,grossProfitGrowth,netIncomeGrowth,operatingIncomeGrowth,threeYNetIncomeGrowthPerShare,threeYRevenueGrowthPerShare,threeYShareholdersEquityGrowthPerShare,Industry,Sector,Price,MarketCap,AvgVolume,Symbol
2022,2022-12-31,2023-03-09,-113127000.0,9269000.0,-120428000.0,-1.24,9269000.0,1.0,240754000.0,170781000.0,182878000.0,34801000.0,69973000.0,3313000.0,-521071000.0,298486248.85,1.878400036217118,5.2549639378178785,0.1674572385090175,0.23606841510472476,-0.4904999744265391,1.878400036217118,-0.6624097528413583,33.8405705955335,-2.772708980614708,1.8366694705500028,0.0,0.0,0.0,0.03849987954509582,4.958219591391052,-0.46988627395598825,-2.574892453085751,1.0,-0.3052631578947369,0.5880216362641238,0.0,-0.7354704463788545,-0.8015925680159257,-0.5092655593356014,-0.6012445319044263,0.5408213655422378,-0.21629589404110836,-0.5308359082768193,Biotechnology,Healthcare,2.07,184051152,915655,GRTS
2021,2021-12-31,2022-03-10,-74955000.0,46717000.0,-75209000.0,-0.95,46717000.0,1.0,278106000.0,216086000.0,220590000.0,39956000.0,62020000.0,15726000.0,-401384000.0,947595491.9599999,2.739246884706591,5.520822905195716,0.09499615254615147,0.12226150699258628,-0.2791933229519673,2.739246884706591,-0.34687578093907057,21.715082131986215,-13.53430047308385,4.694721046064992,0.0,0.0,0.0,0.16798271162794043,5.105566122735008,-0.26951953571659726,-18.069922017064176,1.0,0.6570397111913358,-0.018138252898332513,0.0,0.32011744716112384,10.572207084468666,0.28348835208534473,0.2905949045907732,0.8691639031972063,3.4499857454109875,-0.836160239984223,Biotechnology,Healthcare,2.07,184051152,915655,GRTS
2020,2020-12-31,2021-03-11,-104611000.0,4037000.0,-106017000.0,-2.77,4037000.0,1.0,221567000.0,166739000.0,175390000.0,26988000.0,54828000.0,0.0,-326302000.0,3944918.099999994,4.4119758051659375,6.498814287831629,0.11327950461937021,0.15052867055697827,-0.48543728032139855,4.4119758051659375,-0.6273937111293698,36.884299752291305,-1.4233868149620976,0.8930239362116842,0.0,0.0,0.0,0.018220222325526815,6.338298503038388,-0.47214160953571604,-1.6077169212995455,1.0,-0.02214022140221404,-1.9660255200872807,0.0,1.1262509302720853,-0.07514318442153493,-0.15050700569694037,-0.0824688584847866,0.08349912143375132,0.0,-0.3786744208766943,Biotechnology,Healthcare,2.07,184051152,915655,GRTS
2019,2019-12-31,2020-03-11,-90926000.0,4365000.0,-97940000.0,-2.71,4365000.0,1.0,184389000.0,134344000.0,131273000.0,19500000.0,50045000.0,2725000.0,-220988000.0,267068762.31,4.003716544712514,6.731948717948718,0.1273937165449132,0.17484963973084022,-0.5200787485007422,4.003716544712514,-0.6768147442386708,68.95458472164948,-3.3102386810153313,2.2404183462603466,0.0,0.0,0.0,0.02367277874493598,6.577333333333334,-0.4931205223738943,-2.9746477932281783,1.0,0.6267217630853994,-1.9035862693296481,0.0,0.929499707993196,0.0,-0.4037205712080278,-0.4933520370822152,-1.9035862693296481,0.0,0.929499707993196,Biotechnology,Healthcare,2.07,184051152,915655,GRTS
2018,2018-12-31,2019-03-28,-64775000.0,1187000.0,-65584000.0,-7.26,0.0,0.0,189558000.0,149122000.0,157636000.0,15108000.0,40436000.0,0.0,-126402000.0,96109891.44999999,16.719060650740794,10.433942282234577,0.0,0.0,-0.41089642382778235,16.719060650740794,-0.434375880151822,116.09342160909856,-2.127408590505596,0.9240949789434154,0.0,0.0,0.0,0.006261935660853143,10.164945724119672,-0.34171599193914265,-3.144389993154592,0.0,-1.403973509933775,-6.781784062489641,0.0,7.0573692675941615,0.0,-0.565483239480871,-0.5703852692574767,-6.781784062489641,0.0,7.0573692675941615,Biotechnology,Healthcare,2.07,184051152,915655,GRTS
2017,2017-12-31,2017-12-31,-41377000.0,0.0,-41763000.0,-3.02,0.0,0.0,117300000.0,97282000.0,88479000.0,7652000.0,20018000.0,0.0,-61627000.0,166601117.12,7.100908047905034,11.5628593831678,0.0,0.0,-0.38740109273396844,7.100908047905034,-0.4253304825147509,0.0,-4.714868577228895,2.0053773269464035,0.0,0.0,0.0,0.0,11.456220595922634,-0.35274509803921567,-4.196053537521777,0.0,-2.2359997471205495,-2.2362495109958407,0.0,2.4221203853738626,0.0,-1.2067733333333333,-1.2003688092729188,-2.2362495109958407,0.0,2.4221203853738626,Biotechnology,Healthcare,2.07,184051152,915655,GRTS
2016,2016-12-31,2016-12-31,-18750000.0,0.0,-18980000.0,-0.933251,0.0,0.0,46421000.0,41689000.0,38391000.0,2494000.0,4732000.0,0.0,-20250000.0,273686708.64,2.0750024102758933,15.393344025661587,0.0,0.0,-0.4552759720789657,2.0750024102758933,-0.44975892921394134,0.0,-15.258491127466668,6.862642630909833,0.0,0.0,0.0,0.0,15.107457898957499,-0.4039120225759893,-12.843271172562398,0.0,0.0,0.0,0.0,0.0,0.0,0.0,0.0,0.0,0.0,0.0,Biotechnology,Healthcare,2.07,184051152,915655,GRTS
TTM,,,,,,,,,,,,,,,,185702152.0,1.2312035167754736,6.272900453955901,0.23233405730833714,0.3462499467624469,-0.6005638571483055,1.2312035167754736,-0.810068575089396,36.33066561389657,-1.9114052954800387,1.6812817473274746,0.0,-1.258107213765718,0.0,0.02412932479804908,5.93279831387808,-0.5902158588629782,-1.4355220416185692,1.375246742992499,,,,,,,,,,,Biotechnology,Healthcare,2.07,184051152,915655,GRTS
