Quarters,Year,Quarter,FillingDate,Date,NetIncome,Revenue,OperatingIncome,EPSDiluted,GrossProfit,GrossProfitRatio,TotalAssets,CommonStockEquity,CurrentAssets,CurrentLiability,TotalLiability,Inventory,RetainedEarnings,MarketCap,EnterpriseValue,bookValuePerShare,currentRatio,debtToAssets,debtToEquity,roic,shareholdersEquityPerShare,roe,priceToSalesRatio,peRatio,pbRatio,payoutRatio,inventoryTurnover,dividendYield,assetTurnover,quickRatio,returnOnAssets,priceToFreeCashFlowsRatio,grossProfitMargin,epsdilutedGrowth,fiveYNetIncomeGrowthPerShare,fiveYRevenueGrowthPerShare,fiveYShareholdersEquityGrowthPerShare,grossProfitGrowth,netIncomeGrowth,operatingIncomeGrowth,threeYNetIncomeGrowthPerShare,threeYRevenueGrowthPerShare,threeYShareholdersEquityGrowthPerShare,Industry,Sector,Symbol
2023Q1,2023,Q1,2023-05-11,2023-03-31,-33992000.0,542000.0,-34816000.0,-0.3,2443000.0,4.5073800738,209952000.0,140878000.0,154765000.0,24672000.0,69074000.0,1511000.0,-555053000.0,318095940.0,319746940.0,1.2312035167754736,6.272900453955901,0.23233405730833714,0.3462499467624469,-0.16674444807070776,1.2312035167754736,-0.24128678714916452,586.8928782287823,-2.3394912038126616,2.2579532645267535,0.0,-1.258107213765718,0.0,0.002581542447797592,5.93279831387808,-0.16190367322054564,-7.636074129197974,4.507380073800738,0.11764705882352951,0.5537892796745911,0.0,0.0,0.8409947249434815,-0.10863963993346597,-0.09076098875278048,0.5828487982310449,-0.8618797202467509,-0.607358422842036,Biotechnology,Healthcare,GRTS
2022Q4,2022,Q4,2023-03-09,2022-12-31,-30661000.0,1327000.0,-31919000.0,-0.34,1327000.0,1.0,240754000.0,170781000.0,182878000.0,34801000.0,69973000.0,9760000.0,-521071000.0,313668248.85,298486248.85,1.878400036217118,5.2549639378178785,0.1674572385090175,0.23606841510472476,-0.1347790078286115,1.878400036217118,-0.17953402310561478,236.37396296156746,-2.5575507065164214,1.8366694705500028,0.0,0.0,0.0,0.0055118502704004915,4.958219591391052,-0.12735406265316465,-9.846132681985122,1.0,0.02857142857142844,0.6099117149734398,0.0,-0.6120654416023485,2.043577981651376,-0.020163034436865745,-0.0683468889112026,0.5520565194866214,-0.3924275939751427,-0.4854818957784653,Biotechnology,Healthcare,GRTS
2022Q3,2022,Q3,2022-11-03,2022-09-30,-30055000.0,436000.0,-29877000.0,-0.35,436000.0,1.0,205242000.0,136847000.0,153427000.0,32313000.0,68395000.0,12002000.0,-489781000.0,222555330.85,200004330.85,1.5802667527970382,4.74815089901897,0.20638076027323843,0.3095281591850753,-0.14813841897494276,1.5802667527970382,-0.21962483649623302,510.4480065366972,-1.8512338283979368,1.6263077075127697,0.0,0.0,0.0,0.002124321532629774,4.352087395166032,-0.14643688913575195,-8.270972604801546,1.0,-0.029411764705882214,0.2622028668542346,0.0,0.0,-0.8420862006519377,-0.02896367557944469,-0.007044627207765943,0.5503489323221789,-0.8173833541284936,-0.6393703854510825,Biotechnology,Healthcare,GRTS
2022Q2,2022,Q2,2022-08-04,2022-06-30,-29209000.0,2761000.0,-29668000.0,-0.34,2761000.0,1.0,213953000.0,163378000.0,161735000.0,32386000.0,50575000.0,15637000.0,-459815000.0,209205689.44,168485689.44,1.889885313627635,4.99397887976286,0.11672657078891158,0.15286023822056824,-0.13763167056860126,1.889885313627635,-0.17878172091713695,75.77170932270916,-1.7905927063576297,1.2805009820171627,0.0,0.0,0.0,0.012904703369431603,4.486753535478293,-0.1365206377101513,-7.52809245915797,1.0,-0.030303030303030328,0.38344196056173185,0.0,-0.3217698103056043,-0.41812434141201266,-0.01342724307820415,-0.02434140109795256,0.4640624948232533,-0.06733020283023719,-0.6519990148732416,Biotechnology,Healthcare,GRTS
2022Q1,2022,Q1,2022-05-05,2022-03-31,-28822000.0,4745000.0,-28963000.0,-0.33,4745000.0,1.0,243472000.0,189191000.0,192503000.0,34087000.0,54281000.0,16892000.0,-430300000.0,355463707.88,311880707.88,2.192817164511034,5.647402235456332,0.10504287967404877,0.1351808489833026,-0.12011619828749923,2.192817164511034,-0.1523433989988953,74.91332094415174,-3.0832671906876694,1.878861615404538,0.0,0.0,0.0,0.019488894000131433,5.122803414791563,-0.11837911546296905,-10.080359239996596,1.0,0.13157894736842102,0.49823233004863215,0.0,0.0,0.5486292428198434,0.031811616110719206,0.02707514528536397,0.4631927791987076,0.18155095170594782,-0.520067031910621,Biotechnology,Healthcare,GRTS
2021Q4,2021,Q4,2022-03-10,2021-12-31,-29769000.0,3064000.0,-29769000.0,-0.38,3064000.0,1.0,278106000.0,216086000.0,220590000.0,39956000.0,62020000.0,-2365000.0,-401384000.0,1000192891.42,906905891.42,2.7783300439725895,5.520822905195716,0.026907006680905843,0.03462973075534741,-0.13315352307341358,2.7783300439725895,-0.13776459372657182,326.4337112989556,-8.39961781903994,4.6286797451940425,0.0,0.0,0.0,0.011017381861592342,5.105566122735008,-0.1070419192681927,-39.83403924568879,1.0,-0.05555555555555561,0.5572592380449511,0.0,-0.42620835928963247,0.0,-0.05871683619034071,-0.057325519445924344,0.36117884675038503,0.04496826009591628,-0.4608321354022346,Biotechnology,Healthcare,GRTS
2021Q3,2021,Q3,2021-11-03,2021-09-30,-28118000.0,2614000.0,-28155000.0,-0.36,0.0,0.0,271282000.0,207955000.0,218401000.0,36314000.0,63327000.0,0.0,-371615000.0,839975367.6,735854367.6,2.6737855497085414,6.01423693341411,0.10064066174681696,0.13128801904258133,-0.1072330409546045,2.6737855497085414,-0.13521194489192373,321.33717199693956,-7.468306490504304,4.039216982520257,0.0,0.0,0.0,0.009635729609778754,5.592939362229443,-0.10364860182393229,-51.39350022026432,0.0,-0.09090909090909081,0.23145953169684952,0.0,0.0,0.0,-0.11943626084879369,-0.11877135818167368,0.9524352759450064,-0.14381509057837746,-0.9100456971326152,Biotechnology,Healthcare,GRTS
2021Q2,2021,Q2,2021-08-05,2021-06-30,-25118000.0,2843000.0,-25166000.0,-0.33,0.0,0.0,224224000.0,178825000.0,176755000.0,21427000.0,45399000.0,0.0,-343497000.0,700724222.33,658990222.33,2.3299783252406354,8.249171605917768,0.09966372912801484,0.12496574863693555,-0.11258998116491216,2.3299783252406354,-0.14046134489025583,246.4735217481534,-6.974323416772832,3.918491387278065,0.0,0.0,0.0,0.012679285000713572,8.10435431931675,-0.1120219066647638,-28.774812020778583,0.0,-4.3,0.40279407903719033,0.0,-0.1638319901653322,0.0,-4.170263788968825,-4.187183383991894,0.40279407903719033,0.0,-0.1638319901653322,Biotechnology,Healthcare,GRTS
2021Q1,2021,Q1,2021-05-06,2021-03-31,7923000.0,39693000.0,7896000.0,0.1,0.0,0.0,246939000.0,199351000.0,202513000.0,21779000.0,47588000.0,0.0,-318379000.0,716560917.9599999,631749917.9599999,2.623475384831048,9.29854446944304,0.09595082186288921,0.11885568670335238,0.03200142660868367,2.623475384831048,0.03974396917998906,18.0525764734336,22.610151393411588,3.5944686405385475,0.0,0.0,0.0,0.16074010180651901,9.103035033748107,0.03208484686501525,74.14744598096026,0.0,1.1389558839768836,1.1566119305959093,0.0,0.0,0.0,1.2916405933669526,1.2908608686042657,1.1566119305959093,0.0,0.0,Biotechnology,Healthcare,GRTS
2020Q4,2020,Q4,2021-03-11,2020-12-31,-27167000.0,1349000.0,-27147000.0,-0.7196528649095255,0.0,0.0,221567000.0,166739000.0,175390000.0,26988000.0,54828000.0,0.0,-326302000.0,148735571.3,3778571.300000012,4.416910186702594,6.498814287831629,0.11327950461937021,0.15052867055697827,-0.12513771279219313,4.416910186702594,-0.16293128782108565,110.25616849518163,-1.3687154571723046,0.8920262883908383,0.0,0.0,0.0,0.006088451800132691,6.338298503038388,-0.12261302450274635,-5.835284683588999,0.0,-0.042975166535544305,0.16756349774183685,0.0,-0.08780234789001863,0.0,-0.04195911479308097,-0.03844388340601331,0.16756349774183685,0.0,-0.08780234789001863,Biotechnology,Healthcare,GRTS
2020Q3,2020,Q3,2020-11-05,2020-09-30,-26073000.0,939000.0,-26142000.0,-0.69,0.0,0.0,122508000.0,71984000.0,73747000.0,22013000.0,50524000.0,0.0,-299135000.0,100037884.25,68249884.25,1.906853602813976,3.3501567255712534,0.21108825546086787,0.3592464992220493,-0.21132703873763176,1.906853602813976,-0.36220549010891306,106.53661794462194,-0.9592095678479653,1.389723886558124,0.0,0.0,0.0,0.0076648055637182876,3.207468314177986,-0.21282691742580076,-4.810670076941572,0.0,0.0,-0.46824148082641903,0.0,0.0,0.0,-0.007924849234575537,-0.0032620792877153934,-0.46824148082641903,0.0,0.0,Biotechnology,Healthcare,GRTS
2020Q2,2020,Q2,2020-08-05,2020-06-30,-25868000.0,488000.0,-26057000.0,-0.69,0.0,0.0,145666000.0,96228000.0,94497000.0,19175000.0,49438000.0,0.0,-273062000.0,247381480.07999998,211248480.07999998,2.5828688541816893,4.928135593220339,0.18190929935606112,0.27536683709523213,-0.17461668364338176,2.5828688541816893,-0.2688198861038367,506.92926245901634,-2.390806015927014,2.57078480359147,0.0,0.0,0.0,0.003350129748877569,4.808657105606258,-0.17758433677042001,-11.375430177955579,0.0,0.028169014084507067,-0.26700739460303635,0.0,-0.0730762230408297,0.0,0.012897809661909487,0.023021259045405123,-0.26700739460303635,0.0,-0.0730762230408297,Biotechnology,Healthcare,GRTS
2020Q1,2020,Q1,2020-05-07,2020-03-31,-26206000.0,1262000.0,-26671000.0,-0.71,0.0,0.0,163018000.0,115389000.0,112346000.0,18440000.0,47629000.0,0.0,-247194000.0,214167630.84,182829630.84,3.1356931827933927,6.092516268980477,0.02098541265381737,0.029647540060144383,-0.18738583031222775,3.1356931827933927,-0.22711003648528022,169.704937274168,-2.0431163744943905,1.8560489374203781,0.0,0.0,0.0,0.007741476401378989,5.940455531453362,-0.16075525402102836,-8.710958709834866,0.0,0.05692394527866014,-0.06966183588402725,0.0,0.0,0.0,0.05407161420733468,0.05799456080245823,-0.06966183588402725,0.0,0.0,Biotechnology,Healthcare,GRTS
2019Q4,2019,Q4,2020-03-11,2019-12-31,-27704000.0,884000.0,-28313000.0,-0.7528555056037244,0.0,0.0,184389000.0,134344000.0,131273000.0,19500000.0,50045000.0,0.0,-220988000.0,330083101.14000005,296165101.14000005,3.650794832689386,6.731948717948718,0.013585409107918585,0.018646162091347587,-0.17658211664036821,3.650794832689386,-0.20621687607931877,373.3971732352942,-2.978659229172683,2.456999204579289,0.0,0.0,0.0,0.004794212236087836,6.577333333333334,-0.15024757442146766,-11.767668489839574,0.0,0.0222655771380203,0.12915735579076126,0.0,-0.24602350196287856,0.0,-0.005662843037607086,0.006003370313158264,0.12915735579076126,0.0,-0.24602350196287856,Biotechnology,Healthcare,GRTS
2019Q3,2019,Q3,2019-11-12,2019-09-30,-27548000.0,984000.0,-28484000.0,-0.77,0.0,0.0,208651000.0,156395000.0,154783000.0,22893000.0,52256000.0,0.0,-193284000.0,308188331.0,212320331.0,4.3819661199307385,6.761149696413751,0.007869600433259367,0.010499056875219796,-0.15902987532870677,4.3819661199307385,-0.1761437386105694,313.19952337398377,-2.7968303597357336,1.9705766232935833,0.0,0.0,0.0,0.004716009029431922,6.539247805005897,-0.1320290820556815,-10.01749816349748,0.0,-0.22222222222222224,-0.6408214862160706,0.0,0.0,0.0,-0.3011524655204988,-0.28225443414063206,-0.6408214862160706,0.0,0.0,Biotechnology,Healthcare,GRTS
2019Q2,2019,Q2,2019-08-12,2019-06-30,-21172000.0,1150000.0,-22214000.0,-0.63,0.0,0.0,228180000.0,182378000.0,184697000.0,18065000.0,45802000.0,0.0,-165736000.0,378142823.44,290223823.44,5.430689550890925,10.224024356490451,0.0126654395652555,0.015846209520885196,-0.10832028945225453,5.430689550890925,-0.11608856331355756,328.8198464695652,-4.465128748346873,2.073401525622608,0.0,0.0,0.0,0.0050398807958629156,10.081760309991697,-0.0927863967043562,-18.299594630274875,0.0,-0.01612903225806453,-0.15042898375797312,0.0,0.9489318096250567,0.0,-0.17563440501971236,-0.1735432405304031,-0.15042898375797312,0.0,0.9489318096250567,Biotechnology,Healthcare,GRTS
2019Q1,2019,Q1,2019-05-13,2019-03-31,-18009000.0,1347000.0,-18929000.0,-0.62,0.0,0.0,175487000.0,132222000.0,135000000.0,14112000.0,43265000.0,0.0,-144564000.0,389517472.86,374623472.86,4.569007153729561,9.566326530612244,0.014667753166901252,0.019467259608839677,-0.12253842070510247,4.569007153729561,-0.1362027499205881,289.1740704231626,-5.4072612701982345,2.9459354181603667,0.0,0.0,0.0,0.007675782251676763,9.381306689342404,-0.10262298631807484,-17.945978938493436,0.0,-0.0347835757540804,0.06527399314342495,0.0,0.0,0.0,-0.03864121344944922,-0.049977812291990234,0.06527399314342495,0.0,0.0,Biotechnology,Healthcare,GRTS
2018Q4,2018,Q4,2019-03-28,2018-12-31,-17339000.0,1091000.0,-18028000.0,-0.59915910392005,0.0,0.0,189558000.0,149122000.0,157636000.0,15108000.0,40436000.0,0.0,-126402000.0,447105865.95,405412865.95,5.152996360503241,10.433942282234577,0.0,0.0,-0.11294890108513145,5.152996360503241,-0.11627392336476174,409.8128927131072,-6.446534776371186,2.9982555622242186,0.0,0.0,0.0,0.005755494360565104,10.164945724119672,-0.09147068443431562,-29.25319719641455,0.0,0.9211632757999935,0.30694098073792025,0.0,0.06421706185778055,0.0,0.06719388853023456,0.03148168045557108,0.30694098073792025,0.0,0.06421706185778055,Biotechnology,Healthcare,GRTS
2018Q3,2018,Q3,2018-11-14,2018-09-30,-18588000.0,96000.0,-18614000.0,-7.6,0.0,0.0,113201000.0,72691000.0,84150000.0,13722000.0,40510000.0,0.0,-109063000.0,32892607.15,-22541392.85,29.723820478608673,6.132487975513773,0.0,0.0,-0.22374478621999447,29.723820478608673,-0.25571253662764304,342.63132447916666,-0.44239034793953086,0.4524990322048121,0.0,0.0,0.0,0.0008480490455031316,5.642180440169072,-0.16420349643554386,23.800728762662807,0.0,-12.868486601399622,-15.157782549407358,0.0,0.0,0.0,-0.2013960703205791,-0.20067083790234147,-15.157782549407358,0.0,0.0,Biotechnology,Healthcare,GRTS
2018Q2,2018,Q2,2018-06-30,2018-06-30,-15472000.0,0.0,-15503000.0,-0.548005,0.0,0.0,95951000.0,78672000.0,66882000.0,5185000.0,17279000.0,0.0,-90475000.0,402042391.36,375009391.36,2.7864954146013465,12.899132111861137,0.0,0.0,-0.1738394258802422,2.7864954146013465,-0.19666463290624364,0.0,-6.4962899327818,5.1103618995322355,0.0,0.0,0.0,0.0,12.437801350048217,-0.16124897082886055,-30.524819023612483,0.0,0.1768841745410196,0.0,0.0,0.0,0.0,-0.15669856459330145,-0.15358285586725204,0.0,0.0,0.0,Biotechnology,Healthcare,GRTS
2018Q1,2018,Q1,2018-03-31,2018-03-31,-13376000.0,0.0,-13439000.0,-0.665769,0.0,0.0,,,,,,,,286096708.64,,,0.0,0.0,0.0,0.0,,0.0,0.0,-5.347202239832535,0.0,0.0,0.0,0.0,0.0,0.0,0.0,-17.078361308500476,0.0,0.22989201503201104,0.0,0.0,0.0,0.0,0.2298923369221026,0.23555176336746303,0.0,0.0,0.0,Biotechnology,Healthcare,GRTS
2017Q4,2017,Q4,2017-12-31,2017-12-31,-17369000.0,0.0,-17580000.0,-0.8645138253275922,0.0,0.0,117300000.0,97282000.0,88479000.0,7652000.0,20018000.0,0.0,-61627000.0,286096708.64,257610708.64,4.842053886551835,11.5628593831678,0.0,0.0,-0.16307523909353172,4.842053886551835,-0.17854279311691781,0.0,-4.1179214209223325,2.9409007693098412,0.0,0.0,0.0,0.0,11.456220595922634,-0.14807331628303497,-16.032317659848697,0.0,-0.8377957545951434,0.0,0.0,0.0,0.0,-0.8377949423341445,-0.852866779089376,0.0,0.0,0.0,Biotechnology,Healthcare,GRTS
2017Q3,2017,Q3,2017-09-30,2017-09-30,-9451000.0,0.0,-9488000.0,-0.470408,0.0,0.0,,,,,,,,286096708.64,,,0.0,0.0,0.0,0.0,,0.0,0.0,-7.567895160300497,0.0,0.0,0.0,0.0,0.0,0.0,0.0,-24.011473658413763,0.0,0.0,0.0,0.0,0.0,0.0,0.0,0.0,0.0,0.0,0.0,Biotechnology,Healthcare,GRTS
