Quarters,Year,Quarter,FillingDate,Date,NetIncome,Revenue,OperatingIncome,EPSDiluted,GrossProfit,GrossProfitRatio,TotalAssets,CommonStockEquity,CurrentAssets,CurrentLiability,TotalLiability,Inventory,RetainedEarnings,MarketCap,EnterpriseValue,bookValuePerShare,currentRatio,debtToAssets,debtToEquity,roic,shareholdersEquityPerShare,roe,priceToSalesRatio,peRatio,pbRatio,payoutRatio,inventoryTurnover,dividendYield,assetTurnover,quickRatio,returnOnAssets,priceToFreeCashFlowsRatio,grossProfitMargin,epsdilutedGrowth,fiveYNetIncomeGrowthPerShare,fiveYRevenueGrowthPerShare,fiveYShareholdersEquityGrowthPerShare,grossProfitGrowth,netIncomeGrowth,operatingIncomeGrowth,threeYNetIncomeGrowthPerShare,threeYRevenueGrowthPerShare,threeYShareholdersEquityGrowthPerShare,Industry,Sector,Symbol
2023Q1,2023,Q1,2023-04-27,2023-04-01,183088000.0,3299225000.0,244440000.0,1.65,1169908000.0,0.3546008532,8848815000.0,1914546000.0,3458921000.0,2349700000.0,6934269000.0,3030712000.0,5693993000.0,25864976800.0,30378675800.0,17.397846335589986,1.4720692003234455,0.5315714024985266,2.456862880285979,0.0198656790969213,17.397846335589986,0.09562998225166698,7.839712902272503,35.31768439220484,13.5097181263861,0.6196309971161409,0.7025797898315643,0.004386124173906083,0.3728437084513576,0.08201004383538324,0.020690680051509723,-186.9005253307705,0.35460085323068297,-0.32098765432098775,1.8992107679382493,1.2175435833765063,0.6490690756981634,-0.14206031716930975,-0.32407427917451176,-0.31950669524790515,1.3183393669263277,0.7863960764773575,0.5002993858596654,Specialty Retail,Consumer Cyclical,TSCO
2022Q4,2022,Q4,2023-02-23,2022-12-31,270870000.0,4006375000.0,359210000.0,2.43,1363625000.0,0.3403637952,8489990000.0,2042416000.0,3157775000.0,2376212000.0,6447574000.0,2709597000.0,5624352000.0,24844112010.0,28911770010.0,18.494616645386795,1.328911309260285,0.5029640788740622,2.090739594676109,0.02960277574932349,18.494616645386795,0.13262234530085937,6.201144927771364,22.929922112083286,12.164080192282082,0.3752796544467826,0.9753295416255627,0.004091593209654025,0.47189395982798565,0.0852205106278396,0.0319046312186469,60.82772739292027,0.34036379520139776,0.15714285714285717,1.8043711535284317,1.3309705760010317,0.6357363778309854,0.16967529153424857,0.1568867799621589,0.17231048392360612,1.0137320214123424,0.9592796337013181,0.39695976149570583,Specialty Retail,Consumer Cyclical,TSCO
2022Q3,2022,Q3,2022-11-03,2022-09-24,234137000.0,3270804000.0,306412000.0,2.1,1165815000.0,0.3564307124,7911728000.0,1941145000.0,3109805000.0,2095200000.0,5970583000.0,2678193000.0,5455134000.0,20574692990.0,24422197990.0,17.5097193783206,1.4842521000381825,0.513003733192041,2.0909030494888325,0.026611825323960225,17.5097193783206,0.12061798577643608,6.29040841028689,21.96864761870187,10.599256104000474,0.4350529818012531,0.78597360235054,0.004950839366084752,0.4134120889899147,0.10484488354333715,0.02959366146055577,-111.1418639160333,0.35643071244868235,-0.405099150141643,1.905338198342448,1.16630341553174,0.614049198542058,-0.15901836242249803,-0.4094577757151721,-0.4163970021046216,1.057048753705117,0.7688413927284448,0.3962028837002708,Specialty Retail,Consumer Cyclical,TSCO
2022Q2,2022,Q2,2022-08-04,2022-06-25,396478000.0,3903406000.0,525035000.0,3.53,1386255000.0,0.3551398445,7869194000.0,1913867000.0,3230396000.0,2242178000.0,5955327000.0,2485138000.0,5322859000.0,22649422300.0,26053148300.0,17.15088269558204,1.4407402088505017,0.4999937731869363,2.0558105657289665,0.045694767651554224,17.15088269558204,0.20716068566938037,5.8024766831838654,14.281638766842045,11.834376317685608,0.25883403366643293,1.0128817796033862,0.0045308881895853035,0.49603631579041,0.23674391596028505,0.05038355897694224,54.75927619204193,0.3551398445357721,1.1393939393939394,1.8350216877900585,1.2222305036864372,0.5901613732840816,0.31210903077967156,1.1176326064082638,1.1492635681127858,0.9509912552524731,0.7888506327195421,0.3362759902636512,Specialty Retail,Consumer Cyclical,TSCO
2022Q1,2022,Q1,2022-05-05,2022-03-26,187227000.0,3024132000.0,244286000.0,1.65,1056509000.0,0.3493594195,7686808000.0,1790022000.0,3168275000.0,2199664000.0,5896786000.0,2568179000.0,5029003000.0,26129698200.0,29641232200.0,15.90692342554496,1.4403449799605759,0.5095699020972034,2.18822226765928,0.022323146612535448,15.90692342554496,0.10459480386274582,8.640396054140494,34.89039801951642,14.59741735017782,0.5526286272813216,0.7661549292319577,0.003959747227390479,0.3934184384467519,0.1884205951454404,0.02435692422654501,-490.0451641942199,0.34935941949623894,-0.1450777202072539,2.5938850848429844,1.2383839010843734,0.5022061330906571,-0.05717495792350019,-0.15411271449095953,-0.16641301603117514,1.624799871542454,0.7875977144678227,0.2978764434358997,Specialty Retail,Consumer Cyclical,TSCO
2021Q4,2021,Q4,2022-02-17,2021-12-25,221338000.0,3319284000.0,293054000.0,1.93,1120578000.0,0.3375963009,7767467000.0,2002665000.0,3250440000.0,2064842000.0,5764802000.0,2191192000.0,4945243000.0,25946994360.0,28988258360.0,17.61854699651617,1.574183399988958,0.5045781333863407,1.9570392452057632,0.025566929861847422,17.61854699651617,0.1105217297950481,7.8170455917601505,29.306981132927923,12.95623299952813,0.2673332188779152,1.0034291837502145,0.0022804568104897063,0.42733158698968404,0.4335101668795966,0.02849551855192948,1246.852203748198,0.3375963008889869,-0.010256410256410265,1.0667609000960576,0.9985686029958964,0.5902687628325753,0.0324957846145341,-0.013645276292335116,-0.01403313987719741,0.7380824309128847,0.6720942231410103,0.37796977418552924,Specialty Retail,Consumer Cyclical,TSCO
2021Q3,2021,Q3,2021-11-04,2021-09-25,224400000.0,3017926000.0,297225000.0,1.95,1085310000.0,0.3596211438,7745194000.0,2020753000.0,3467861000.0,2046007000.0,5724441000.0,2199773000.0,4783076000.0,24069070560.0,26826680560.0,17.691296849145967,1.6949409263995676,0.49957702802537934,1.9147916642954383,0.02611698548195003,17.691296849145967,0.11104771340188534,7.975368037519806,26.814918181818182,11.910941396598199,0.26456773618538326,0.8785524688229195,0.0024666095789616566,0.38965144062240403,0.5466931442561047,0.028972805587568238,-232.77856226849389,0.35962114379212745,-0.3887147335423198,1.929866697313793,1.2845551138510551,0.6111237962377478,-0.15703095570045475,-0.39354957272810803,-0.3882786596773297,1.0502373262613516,0.7113551323243057,0.4419506591576884,Specialty Retail,Consumer Cyclical,TSCO
2021Q2,2021,Q2,2021-08-05,2021-06-26,370022000.0,3601559000.0,485883000.0,3.19,1287485000.0,0.3574799136,7687888000.0,1980113000.0,3567143000.0,2083531000.0,5707775000.0,1992824000.0,4618045000.0,20757328570.0,23160336570.0,17.198483493003742,1.7120661991590238,0.4962362875213583,1.9266622662444013,0.04350216080590893,17.198483493003742,0.18686913322623508,5.76342871795242,14.02438812421964,10.482901011204916,0.16187145629178806,1.161203397791275,0.002885535091763497,0.46847183517761964,0.6776961801864239,0.04813051386804803,40.18828304633864,0.3574799135596557,1.058064516129032,1.7441697859973444,1.2553499684109086,0.5294319833091657,0.3087123137286792,1.040329962393992,1.1076231044175313,0.8930720026330364,0.7257429179858443,0.4935078998321224,Specialty Retail,Consumer Cyclical,TSCO
2021Q1,2021,Q1,2021-05-06,2021-03-27,181354000.0,2792336000.0,230536000.0,1.55,983780000.0,0.3523143347,7359679000.0,1852299000.0,3380834000.0,1975925000.0,5507380000.0,2084677000.0,4307919000.0,20730987440.0,23304927440.0,15.947061203757114,1.711013322874097,0.5059826658200718,2.0104043677613603,0.022515170769124262,15.947061203757114,0.0979075192504018,7.42424530572252,28.578067536420477,11.192030789845482,0.33398767052284484,0.867547346663296,0.0029217132167632053,0.3794100258992274,0.5819704695269304,0.024641563850814688,271.43327013721586,0.3523143346645962,0.3478260869565219,2.0833110225772447,1.1886444585458213,0.5753685684574241,-0.01180275832973391,0.33453525935846584,-0.09037247474747474,1.720739306311296,0.7781475210687235,0.5115552219578785,Specialty Retail,Consumer Cyclical,TSCO
2020Q4,2020,Q4,2021-02-18,2020-12-26,135893000.0,2878265000.0,253440000.0,1.15,995530000.0,0.3458785067,7049116000.0,1923840000.0,3258685000.0,1743798000.0,5125276000.0,1783270000.0,4187135000.0,17110344960.0,19310162960.0,16.514782130961784,1.868728488047354,0.5024139197028393,1.840888015635396,0.024338950192575697,16.514782130961784,0.07063633150365935,5.944673252810286,31.4776054690087,8.893850299401196,0.3430713870471621,1.0557767472115833,0.0027247258958828144,0.4083157377464068,0.7694446260404014,0.01927802010918816,66.62128629832964,0.34587850666981673,-0.2901234567901236,0.4028138206937629,1.0157784817413607,0.592314904039739,0.05018476576469186,-0.2870625885315566,0.005008386966297481,0.33375001867033877,0.5875182976175716,0.460632054263504,Specialty Retail,Consumer Cyclical,TSCO
2020Q3,2020,Q3,2020-10-22,2020-09-26,190610000.0,2606572000.0,252177000.0,1.62,947957000.0,0.3636795761,6860797000.0,1875866000.0,3170962000.0,2132663000.0,4984931000.0,1915040000.0,4097863000.0,16195552190.0,18496784190.0,16.124137219676978,1.486855635419192,0.4974958448705012,1.819542547282162,0.025178695863050674,16.124137219676978,0.10161173559305409,6.213353089805308,21.241739927076228,8.63364024402596,0.2441739677876292,0.8660994026234439,0.002873751969305345,0.3799226241499348,0.5250824907638947,0.027782486495373643,-257.7637183874202,0.3636795760869065,-0.4413793103448275,1.54311403335651,1.0576993698392112,0.6341053323188628,-0.18054430577802982,-0.43719403090841447,-0.4367855882576282,1.253854058925769,0.6450835332874575,0.48632597669294736,Specialty Retail,Consumer Cyclical,TSCO
2020Q2,2020,Q2,2020-08-06,2020-06-27,338678000.0,3176327000.0,447746000.0,2.9,1156813000.0,0.3641983335,6611075000.0,1695730000.0,3030112000.0,2157054000.0,4915345000.0,1688508000.0,3953795000.0,15066241759.999998,17187598760.0,14.629460280212575,1.4047455464721792,0.5033558082460114,1.9624132379565142,0.0464260051043439,14.629460280212575,0.19972401266711093,4.743290523929053,11.12136141113388,8.884811709411286,0.12000779501473376,1.1960346056992326,0.0026976866990086057,0.4804554478658917,0.5592655538526157,0.051228884863656815,17.678609952712293,0.36419833348392655,3.084507042253521,1.5938840543954558,1.1039456040960172,0.43942061628854273,0.7494362940435448,3.042613127708082,2.9786205548348113,1.3314234278435924,0.7408744996815861,0.35638515302656737,Specialty Retail,Consumer Cyclical,TSCO
2020Q1,2020,Q1,2020-05-07,2020-03-28,83777000.0,1959188000.0,112538000.0,0.71,661249000.0,0.3375117651,6002405000.0,1353723000.0,2480239000.0,1494125000.0,4648682000.0,1905913000.0,3655761000.0,9700927800.0,12627362800.0,11.596249721598793,1.6599943110516189,0.5644250929419125,2.5026597021694985,0.01233564809724301,11.596249721598793,0.061886368186106024,4.951504296678012,28.948660730272028,7.166109905793134,0.4875920598732349,0.6810064257917334,0.004210834349267088,0.3264005011324627,0.30885836191751026,0.013957238806778283,178.70694495615652,0.3375117650781855,-0.4132231404958678,0.6858958396460534,0.7187652132485379,0.2024795158112241,-0.10858977003266375,-0.4189375706586951,-0.4090570159316943,0.5501739768797451,0.397879936764704,0.09511795503219612,Specialty Retail,Consumer Cyclical,TSCO
2019Q4,2019,Q4,2020-02-20,2019-12-28,144179000.0,2191785000.0,190438000.0,1.21,741801000.0,0.3384460611,5289268000.0,1567123000.0,1787887000.0,1247600000.0,3722145000.0,1602781000.0,3612833000.0,10925551000.0,13550476000.0,13.239190673312494,1.4330610772683552,0.5122005540275139,1.7287513488092512,0.022452124886967025,13.239190673312494,0.09200235080462733,4.984773141526199,18.94442151769675,6.971725257047469,0.2875106638276032,0.9046675746717736,0.0037941335864891393,0.41438342696947855,0.06752244309073421,0.027258781366344076,33.69161622173362,0.33844606108719605,0.18627450980392152,0.48033486383905033,0.5918035382370606,0.39390282681769306,0.0685080087577783,0.1805081345746031,0.17687264008107925,0.2928044413182803,0.2672700449533007,0.19498341021631074,Specialty Retail,Consumer Cyclical,TSCO
2019Q3,2019,Q3,2019-11-07,2019-09-28,122133000.0,1984144000.0,161817000.0,1.02,694240000.0,0.3498939593,5429296000.0,1491822000.0,2005498000.0,1251723000.0,3937474000.0,1812772000.0,3510107000.0,10588273560.0,13418977560.0,12.54095631998386,1.602189941384795,0.5365970099990864,1.9528764155509168,0.01886949611188617,12.54095631998386,0.08186834622361112,5.336444108895322,21.673654049274152,7.097544854546991,0.3399408841181335,0.7115643886820847,0.003921130273479636,0.3654514323772364,0.07049482992642941,0.0224951816957484,2276.558494947323,0.349893959309405,-0.43333333333333335,0.8411251399307969,0.6847920638367356,0.40034445163067905,-0.1541343535446454,-0.4428493225674011,-0.4372698282427484,0.5311764608252072,0.44222643416706003,0.14208886589789788,Specialty Retail,Consumer Cyclical,TSCO
2019Q2,2019,Q2,2019-08-08,2019-06-29,219210000.0,2353782000.0,287557000.0,1.8,820745000.0,0.3486920199,5312719000.0,1544942000.0,1937808000.0,1271386000.0,3767777000.0,1733150000.0,3429492000.0,13096364800.0,15705321800.0,12.834835633167458,1.5241696856816105,0.5106565959916194,1.7560367962033525,0.03443760763912201,12.834835633167458,0.1418888217162845,5.563966756479572,14.935866064504356,8.47692974881905,0.19207609141918708,0.8845379799786516,0.003215014291599452,0.4430465831149737,0.08621063941242077,0.04126135788472908,42.63930742357794,0.34869201990668636,1.857142857142857,0.8891398793325482,0.7086487441053352,0.4031354484796313,0.33457943621297465,1.8531080799666806,1.7808003249265048,0.5549690411820881,0.4098327611838926,0.14138017609912218,Specialty Retail,Consumer Cyclical,TSCO
2019Q1,2019,Q1,2019-05-09,2019-03-30,76832000.0,1822220000.0,103408000.0,0.63,614984000.0,0.3374916311,5437201000.0,1485576000.0,2079085000.0,1311934000.0,3951625000.0,1881332000.0,3253104000.0,11849587360.0,14596297360.0,12.256115369067164,1.584748165685164,0.5239690421597436,1.9177241689418785,0.012305131241411887,12.256115369067164,0.0517186599675816,6.502830261988124,38.55681018325698,7.976426221209821,0.48967877967513534,0.6416921627867915,0.0031750472701692458,0.3351393483522128,0.08160547710479338,0.014130800020083862,-283.4219273362195,0.33749163108735497,-0.43243243243243246,0.806689496651144,0.7668829935815187,0.41549653350890464,-0.14148308119268552,-0.4385718774433508,-0.4267277222782761,0.2517590269000999,0.3686636952959503,0.21074965958414002,Specialty Retail,Consumer Cyclical,TSCO
2018Q4,2018,Q4,2019-02-21,2018-12-29,136851000.0,2133271000.0,180382000.0,1.11,716333000.0,0.3357909051,3085262000.0,1561820000.0,1794399000.0,938107000.0,1523442000.0,1589542000.0,3213895000.0,10164267920.0,10518234920.0,12.785873338136092,1.9127871340902478,0.14269971237450824,0.2818929197986964,0.06894799142152977,12.785873338136092,0.08762277343099717,4.764639804319282,18.568128694711763,6.507963734617305,0.27714813921710474,0.8914127465647338,0.0037315033702889646,0.691439171130361,0.09637493377621104,0.04435636260388907,39.68278006387182,0.3357909051405096,0.1684210526315791,0.6329148821262903,0.7246874425999081,0.433011156626931,0.09676604422995658,0.17183004521167283,0.17782798338861755,0.34724457763237043,0.4247989197046044,0.23278263776240063,Specialty Retail,Consumer Cyclical,TSCO
2018Q3,2018,Q3,2018-11-08,2018-09-29,116784000.0,1881625000.0,153148000.0,0.95,653132000.0,0.3471106092,3220934000.0,1495297000.0,1941708000.0,974541000.0,1725637000.0,1737273000.0,3114972000.0,11076090880.0,11611980880.0,12.269002921001674,1.9924333609360714,0.18851426325407475,0.40606782465289504,0.05631609771352949,12.269002921001674,0.07810087226818485,5.886449680462366,23.710634333470338,7.40728489390402,0.32352034525277434,0.7071387168280403,0.003411131274502508,0.5841861397967173,0.0974376655266428,0.0362578059655988,4601.61648525135,0.34711060918089415,-0.4378698224852071,1.0642404860451096,0.7830540637524493,0.4451705079563106,-0.1511306006909154,-0.4366126519014516,-0.4399578728726166,0.48734128710313646,0.41792221842067595,0.24340563605338666,Specialty Retail,Consumer Cyclical,TSCO
2018Q2,2018,Q2,2018-08-09,2018-06-30,207289000.0,2213249000.0,273458000.0,1.69,769414000.0,0.3476400532,3067406000.0,1406042000.0,1810728000.0,941486000.0,1661364000.0,1632280000.0,3035970000.0,9339429000.0,9845238000.0,11.515495495495495,1.9232659858988874,0.18770355146987389,0.40949203508856774,0.10472018168686577,11.515495495495495,0.1474273172494136,4.219782320019121,11.263777865685105,6.642354211325124,0.18228656609853874,0.8845510574166197,0.004045857621488423,0.7215376771121919,0.07973458978678387,0.06757794696887207,41.63328816098,0.34764005315262764,1.9649122807017547,0.914258899426726,0.7350460884986945,0.40294593500514025,0.36505875110219305,1.9018660843027733,1.8861307243348215,0.5071364204233618,0.3917214251565878,0.1330316570471053,Specialty Retail,Consumer Cyclical,TSCO
2018Q1,2018,Q1,2018-05-11,2018-03-31,71433000.0,1682901000.0,94749000.0,0.57,563649000.0,0.33492701,3207787000.0,1313245000.0,1984093000.0,1013935000.0,1894542000.0,1760065000.0,2866467000.0,7844540540.0,8451969540.0,10.550101625199837,1.9568246485228342,0.2306347023664601,0.5633579415874418,0.03589857459423346,10.550101625199837,0.05439426763475208,4.661320267799472,27.454189730236727,5.973402175527034,0.4702448448196212,0.6359151508609057,0.004282086354033935,0.5246299084072602,0.13532721525541577,0.02226862319723847,-117.07046338442252,0.3349270099667182,-0.34482758620689663,0.8112884646588068,0.7293948378487742,0.4223742318032707,-0.15696876149794048,-0.3490883245400618,-0.48461722566116555,0.3481181626433613,0.3845930498727199,0.09399861149941069,Specialty Retail,Consumer Cyclical,TSCO
2017Q4,2017,Q4,2018-02-22,2017-12-30,109743000.0,1952838000.0,183842000.0,0.87,668598000.0,0.3423724856,2868769000.0,1418673000.0,1655368000.0,849214000.0,1450096000.0,1453208000.0,2829220000.0,9379106750.0,9732189750.0,11.306599826257441,1.9492942886009887,0.16112520736246105,0.3258192691339019,0.05859607073702338,11.306599826257441,0.07735609263022557,4.802808399877511,21.366070614982277,6.611182950546039,0.30852081681747356,0.8837275875167216,0.0036099386543393375,0.6807233346428381,0.1341334457510121,0.03825438716048591,48.81722376344813,0.3423724855825214,0.20833333333333337,0.5452860754614429,0.6994068394932567,0.5491648112052501,0.11348375234821535,0.19420867067119352,0.24005585047182856,0.06298259200645172,0.3379783878147887,0.19042786288184782,Specialty Retail,Consumer Cyclical,TSCO
2017Q3,2017,Q3,2017-11-09,2017-09-30,91896000.0,1721704000.0,148253000.0,0.72,600456000.0,0.348756813,2928351000.0,1371401000.0,1741995000.0,872194000.0,1556950000.0,1591555000.0,2753335000.0,8000868640.0,8477604640.0,10.848318250854323,1.9972563443454094,0.18672010288384144,0.3987032239293977,0.048220292319965205,10.848318250854323,0.06700884715703138,4.647063978477137,21.76609602158962,5.834084006063871,0.37123487420562373,0.7044984307799604,0.0042639120244323874,0.5879431803086447,0.08578596046292453,0.03138148398194069,137.88895353646768,0.348756813017801,-0.42400000000000004,1.0560959815179105,0.8082061234135413,0.45591238465791195,-0.1479364502744399,-0.42797029548892307,-0.4252088785499661,0.30356052065488426,0.37567522595781017,0.21134161418777958,Specialty Retail,Consumer Cyclical,TSCO
2017Q2,2017,Q2,2017-08-10,2017-07-01,160649000.0,2017762000.0,257925000.0,1.25,704708000.0,0.3492522904,2815572000.0,1382566000.0,1630522000.0,806488000.0,1433006000.0,1468254000.0,2695554000.0,6948963060.0,7372124060.0,10.785624015103053,2.0217560583666465,0.1743709626321046,0.3551034814974475,0.08509440789942632,10.785624015103053,0.11619626115498284,3.4438962870744914,10.813890936140282,5.026134781269032,0.21532658155357332,0.8942962185017034,0.004978008905979132,0.7166437228385564,0.08910113975657419,0.05705732263284334,22.60273764876935,0.34925229040887873,1.7173913043478262,0.6882384700138582,0.750007435908675,0.45165494470844136,0.35990721782776247,1.6636766095737097,1.6766256408127684,0.30005897323472264,0.375427698394857,0.1791106502724664,Specialty Retail,Consumer Cyclical,TSCO
2017Q1,2017,Q1,2017-05-10,2017-04-01,60311000.0,1564078000.0,96362000.0,0.46,518203000.0,0.331315318,2976402000.0,1379498000.0,1824260000.0,817084000.0,1596904000.0,1657761000.0,2569497000.0,8985135720.0,9550734720.0,10.589041726795418,2.2326468270092183,0.21445355835670046,0.46270454904610225,0.030371829516806673,10.589041726795418,0.04371952695835732,5.744685188334597,37.24501218683159,6.513337257466122,0.5183631510006467,0.630896130383089,0.003479413219147234,0.5254928601714419,0.09795810467467238,0.02026305586409363,-50.89546179074549,0.3313153180340111,-0.5106382978723404,0.6437359458269815,0.6847013723725719,0.4369677504976826,-0.1981533805174991,-0.5119798030473447,-0.5048608541949274,0.3195186397937399,0.41105196455723264,0.22296106116051376,Specialty Retail,Consumer Cyclical,TSCO
2016Q4,2016,Q4,2017-02-23,2016-12-31,123583000.0,1916542000.0,194616000.0,0.94,646262000.0,0.3372021067,2674942000.0,1453218000.0,1517809000.0,777194000.0,1221724000.0,1369656000.0,2540449000.0,9943921890.0,10191068890.0,11.07897445280516,1.9529345311466635,0.11254935621034026,0.20716988091256783,0.06996903399341643,11.07897445280516,0.08504092297232763,5.188470636177032,20.115877365818925,6.842691110349583,0.2544281980531303,0.9274445554212153,0.00316203207827088,0.7164798339552783,0.07410762306451156,0.046200254061583394,32.47673600360565,0.33720210671094086,0.4029850746268655,0.9024510071270356,0.6776626285049838,0.5644550502240414,0.20734801241980744,0.3816801574169313,0.3703422053231939,0.3732312565367287,0.4429526738147554,0.2417058713932925,Specialty Retail,Consumer Cyclical,TSCO
2016Q3,2016,Q3,2016-11-04,2016-09-24,89444000.0,1542706000.0,142020000.0,0.67,535274000.0,0.3469708421,2635733000.0,1464740000.0,1629756000.0,712260000.0,1170993000.0,1489934000.0,2448309000.0,9118677120.0,9384491120.0,10.980718483867099,2.2881475865554712,0.12190954091328673,0.2193706732935538,0.04970695503094405,10.980718483867099,0.061064762346901155,5.9108327315768525,25.48711238316712,6.225457842347447,0.358257680783507,0.6761588097190883,0.003514106221583159,0.5853043536655648,0.1008648527223205,0.03393515200515378,-151.66703457911282,0.34697084214361,-0.4224137931034482,1.2352525397097571,0.6849327137929025,0.6695666150397702,-0.17551469297097141,-0.42819881732459647,-0.4302083458709965,0.4444967406707531,0.33568181599728614,0.29342299543277606,Specialty Retail,Consumer Cyclical,TSCO
2016Q2,2016,Q2,2016-08-04,2016-06-25,156425000.0,1852534000.0,249249000.0,1.16,649222000.0,0.3504507879,2578766000.0,1501929000.0,1588535000.0,724435000.0,1076837000.0,1366499000.0,2390909000.0,12262510840.0,12330185840.0,11.245013626426282,2.1927916238171816,0.08484174213557957,0.14567066752156727,0.09042262270599993,11.245013626426282,0.10414939720852318,6.619317561782942,19.598067508390603,8.164507669803301,0.20502477225507432,0.8805802272815421,0.0026153697573408218,0.7183800313793497,0.2131633617922933,0.06065885776375212,86.88312743555953,0.3504507879477516,1.3199999999999998,0.8501934679003567,0.695127565339655,0.7215350271832575,0.3130344386826415,1.3116539575574866,1.3037016497989742,0.32055601908714093,0.3276181264743444,0.3699928207555899,Specialty Retail,Consumer Cyclical,TSCO
2016Q1,2016,Q1,2016-05-05,2016-03-26,67668000.0,1467797000.0,108195000.0,0.5,494444000.0,0.3368612962,2564528000.0,1352703000.0,1626050000.0,813397000.0,1211825000.0,1470691000.0,2266555000.0,11852981000.0,12049963000.0,10.122749382623663,1.9990853175017858,0.10586080557513897,0.200696679167563,0.04151659685098567,10.122749382623663,0.050024284709947416,8.075354425714183,43.7909388484956,8.762441570692161,0.39478039841579476,0.6618337910546811,0.0022537790282461433,0.5723458663738512,0.09159242042938442,0.026386142011317483,459.026450313686,0.33686129621466726,-0.39024390243902435,3.015935777147278,0.9091714318191847,0.6137693888961827,-0.1186397172197554,-0.3942638212546548,-0.3756347814043673,0.5982960151539478,0.405033664496158,0.3647582163999901,Specialty Retail,Consumer Cyclical,TSCO
2015Q4,2015,Q4,2016-02-23,2015-12-26,111712000.0,1646610000.0,173288000.0,0.82,561001000.0,0.3407005909,2370826000.0,1393294000.0,1485431000.0,821284000.0,977532000.0,1284375000.0,2225601000.0,11508736460.0,11612793460.0,10.37155533058405,1.808669108371769,0.07080654590425446,0.12048426247439521,0.07091524662767167,10.37155533058405,0.08017833996270708,6.989351734776298,25.755371983314237,8.260091882976601,0.24067244342595245,0.8452430170316302,0.0023361382974964743,0.69453009204387,0.08228091622386409,0.04711944275961205,102.12014818364123,0.3407005909110232,0.2812499999999999,1.4106364666638789,0.7259469488283228,0.6159871903638773,0.09517460292670737,0.27945757742349275,0.244813516464571,0.46920803145383333,0.3383610735150934,0.4210504309435182,Specialty Retail,Consumer Cyclical,TSCO
2015Q3,2015,Q3,2015-11-05,2015-09-26,87312000.0,1475645000.0,139208000.0,0.64,512248000.0,0.3471349817,2440586000.0,1337260000.0,1573364000.0,765722000.0,1103326000.0,1414562000.0,2140775000.0,11380034250.0,11529968250.0,9.867256963659841,2.054745717114044,0.0824744549055022,0.1505212150217609,0.05665468603886038,9.867256963659841,0.06529171589668427,7.711905133009633,32.58439346825179,8.509963843979481,0.31111416529228514,0.6810567511356872,0.0023869875435568217,0.6046273313048588,0.0670635034647039,0.03577501468909516,-201.72000797660198,0.3471349816520911,-0.4285714285714286,1.921732832199911,0.9068425859233828,0.6928428676357091,-0.1808226188191646,-0.4305652477320307,-0.4321864866518467,0.8222306246207804,0.4456193951449789,0.32424780355821986,Specialty Retail,Consumer Cyclical,TSCO
2015Q2,2015,Q2,2015-08-05,2015-06-27,153331000.0,1772900000.0,245165000.0,1.12,625320000.0,0.3527102487,2271270000.0,1383447000.0,1449507000.0,745601000.0,887823000.0,1293146000.0,2080627000.0,12625130000.0,12577906000.0,10.163436673523362,1.9440786694223855,0.004003487035887411,0.006572712940936661,0.10976705100906327,10.163436673523362,0.11083257978079392,7.121174347114897,20.58476433337029,9.125850140988415,0.1775440061044407,0.8874326642157963,0.002156255024700736,0.7805765056554262,0.07553235577741983,0.06750892672381531,84.81495415001176,0.35271024874499407,1.6666666666666672,1.1403344936231332,0.7762599154309052,0.8092843188403723,0.40646191563297757,1.641815988973122,1.6405268883216475,0.5174150572024993,0.44801429917935076,0.36791372309025683,Specialty Retail,Consumer Cyclical,TSCO
2015Q1,2015,Q1,2015-02-18,2015-03-31,58040000.0,1331352000.0,92847000.0,0.42,444605000.0,0.3339499997,2322010000.0,1314878000.0,1526915000.0,804988000.0,1007132000.0,1370965000.0,1954519000.0,11597675820.0,11609744820.0,9.643615187719568,1.896817095410118,0.029802627895659364,0.05262997783824811,0.04204923762485637,9.643615187719568,0.044140977337821456,8.711201710742163,49.95552989317712,8.820343651654374,0.3760854583046175,0.6468049877276225,0.0018821012363837567,0.5733618718265641,0.07097372880092623,0.024995585720991725,-931.2410325999679,0.3339499996995535,-0.4814814814814815,5.6138417547591155,0.9863545336672681,0.8715842008438329,-0.17603943698514626,-0.4820724241937499,-0.47750997462028916,0.5114081357587067,0.3701756526876136,0.30867026313592744,Specialty Retail,Consumer Cyclical,TSCO
2014Q4,2014,Q4,2014-11-03,2014-12-31,112062000.0,1584254000.0,177701000.0,0.81,539595000.0,0.3405987929,2034571000.0,1293561000.0,1273990000.0,603093000.0,741010000.0,1115450000.0,1918307000.0,10734811080.0,10688847080.0,9.49792942420371,2.1124271049406973,0.0025410762268802613,0.003996719134234876,0.08624357518890872,9.49792942420371,0.08663062661907711,6.775940650930974,23.948374738983777,8.298650840586566,0.1944548553479324,0.9365359272042674,0.0020299379129828155,0.7786673455976715,0.0847862601621972,0.055078933101867664,52.00319281485859,0.3405987928703352,0.4727272727272727,2.110736683472642,0.9503833368448487,0.8734109834907119,0.1627473500707869,0.46289309818153335,0.45641038250022536,0.6614464547743546,0.33562436793965694,0.3411966710154065,Specialty Retail,Consumer Cyclical,TSCO
2014Q3,2014,Q3,2014-08-04,2014-09-30,76603000.0,1359950000.0,122013000.0,0.55,464069000.0,0.3412397515,2188698000.0,1230207000.0,1426587000.0,676342000.0,958491000.0,1295824000.0,1828036000.0,8449444170.0,8555107170.0,8.955622529428465,2.109268683594986,0.06998361583005056,0.12450994019705627,0.05547668939255697,8.955622529428465,0.06226838247546958,6.213055016728556,27.575434937273993,6.868310918406414,0.2871950184718614,0.6913600921112744,0.0026037215652730916,0.6213511411807385,0.07024552667141772,0.034999346643529626,-199.98211095595371,0.3412397514614508,-0.4210526315789473,2.6570247627729646,0.908394638334436,0.8612131206398776,-0.15705354093858304,-0.4258119645306609,-0.42181880215515405,0.8589535271524169,0.4423468342384412,0.3616602970014503,Specialty Retail,Consumer Cyclical,TSCO
2014Q2,2014,Q2,2014-05-05,2014-06-30,133411000.0,1583831000.0,211029000.0,0.95,550532000.0,0.3475951664,2025528000.0,1265925000.0,1284185000.0,628987000.0,759603000.0,1154585000.0,1773433000.0,8358997600.0,8306235600.0,9.147253493648568,2.0416717674610125,0.0015813160815352837,0.0025301656891206035,0.10500883808284221,9.147253493648568,0.10538618006595968,5.27770803829449,15.663996222200568,6.603074905701365,0.16630562697228865,0.894952731933985,0.002654265626299498,0.7819348831514549,0.08897640173803274,0.06586480167146541,50.867452488605174,0.34759516640348626,1.7142857142857144,1.5266207304377222,0.7355213587236863,0.9761205416876867,0.38946390758646104,1.7333278698600667,1.680448119498533,0.5229118787110939,0.39867622543630615,0.4003822329599975,Specialty Retail,Consumer Cyclical,TSCO
2014Q1,2014,Q1,2014-02-19,2014-03-31,48809000.0,1183680000.0,78729000.0,0.35,396219000.0,0.3347348946,2056392000.0,1204557000.0,1340138000.0,645423000.0,851835000.0,1225232000.0,1662209000.0,9825904340.0,9859347340.0,8.658527293376846,2.0763716198524067,0.03950219607934674,0.06743724041286547,0.03814397381067585,8.658527293376846,0.040520290862117773,8.301149246417951,50.32834282611813,8.15727635969074,0.37048495154582145,0.642703585933113,0.0018403395122000546,0.5756100976856553,0.07404291449173643,0.023735260592338426,-122.91752886576015,0.33473489456609895,-0.4852941176470589,106.3469458806285,0.8818905267059803,1.0558180286971346,-0.17404817890734442,-0.49094189672615013,-0.4647126014767674,1.7824282312002837,0.4788832290079706,0.38034300473337573,Specialty Retail,Consumer Cyclical,TSCO
2013Q4,2013,Q4,2013-12-31,2013-12-31,95881000.0,1415089000.0,147078000.0,0.68,479712000.0,0.3389977592,1903391000.0,1246894000.0,1209248000.0,532141000.0,656497000.0,979308000.0,1631483000.0,10841727420.0,10700226420.0,8.922382271071708,2.272420279587553,0.0006525196346940802,0.000996075047277475,0.07646847071021243,8.922382271071708,0.07689587085991272,7.661516286254787,28.26870657377374,8.694987240294683,0.18994378448284854,0.9551407728722731,0.0016798061134062343,0.743456809452183,0.26824281534405353,0.05037378026900411,62.4300504428142,0.3389977591515445,0.4782608695652174,5.153175968569199,0.8518327852531394,1.1381662213264985,0.15408043958370424,0.48039896861055786,0.44662142224845086,0.9889076545905271,0.4258394230846842,0.3901922130294124,Specialty Retail,Consumer Cyclical,TSCO
2013Q3,2013,Q3,2013-11-04,2013-09-28,64767000.0,1208090000.0,101670000.0,0.46,415666000.0,0.3440687366,1919306000.0,1184511000.0,1253618000.0,570515000.0,734795000.0,1142013000.0,1553814000.0,9264393600.0,9259658600.0,8.489657693300078,2.197344504526612,0.02149370657935733,0.03482702988828301,0.052966447284375495,8.489657693300078,0.05467825963625496,7.668628661771888,35.76047061003289,7.821281186920173,0.28037426467182364,0.6938835197147493,0.001960085115554676,0.6294410583825611,0.08060787183509636,0.03374500991504221,-413.99560282420236,0.34406873660074994,-0.47727272727272724,2.4385163576437923,0.7269429150064716,1.068528122733504,-0.17875291421345874,-0.47591034147920375,-0.48646068522419045,1.1051877921169422,0.5163614635001206,0.4564996662903472,Specialty Retail,Consumer Cyclical,TSCO
2013Q2,2013,Q2,2013-08-05,2013-06-29,123580000.0,1455767000.0,197979000.0,0.88,506140000.0,0.3476792646,1846424000.0,1143747000.0,1205681000.0,579532000.0,702677000.0,1082861000.0,1507206000.0,8189804256.0,8135369256.0,8.208082156389942,2.080439043918196,0.0006840249043556626,0.0011042651915152565,0.10811389333507382,8.208082156389942,0.10804837083725684,5.625765837527571,16.567818935102768,7.1605033770580375,0.14714355073636512,0.8769611242809557,0.0022203216867702387,0.788425085462494,0.0961085841679148,0.06692937266846619,75.25249474873887,0.34767926460759174,1.838709677419355,1.815460013711251,0.7358921605634311,1.0706231392885681,0.4375260941063532,1.8082534199881835,1.9147564153526788,0.6851305056979802,0.42478000863426607,0.4611941620099133,Specialty Retail,Consumer Cyclical,TSCO
2013Q1,2013,Q1,2013-05-06,2013-03-30,44006000.0,1085838000.0,67923000.0,0.31,352091000.0,0.3242573938,1881328000.0,1030226000.0,1267391000.0,624130000.0,851102000.0,1142900000.0,1401810000.0,7231620240.0,7280870240.0,7.41724743693123,2.030652267956996,0.05648775758400449,0.10315406522452356,0.03877961017825067,7.41724743693123,0.04271489944924706,6.659943969542418,41.08314911602963,7.019450334198515,0.3165250193155479,0.6420045498293814,0.0019261243729247596,0.577165704225951,0.09136237642798777,0.023390923858040702,-49.99944853907103,0.32425739382854535,-0.4464285714285715,42.26891413159645,1.0358668884202444,0.9677461514050041,-0.1708130996509837,-0.4463748789110169,-0.4556405077899596,3.9225953614844884,0.5903208577400441,0.43950197581376005,Specialty Retail,Consumer Cyclical,TSCO
2012Q4,2012,Q4,2013-02-20,2012-12-29,79487000.0,1286166000.0,124776000.0,0.56,424622000.0,0.3301455644,1706808000.0,1024974000.0,1130052000.0,560505000.0,681834000.0,908116000.0,1371733000.0,6141968460.0,6004618460.0,7.298513201743143,2.0161318810715336,0.0007499378957680068,0.0012488121649915022,0.07748124350153658,7.298513201743143,0.07755025981146839,4.775408819701345,19.317525066992086,5.992316351439158,0.17716104520236015,0.9487158028269517,0.0022927502952367817,0.7535504872252766,0.24733053228784757,0.046570557438212146,33.98741905673637,0.3301455644139248,0.6000000000000002,1.8294611501553695,0.9001255416129896,0.9372262862695508,0.1888479187839998,0.5890725895124048,0.6042376476941077,1.1398361088964646,0.5355774097217604,0.4395890077319559,Specialty Retail,Consumer Cyclical,TSCO
2012Q3,2012,Q3,2012-11-05,2012-09-29,50021000.0,1065638000.0,77779000.0,0.35,357171000.0,0.3351710431,1716303000.0,1054213000.0,1161924000.0,542033000.0,662090000.0,1020140000.0,1306328000.0,6995577490.0,6926682490.0,7.451216409154521,2.1436407008429375,0.0007516155364175207,0.0012236616319472441,0.04747994445676614,7.451216409154521,0.04744866549739,6.564684714696735,34.96320290477999,6.63582927738512,0.28368085404130267,0.6944801693885153,0.0020284243895924594,0.6208915325557317,0.12948473616920003,0.029144620734217676,-166.80363122630487,0.3351710430746651,-0.5205479452054794,2.1426691083878913,0.8587079014435057,0.9782988930891346,-0.20885524995514562,-0.5308522711285769,-0.5420562398436212,1.318545995254942,0.45189820525067376,0.5485580929604683,Specialty Retail,Consumer Cyclical,TSCO
2012Q2,2012,Q2,2012-05-07,2012-06-30,106621000.0,1291899000.0,169844000.0,0.73,451461000.0,0.3494553367,1722412000.0,1067139000.0,1198249000.0,534722000.0,655273000.0,946934000.0,1270497000.0,5964870840.0,5787068840.0,7.429881360180466,2.240882178028957,0.0007535943781162695,0.0012163363910418419,0.09968867435711734,7.429881360180466,0.09991294479913114,4.617134032923627,13.986153853368474,5.589591271615038,0.13532981307622327,0.8875359845564739,0.0024189962175274866,0.7500522523066491,0.3349403989362697,0.061902146524757146,42.99594784150622,0.3494553366787961,1.6071428571428568,1.6994230105465924,0.8095341996487476,0.9891135371044837,0.35655348557692307,1.6438454671692124,1.6376158899259237,0.9456705974360757,0.364042288600313,0.6051092481857872,Specialty Retail,Consumer Cyclical,TSCO
2012Q1,2012,Q1,2012-02-29,2012-03-31,40328000.0,1020417000.0,64393000.0,0.28,332800000.0,0.3261411756,1743651000.0,1055155000.0,1232113000.0,565546000.0,688496000.0,1031780000.0,1178305000.0,6483552640.0,6358164640.0,7.36901835349331,2.1786256113561056,0.0007495766067865645,0.0012386805729963843,0.03847386029550868,7.36901835349331,0.03821997715975378,6.353826563061964,40.19262447926998,6.144644758353038,0.21367288236461018,0.6664376126693675,0.0013290553001509987,0.5852186016582447,0.22402244910228344,0.02312848155966991,-124.37993055422334,0.3261411756174192,-0.4166666666666666,8.388123753230687,1.121168769546917,1.097846480731699,-0.17453356681863053,-0.4280689811663263,-0.4227172889865077,85.17338835597182,0.5762112908179354,0.7496463626672168,Specialty Retail,Consumer Cyclical,TSCO
2011Q4,2011,Q4,2011-11-03,2011-12-31,70512000.0,1240028000.0,111545000.0,0.48,403166000.0,0.3251265294,1594832000.0,1008290000.0,1090249000.0,460625000.0,586542000.0,830819000.0,1146594000.0,4993978500.0,4818330500.0,7.081682820620873,2.3668906377204886,0.0008257923091585822,0.001306171835483839,0.07040394336499411,7.081682820620873,0.06993226155173611,4.027311076846652,17.70612980769231,4.9529188031221185,0.12125595643294758,1.0072735457422135,0.001712061836069178,0.7775289184064529,0.3841845318860244,0.044212807367797986,59.46486747160106,0.325126529400949,0.6551724137931035,1.7976802535205354,1.303955862038754,0.9703398401895751,0.23065417593855977,0.6500596728523623,0.6372616653701068,3.4414986432529218,0.5927559114313938,0.6970596570708194,Specialty Retail,Consumer Cyclical,TSCO
2011Q3,2011,Q3,2011-08-04,2011-09-30,42733000.0,977776000.0,68129000.0,0.29,327603000.0,0.3350491319,1547850000.0,936905000.0,1072396000.0,502815000.0,610945000.0,913738000.0,1084632000.0,4453761780.0,4358495780.0,6.576987336085137,2.1327844236945994,0.0008553800432858481,0.0014131635544692364,0.045880265020519784,6.576987336085137,0.04561081433016154,4.554991920439855,26.055751877939763,4.753696244549874,0.19989235485456205,0.7115529834591535,0.0019179292521568137,0.6316994540814679,0.1920984855264859,0.027607972348741804,-113.41095923200326,0.33504913190751257,-0.5322580645161291,1.666504421399491,0.9702790886153261,0.8685385113882228,-0.18607343657219805,-0.5312308029837648,-0.5277444667031741,1.2220870273586504,0.3689841914500356,0.6025008026284556,Specialty Retail,Consumer Cyclical,TSCO
2011Q2,2011,Q2,2011-05-03,2011-06-30,91160000.0,1178363000.0,144263000.0,0.62,402497000.0,0.3415730127,1582863000.0,940695000.0,1129233000.0,535771000.0,642168000.0,875483000.0,1050441000.0,4815828160.0,4631644160.0,6.531969114113906,2.1076784671062825,0.0008421448982002865,0.0014170374031965728,0.09677878265744488,6.531969114113906,0.09690707402505594,4.086879985199807,13.207075910487054,5.119436331648409,0.09485519964896885,0.8862148094251973,0.0017955374886133814,0.7444504041095155,0.3462617424235354,0.057591844651116365,41.166905960695146,0.34157301273037255,4.166666666666667,1.3663327591400451,0.8365768662524528,0.9421985583014759,0.47108250550061037,3.971911644395964,4.015052492525899,1.009504806989077,0.3595448183906726,0.6477961763909954,Specialty Retail,Consumer Cyclical,TSCO
2011Q1,2011,Q1,2011-02-23,2011-03-31,18335000.0,836576000.0,28766000.0,0.12,273606000.0,0.3270545653,1577153000.0,912106000.0,1138436000.0,560216000.0,665047000.0,941377000.0,967928000.0,4352061440.0,4212973440.0,6.272736025528169,2.0321376040670027,0.0008623132949054404,0.0014910547677572563,0.020212809802825294,6.272736025528169,0.020101830269727422,5.202230807481926,59.340897736569396,4.771442617415081,0.2787564766839378,0.5980282076150151,0.0011743859939624382,0.5304342698520689,0.2791084153255173,0.011625378133890625,-59.046230157653376,0.32705456527559956,-0.6363636363636364,37.138352510898734,0.9623758317377797,1.0241178529507842,-0.187724699337072,-0.634469696969697,-0.6341320716320716,17.424550756415666,0.49827378882254175,0.6641149264557046,Specialty Retail,Consumer Cyclical,TSCO
2010Q4,2010,Q4,2010-12-31,2010-12-31,50160000.0,1032649000.0,78624000.0,0.33,336839000.0,0.3261892473,1463474000.0,933242000.0,1043717000.0,426564000.0,530232000.0,736520000.0,954704000.0,3525416960.0,3269484960.0,6.418092539612676,2.446800480115528,0.0009614109987604836,0.0015076475340801206,0.05405889280992762,6.418092539612676,0.05374811677999919,3.413954751324022,17.570858054226473,3.7776021224934158,0.10171451355661881,0.9447265518926845,0.0014472047017099505,0.7056148588905576,0.6405885166118097,0.034274609593337495,35.73081872174812,0.32618924726601195,0.5000000000000001,0.7726020912544063,0.8859917877413823,1.1334436203420908,0.20670705275866147,0.5666677077802418,0.5459514727279877,0.7244686637665886,0.4734253920220365,0.7035384100529768,Specialty Retail,Consumer Cyclical,TSCO
2010Q3,2010,Q3,2010-11-02,2010-09-25,32017000.0,829114000.0,50858000.0,0.22,279139000.0,0.3366714348,1428058000.0,846343000.0,1011670000.0,483159000.0,581715000.0,758683000.0,863698000.0,2801634000.0000005,2632209000.0000005,5.828808539944903,2.0938655804817876,0.001046876247323288,0.0017664233059173408,0.03772482677476897,5.828808539944903,0.037829816043849836,3.3790697057340733,21.87614392354062,3.3102820015053003,0.15885310928569196,0.7249075041881787,0.0018153691738464052,0.5805884634937797,0.3866905097493786,0.022419957732809172,-423.01585384266957,0.3366714348087235,-0.5686274509803922,0.8766191856140453,0.8572185920224076,1.0523873143798255,-0.22202712909312353,-0.5814059905604874,-0.5842285116332303,0.9600244858946323,0.40912742985273204,0.547549399911996,Specialty Retail,Consumer Cyclical,TSCO
2010Q2,2010,Q2,2010-08-03,2010-06-26,76487000.0,1065656000.0,122322000.0,0.51,358803000.0,0.3366968327,1363243000.0,816385000.0,957219000.0,451880000.0,546858000.0,702405000.0,836767000.0,2254099320.0,2074602320.0,5.617379517243277,2.1183035319111267,0.0011604680896949407,0.0019378112042724939,0.09351239879828006,5.617379517243277,0.09368986446345781,2.1152222856156206,7.367589655758495,2.7610739050815485,0.06658647874802254,1.0063325289540934,0.0022594390383827456,0.7817065629531932,0.4359387447995043,0.05610665156542157,33.16363812914711,0.33669683274902973,7.16,1.2882240256727067,0.8587699825166659,1.0799453550526708,0.5676194054630294,7.217339922647185,7.482801664355063,0.9137873702294046,0.4751396308517176,0.5038740323211103,Specialty Retail,Consumer Cyclical,TSCO
2010Q1,2010,Q1,2010-05-04,2010-03-27,9308000.0,710917000.0,14420000.0,0.0625,228884000.0,0.3219560089,1340543000.0,745176000.0,945919000.0,499082000.0,595367000.0,755617000.0,765373000.0,2105305650.0,1968929650.0,5.152648319734476,1.8953178034872025,0.001256207372684054,0.002259868809516141,0.012715211576066575,5.152648319734476,0.012491008835496581,2.961394438450621,56.545596529866785,2.825246183451963,0.5451224752900731,0.6379329739802042,0.0024101013551167737,0.530320176227096,0.27662788880384387,0.006943455002935378,-62.075944272445824,0.3219560089293124,-0.75,13.522049072342034,1.011274690118583,1.0828143543249376,-0.19882387944764338,-0.7566726792669856,-0.7570631938945701,1.1453925186420217,0.4631697182016614,0.46687993236966324,Specialty Retail,Consumer Cyclical,TSCO
2009Q4,2009,Q4,2010-02-24,2009-12-26,38253000.0,862532000.0,59357000.0,0.25,285685000.0,0.3312166969,1230845000.0,733203000.0,834329000.0,418580000.0,497642000.0,601249000.0,761139000.0,1953454650.0,1782402650.0,5.069858940672106,1.993236657269817,0.0014615975204026503,0.0024536178929982556,0.052363179658174316,5.069858940672106,0.05217245428619359,2.264790929495949,12.766676143047606,2.664275309839158,0.0,0.9594144855126578,0.0,0.7007641092095268,0.41294615127335277,0.031078649220657353,24.493500639466358,0.33121669688776767,0.6666666666666667,0.9513332613220168,1.0186049534090102,1.111374128488568,0.16114177484778774,0.7404340506847445,0.6581557113724614,0.4942428150540021,0.5777511701747932,0.4105891647476764,Specialty Retail,Consumer Cyclical,TSCO
2009Q3,2009,Q3,2009-11-02,2009-09-26,21979000.0,747730000.0,35797000.0,0.15,246038000.0,0.329046581,1242097000.0,693541000.0,850654000.0,476653000.0,548556000.0,703989000.0,722886000.0,1718821800.0,1625898800.0,4.811712549259033,1.7846399791882146,0.0015683155180312004,0.0028087741027567224,0.03192509445924074,4.811712549259033,0.03169098870867043,2.2987198587725515,19.550727967605443,2.4783275970706855,0.0,0.71264181684657,0.0,0.6019900217132801,0.19903577655023674,0.017695075344357165,-2380.639612188366,0.32904658098511497,-0.6052631578947368,1.919361439771448,0.8522526115064802,1.0748881695950554,-0.18583842381484986,-0.5986597034548243,-0.5945704124855596,0.35544824573993,0.4891185234678394,0.36701954019151234,Specialty Retail,Consumer Cyclical,TSCO
2009Q2,2009,Q2,2009-08-04,2009-06-27,54764000.0,946504000.0,88294000.0,0.38,302198000.0,0.3192781013,1171511000.0,664413000.0,776370000.0,437460000.0,507098000.0,644925000.0,700907000.0,1473397040.0,1383627040.0,4.628894493367517,1.7747222603209436,0.0017712168302303605,0.003123057495864771,0.08215865372515527,4.628894493367517,0.08242463648363292,1.556672808567106,6.726120444087358,2.2175921301961283,0.0,0.9990401984726907,0.0,0.8079343685206541,0.20995062405705664,0.04674646674252312,15.712715445073638,0.31927810130754863,151.0,0.8611460833761766,0.9190507941754311,1.056842861225594,0.5032034063550807,115.51914893617021,73.50970464135021,0.4262988601590592,0.48011799803069855,0.37634334371276373,Specialty Retail,Consumer Cyclical,TSCO
2009Q1,2009,Q1,2009-05-06,2009-03-28,470000.0,650171000.0,1185000.0,0.0025,201036000.0,0.3092048092,1200436000.0,605662000.0,805346000.0,488494000.0,594774000.0,730127000.0,646143000.0,1324434840.0000002,1329285840.0000002,4.211718728269033,1.6486302800034391,0.03516638954513193,0.06970059207941062,0.0011111866333627105,4.211718728269033,0.00077601038202826,2.0370561590719984,704.4866170212766,2.1867557152339097,0.0,0.6151464060362102,0.0,0.5416123808349633,0.0764881451972798,0.00039152441279668385,-42.09900953591863,0.3092048091963499,-0.9852941176470588,-0.8705700730189978,1.069660273074679,1.0523783841411998,-0.13074534967181783,-0.9711709501318776,-0.955466195648089,-0.011455539351842592,0.5421325870891038,0.35905847700305693,Specialty Retail,Consumer Cyclical,TSCO
2008Q4,2008,Q4,2009-02-25,2008-12-27,16303000.0,799496000.0,26609000.0,0.17,231274000.0,0.2892747431,1075997000.0,610130000.0,684303000.0,400843000.0,465867000.0,603435000.0,645673000.0,1261809560.0,1226924560.0,4.172913303969579,1.7071596610144122,0.0021812328473034778,0.003846721190565945,0.026927389546491973,4.172913303969579,0.02672053496795765,1.5782562514384062,19.349346132613633,2.0680995197744743,0.0,0.9416457447778137,0.0,0.7430280939444999,0.09288424645060535,0.015151529232888195,24.78364189892562,0.28927474308814555,0.30769230769230776,0.0007975484273002273,1.1297469831279192,1.1378227136984684,0.02968754173975762,-0.17499114417286574,-0.180933912026349,-0.42703704788425534,0.4521405301764493,0.38712167386913354,Specialty Retail,Consumer Cyclical,TSCO
2008Q3,2008,Q3,2008-11-04,2008-09-27,19761000.0,733918000.0,32487000.0,0.13,224606000.0,0.3060369142,1165002000.0,600764000.0,773893000.0,478032000.0,564238000.0,716806000.0,629370000.0,1664681280.305,1673741280.305,4.104202210256259,1.6189146333299862,0.022011121010951054,0.042683982395749415,0.031381530288441456,4.104202210256259,0.03289311609883415,2.268211544484534,21.06018521715753,2.7709404696436537,0.0,0.7105297667709255,0.0,0.6299714506927885,0.03469014626635874,0.01696220263999547,-29.970496908847043,0.3060369142056742,-0.5806451612903225,0.6363636359031043,1.0407550784963044,1.1765437731526993,-0.19633458209441207,-0.5797141520268834,-0.5787801778907242,0.14893616580444538,0.6307514728870918,0.44513454066192576,Specialty Retail,Consumer Cyclical,TSCO
2008Q2,2008,Q2,2008-08-01,2008-06-28,47018000.0,898327000.0,77126000.0,0.31,279477000.0,0.3111083158,1176319000.0,591690000.0,785233000.0,524073000.0,584629000.0,683317000.0,609609000.0,1103430364.61,1043195364.6099999,3.9640637645004313,1.4983275230740756,0.002313998158662744,0.0046003819567679025,0.07941246128411353,3.9640637645004313,0.07946390846558164,1.2283170433594892,5.867063489567824,1.8648791843870947,0.0,0.90565579372385,0.0,0.7636763496976585,0.12013021086756998,0.039970450192507306,6.41227308424521,0.3111083157914657,41.259740259740255,0.7027027052921379,0.9825731428822867,1.2239667309318143,0.5798229548229549,41.814236111111114,119.11026033690659,0.3695652187399797,0.5256352738407549,0.46777264893640624,Specialty Retail,Consumer Cyclical,TSCO
2008Q1,2008,Q1,2008-05-06,2008-03-29,-1152000.0,576208000.0,-653000.0,-0.0077,176904000.0,0.3070141338,1188071000.0,565623000.0,807979000.0,460910000.0,622448000.0,747531000.0,562591000.0,1478051600.0,1566113600.0,3.769412752572373,1.7530081794710464,0.08875311323986529,0.18642275862190893,-0.0005955679344519066,3.769412752572373,-0.0020366922844368067,2.5651355066226085,-320.75772569444445,2.6131391403814908,0.0,0.5341638005647926,0.0,0.48499458365703735,0.037714521273133586,-0.0009696390198902254,-35.39395593869732,0.30701413378502207,-1.0385,-2.1171621809626244,3.108817128299376,3.7809144665170837,-0.24867810258348658,-1.0383782523236833,-1.0129862381672103,-2.732203836883353,0.5711106205092796,0.5236799605290713,Specialty Retail,Consumer Cyclical,TSCO
2007Q4,2007,Q4,2008-02-27,2007-12-29,30017000.0,723252000.0,50284000.0,0.2,235457000.0,0.3255531958,1057971000.0,565337000.0,691924000.0,379856000.0,492634000.0,635988000.0,563743000.0,1326495040.0,1370993040.0,3.7675067974622807,1.8215429004675456,0.05500906924669958,0.10294390779305088,0.04993645181452265,3.7675067974622807,0.053095764119454415,1.8340703378628749,11.047864876569943,2.3463793100398522,0.0,0.76698774190708,0.0,0.6836217627893392,0.036066298807969334,0.028372233265373057,15.723845333206894,0.32555319584321923,0.8181818181818182,2.3231396995595195,3.305595555973737,3.8436160561735497,0.18530357870997297,0.7183993588275704,0.6948329906636557,0.4757344778663132,0.6313259822695774,0.5690015194016705,Specialty Retail,Consumer Cyclical,TSCO
2007Q3,2007,Q3,2007-11-02,2007-09-29,17468000.0,629199000.0,29669000.0,0.11,198647000.0,0.3157141063,1133604000.0,584825000.0,770037000.0,404461000.0,548779000.0,699312000.0,533726000.0,1789111376.4975002,1854980376.4975002,3.766476559828312,1.9038597046439583,0.0807962921796324,0.1566126619074082,0.027126246547581223,3.766476559828312,0.02986876416021887,2.8434746026257196,25.60555553723237,3.0592251981319203,0.0,0.6156794106207244,0.0,0.5550430308996792,0.06359574841579287,0.015409261082353274,-23.629237895524067,0.3157141063479122,-0.5925925925925927,1.0930232613362376,0.9854645006137301,1.6286799480628074,-0.2067573395521196,-0.6007953013232169,-0.5827614333127075,1.1537977882615673,0.4468557648184459,0.6241655283934825,Specialty Retail,Consumer Cyclical,TSCO
2007Q2,2007,Q2,2007-08-09,2007-06-30,43757000.0,790929000.0,71108000.0,0.27,250424000.0,0.3166200759,1135813000.0,594343000.0,782964000.0,489224000.0,541470000.0,692388000.0,516258000.0,2070501686.55,2030403686.55,3.7352726335551507,1.600420257387209,0.002910690404142231,0.005562444581664123,0.07354587031931005,3.7352726335551507,0.0736224705262786,2.6178097990464377,11.82954548158009,3.483681454227609,0.0,0.7806388903331658,0.0,0.6963549457525139,0.08872009549817671,0.03852482759045723,21.051096898511528,0.3166200758854461,8.000000000000002,1.2916666614294094,0.8327427357308601,1.716223679226873,0.489023665120704,7.753150630126025,6.918485523385301,0.34146341563010685,0.44659683013198864,0.6597632246895206,Specialty Retail,Consumer Cyclical,TSCO
2007Q1,2007,Q1,2007-05-10,2007-03-31,4999000.0,559832000.0,8980000.0,0.03,168180000.0,0.300411552,1135947000.0,585326000.0,802124000.0,449740000.0,550621000.0,722928000.0,472501000.0,2145404162.375,2166613162.375,3.5126585387330636,1.783528260772891,0.050173995793817844,0.09737308781772892,0.008641438891121723,3.5126585387330636,0.008540539801751502,3.8322285299429115,107.29166645204042,3.6653149909195903,0.0,0.5417579620653785,0.0,0.4928328522369442,0.07957041846400142,0.004400733484924913,-60.38629144266494,0.3004115520370397,-0.8333333333333334,5.283371579640775,8.924954494511258,10.19570448239987,-0.1806768745097848,-0.8305251381496424,-0.8138628637758063,0.18803454830692912,0.5379360366853098,0.7117250511948817,Specialty Retail,Consumer Cyclical,TSCO
