Quarters,Year,Quarter,FillingDate,Date,NetIncome,Revenue,OperatingIncome,EPSDiluted,GrossProfit,GrossProfitRatio,TotalAssets,CommonStockEquity,CurrentAssets,CurrentLiability,TotalLiability,Inventory,RetainedEarnings,MarketCap,EnterpriseValue,bookValuePerShare,currentRatio,debtToAssets,debtToEquity,roic,shareholdersEquityPerShare,roe,priceToSalesRatio,peRatio,pbRatio,payoutRatio,inventoryTurnover,dividendYield,assetTurnover,quickRatio,returnOnAssets,priceToFreeCashFlowsRatio,grossProfitMargin,epsdilutedGrowth,fiveYNetIncomeGrowthPerShare,fiveYRevenueGrowthPerShare,fiveYShareholdersEquityGrowthPerShare,grossProfitGrowth,netIncomeGrowth,operatingIncomeGrowth,threeYNetIncomeGrowthPerShare,threeYRevenueGrowthPerShare,threeYShareholdersEquityGrowthPerShare,Industry,Sector,Symbol
2023Q1,2023,Q1,2023-05-16,2023-03-31,708556.0,0.0,473692.0,0.21,0.0,0.0,119624584.0,119277807.0,119624584.0,346777.0,346777.0,0.0,593526.0,118451150.0,118161343.0,10.371983217391305,344.96112487275684,0.0,0.0,0.0026844495247840923,10.371983217391305,0.005940384199048864,0.0,41.79315043553368,0.9930694819028656,0.0,0.0,0.0,0.0,344.47539485029284,0.0059231637536979855,-137.30855814082886,0.0,4.675675675675675,0.0,0.0,0.0,0.0,0.26786864594815124,4.799566856501163,0.0,0.0,0.0,Shell Companies,Financial Services,ROCLU
2022Q4,2022,Q4,2023-03-31,2022-12-31,558856.0,0.0,-124670.0,0.037,0.0,0.0,119215181.0,118569251.0,119215181.0,645930.0,645930.0,0.0,554471.0,116725000.0,116037529.0,10.310369652173913,184.5636229932036,0.0,0.0,-0.0006812121119064101,10.310369652173913,0.004713329934082151,0.0,52.21604492033726,0.9844457902496154,0.0,0.0,0.0,0.0,184.3310126484294,0.0046877922367957485,-3998.116115773249,0.0,-0.5942982456140351,0.0,0.0,0.0,0.0,0.8363426663731266,-0.014121398473977908,0.0,0.0,0.0,Shell Companies,Financial Services,ROCLU
2022Q3,2022,Q3,2022-11-14,2022-09-30,304331.0,0.0,-122934.0,0.0912,0.0,0.0,118314629.0,118010395.0,118314629.0,304234.0,304234.0,0.0,-4385.0,115575000.00000001,114890429.00000001,10.261773478260869,388.8935128881059,0.0,0.0,-0.0007848807168861515,10.261773478260869,0.002578849092065152,0.0,94.94185607118565,0.97936287731263,0.0,0.0,0.0,0.0,388.21058790273275,0.002572217844675826,-2979.1978140949636,0.0,5.561151079136692,0.0,0.0,0.0,0.0,27.532814550909432,-0.006088877976921188,0.0,0.0,0.0,Shell Companies,Financial Services,ROCLU
2022Q2,2022,Q2,2022-08-12,2022-06-30,10666.0,0.0,-122190.0,0.0139,0.0,0.0,117886825.0,117706064.0,117886825.0,180761.0,180761.0,0.0,-308716.0,113850000.0,113126635.0,10.235309913043478,652.1695775084228,0.0,0.0,-0.0003878354526315484,10.235309913043478,9.061555231343052e-05,0.0,2668.5261578848676,0.967239886638296,0.0,0.0,0.0,0.0,649.7439436604135,9.047660754287004e-05,-1905.311778290993,0.0,0.0,0.0,0.0,0.0,0.0,1.0807779401852455,0.2872517280601977,0.0,0.0,0.0,Shell Companies,Financial Services,ROCLU
2022Q1,2022,Q1,2022-05-13,2022-03-31,-132041.0,0.0,-171435.0,0.0,0.0,0.0,117859994.0,117695398.0,1115297.0,164596.0,164596.0,0.0,-319382.0,0.0,-783119.0,0.0,6.775966609152106,0.0,0.0,-0.001267518944797335,0.0,-0.0011218875354837578,0.0,0.0,0.0,0.0,0.0,,0.0,4.7578252205399885,-0.0011203207765308387,0.0,0.0,0.0,0.0,0.0,0.0,0.0,0.20671797367361774,-0.029955121388533425,0.0,0.0,0.0,Shell Companies,Financial Services,ROCLU
2021Q4,2021,Q4,2022-04-01,2021-12-31,-166449.0,0.0,-166449.0,0.0,0.0,0.0,117961822.0,117847136.0,1236822.0,114686.0,114686.0,0.0,-167644.0,0.0,-898895.0,0.0,10.784420068709345,0.0,0.0,-0.001412414468859048,0.0,-0.001412414468859048,0.0,0.0,0.0,0.0,0.0,,0.0,7.8378790785274575,-0.0014110412774058373,0.0,0.0,0.0,0.0,0.0,0.0,0.0,-1584.2285714285715,-1584.2285714285715,0.0,0.0,0.0,Shell Companies,Financial Services,ROCLU
2021Q3,2021,Q3,2021-09-30,2021-09-30,-105.0,0.0,-105.0,0.0,0.0,0.0,286352.0,23805.0,168057.0,262547.0,262547.0,0.0,-1195.0,0.0,31943.0,0.0,0.6401025340224797,0.6984410795105325,8.401596303297627,-0.0004691584191595362,0.0,-0.004410838059231254,0.0,0.0,0.0,0.0,0.0,,0.0,0.6401025340224797,-0.00036668156674302956,0.0,0.0,0.0,0.0,0.0,0.0,0.0,0.0,0.0,0.0,0.0,0.0,Shell Companies,Financial Services,ROCLU
2021Q2,2021,Q2,2021-06-30,2021-06-30,0.0,0.0,0.0,0.0,0.0,0.0,,,,,,,,0.0,,0.0,0.0,0.0,0.0,0.0,0.0,0.0,0.0,0.0,0.0,0.0,0.0,,0.0,0.0,0.0,0.0,0.0,0.0,0.0,0.0,0.0,0.0,1.0,1.0,0.0,0.0,0.0,Shell Companies,Financial Services,ROCLU
2021Q1,2021,Q1,2021-03-31,2021-03-31,-90.0,0.0,-90.0,0.0,0.0,0.0,,,,,,,,0.0,,0.0,0.0,0.0,0.0,0.0,0.0,0.0,0.0,0.0,0.0,0.0,0.0,,0.0,0.0,0.0,0.0,0.0,0.0,0.0,0.0,0.0,0.0,0.0,0.0,0.0,0.0,0.0,Shell Companies,Financial Services,ROCLU
