Quarters,Year,Quarter,FillingDate,Date,NetIncome,Revenue,OperatingIncome,EPSDiluted,GrossProfit,GrossProfitRatio,TotalAssets,CommonStockEquity,CurrentAssets,CurrentLiability,TotalLiability,Inventory,RetainedEarnings,MarketCap,EnterpriseValue,bookValuePerShare,currentRatio,debtToAssets,debtToEquity,roic,shareholdersEquityPerShare,roe,priceToSalesRatio,peRatio,pbRatio,payoutRatio,inventoryTurnover,dividendYield,assetTurnover,quickRatio,returnOnAssets,priceToFreeCashFlowsRatio,grossProfitMargin,epsdilutedGrowth,fiveYNetIncomeGrowthPerShare,fiveYRevenueGrowthPerShare,fiveYShareholdersEquityGrowthPerShare,grossProfitGrowth,netIncomeGrowth,operatingIncomeGrowth,threeYNetIncomeGrowthPerShare,threeYRevenueGrowthPerShare,threeYShareholdersEquityGrowthPerShare,Industry,Sector,Symbol
2023Q3,2023,Q3,2023-03-13,2023-01-28,3713000.0,184975000.0,16270000.0,0.08,41713000.0,0.2255061495,453652000.0,179341000.0,341822000.0,212386000.0,274311000.0,164879000.0,82011000.0,167931900.0,181547900.0,3.9513737413796903,1.609437533547409,0.05210601959211025,0.13180477414534322,0.04948917542177758,3.9513737413796903,0.02070357586943309,0.9078626841465063,11.30702262321573,0.9363832029485728,0.0,0.8688917327252106,0.0,0.4077464664544629,0.788493591856337,0.008184687822383678,24.41225468818142,0.2255061494796594,1.2758620689655173,1.588448735677575,0.39225716803979477,-0.13946013639536695,0.31570148877113297,1.2859673444239064,9.661861074705111,1.2903095729482847,0.4426788172365099,-0.024136477665217475,Electronic Components,Technology,DAKT
2023Q2,2023,Q2,2022-12-13,2022-10-29,-12984000.0,187439000.0,1526000.0,-0.29,31704000.0,0.1691430279,463868000.0,172530000.0,345632000.0,227052000.0,291338000.0,167892000.0,78298000.0,153624630.0,173611630.0,3.807180528278571,1.52225921815267,0.0569515465606595,0.15312119631368457,-0.08365060527110782,3.807180528278571,-0.0752564771344114,0.819598002550163,-2.9579603743068392,0.8904227090940706,0.0,0.9275903557048579,0.0,0.4040783153828244,0.7309559043743283,-0.027990721498357293,-32.6513560042508,0.16914302786506544,-1.4166666666666665,-2.7841704893567663,0.08497340645354956,-0.1987997402285459,0.2291230518725285,-1.4378520465640254,1.2764993658271426,-2.7770310655948114,0.06684824190206329,-0.1325686475332799,Electronic Components,Technology,DAKT
2023Q1,2023,Q1,2022-09-02,2022-07-30,-5326000.0,171920000.0,-5519000.0,-0.12,25794000.0,0.1500349,473308000.0,186702000.0,343104000.0,224626000.0,286606000.0,157170000.0,91282000.0,170466660.0,186315660.0,4.140009313258088,1.5274456207206646,0.05097737625394035,0.1292326809568189,-0.019636348423629213,4.140009313258088,-0.02852674315218905,0.9915464169381107,-8.001626924521217,0.9130414243018286,0.0,0.9297321371763059,0.0,0.36323070812240654,0.7729915503993304,-0.011252714934038724,-5.093118016133851,0.15003489995346672,-3.8387096774193545,-1.6199145642514037,-0.023504177734506446,-0.11254137832164468,-0.13839062030263555,-3.7681289167412713,-16.300940438871475,-1.7574758452548198,-0.0464145316428814,-0.028742566454064748,Electronic Components,Technology,DAKT
2022Q4,2022,Q4,2022-06-16,2022-04-30,-1117000.0,162203000.0,-319000.0,-0.0248,29937000.0,0.1845650204,440876000.0,191564000.0,317570000.0,213694000.0,249312000.0,134392000.0,96608000.0,150626050.0,135792050.0,4.260480839801614,1.486096942356828,0.005237300283980076,0.012053412958593473,-0.00233456032996379,4.260480839801614,-0.005830949447704161,0.92862678248861,-33.7121866606983,0.7862962247603935,0.0,0.9841806059884517,0.0,0.3679107050508533,0.7831291472853706,-0.002533592211869097,-12.633234085381195,0.18456502037570205,0.7422037422037422,-2.207533087895005,0.10934407382397886,-0.05063854520342066,0.3419849381387843,0.7432183908045977,0.9438380281690141,0.8963515753657119,0.27461090366402896,0.024782960028375697,Electronic Components,Technology,DAKT
2022Q3,2022,Q3,2022-03-10,2022-01-29,-4350000.0,139558000.0,-5680000.0,-0.0962,22308000.0,0.1598475186,415051000.0,193839000.0,300327000.0,186380000.0,221212000.0,111110000.0,97725000.0,222497160.0,214867160.0,4.286292373349844,1.6113692456272133,0.07963840588265056,0.1705229597758965,-0.016970102127232593,4.286292373349844,-0.02244130438147122,1.594298857822554,-12.787193103448276,1.1478451704765296,0.0,1.055260552605526,0.0,0.3362430159185257,0.9415065994205387,-0.010480639728611664,-9.912111195259946,0.15984751859441954,-2.842911877394636,0.17258220808042504,0.1761128113128554,-0.05347613963230002,-0.3085792214232581,-2.8323504633529906,-2.71342383107089,-0.30469450186117636,0.2073223092830413,-0.0407191111977407,Electronic Components,Technology,DAKT
2022Q2,2022,Q2,2021-12-01,2021-10-30,2374000.0,164477000.0,3315000.0,0.0522,32264000.0,0.1961611654,417806000.0,200803000.0,305167000.0,179939000.0,217003000.0,94790000.0,102075000.0,251692500.0,191965500.0,4.427850055126791,1.6959469598030443,0.0,0.0,0.01161579589306374,4.427850055126791,0.011822532531884485,1.5302595499674727,26.505107413647853,1.2534299786357774,0.0,1.3947990294334844,0.0,0.39366835325485994,1.0981666009036395,0.005682062967022972,-23.437238104106527,0.19616116539090572,-0.3475,-0.7447398872189319,-0.06150142508814086,-0.05563587240096919,0.002361128370821424,-0.3557666214382632,-0.41431095406360424,-0.7276131290674105,-0.059541243147521336,-0.03154229343705479,Electronic Components,Technology,DAKT
2022Q1,2022,Q1,2021-09-01,2021-07-31,3685000.0,144732000.0,5660000.0,0.08,32188000.0,0.22239725838100766,396456000.0,198181000.0,290555000.0,163414000.0,198275000.0,84514000.0,99701000.0,275799290.0,201141290.0,4.39046057732781,1.7780300341464013,0.0,0.0,0.021351731019387206,4.39046057732781,0.01859411346193631,1.9055861177901223,18.710942333785617,1.3916535389366287,0.0,1.3316610265754787,0.0,0.3650644712149646,1.1852044500471195,0.009294852392194847,-119.80855343179843,0.22239725838100766,7.000000000000001,-0.35034030067746735,-0.10062454229245987,-0.033070299741026495,0.16762796096782384,13.33852140077821,3.982394366197183,-0.20330126755238764,-0.0717460998718823,-0.017371222031232737,Electronic Components,Technology,DAKT
2021Q4,2021,Q4,2021-06-11,2021-05-01,257000.0,116883000.0,1136000.0,0.01,27567000.0,0.23585123585123585,375164000.0,193554000.0,265003000.0,146620000.0,181610000.0,74356000.0,96016000.0,278556990.0,202847990.0,4.287195162469267,1.8074137225480835,0.005013807294943011,0.009718218171673022,0.002895531218779901,4.287195162469267,0.001327794827283342,2.38321218654552,270.9698346303502,1.4391693790880065,0.0,1.2011942546667385,0.0,0.3115517480355258,1.2303232846814895,0.0006850337452420808,16.35203933078955,0.23585123585123585,3.105706464518846,1.085667502087039,-0.1755426125001021,-0.05981795374715959,0.15145566183534523,2.2009345794392523,5.813559322033898,1.066590479266708,-0.16493634201658716,-0.03309448022380398,Electronic Components,Technology,DAKT
2021Q3,2021,Q3,2021-03-03,2021-01-30,-214000.0,94139000.0,-236000.0,-0.004749,23941000.0,0.25431542718745687,368447000.0,192568000.0,258240000.0,125493000.0,175879000.0,72312000.0,95759000.0,216307200.0,139430200.0,4.273211432629149,2.0578040209414072,0.0,0.0,-0.0002205767847074496,4.273211432629149,-0.0011112957500727016,2.2977426996250228,-252.69532710280373,1.123276972290308,0.0,0.9707655714127669,0.0,0.25550214820584777,1.3743396045994598,-0.0005808162367993226,30.521687597008608,0.25431542718745687,-1.0593625,0.8929610856003714,-0.25728366314561635,-0.08671103953581914,-0.2813531848472114,-1.0626463700234192,-1.035440756870401,0.9658414680450018,-0.2863623628970723,-0.06936953473187155,Electronic Components,Technology,DAKT
2021Q2,2021,Q2,2020-12-03,2020-10-31,3416000.0,127367000.0,6659000.0,0.08,33314000.0,0.26155911656865594,373511000.0,190405000.0,259424000.0,130394000.0,183106000.0,71428000.0,95973000.0,175082700.0,105246700.0,4.241307108012385,1.9895393959844778,0.0,0.0,0.02058359008440259,4.241307108012385,0.01794070533862031,1.374631576468002,12.81342944964871,0.9195278485333894,0.0,1.3167525340202721,0.0,0.3409993279983722,1.3403684218599015,0.009145647651608654,6.077361241278767,0.26155911656865594,-0.5294117647058824,0.055248652969901245,-0.20943883191788912,-0.11833342094557248,-0.06842649814043232,-0.5425204231953931,-0.3026494920934129,-0.5261638070327103,-0.25578472828471327,-0.10744018271008658,Electronic Components,Technology,DAKT
2021Q1,2021,Q1,2020-08-28,2020-08-01,7467000.0,143644000.0,9549000.0,0.17,35761000.0,0.24895575171952883,380120000.0,186222000.0,262366000.0,144110000.0,193898000.0,81435000.0,92557000.0,186207180.0,141598180.0,4.170331885161464,1.8205953785302893,0.0,0.0,0.04285752724823573,4.170331885161464,0.040097303218738924,1.2963101835092312,6.234337083165929,0.9999204175661306,0.0,1.3247743599189539,0.0,0.37789119225507734,1.1884948997293734,0.01964379669578028,34.5467866419295,0.24895575171952883,9.5,0.9395374109537513,-0.06213390296741066,-0.13934989669063552,0.24924893453503807,7.920296570898981,3.7646207295888825,-0.12226359182228716,-0.17601603271753338,-0.10604138621270531,Electronic Components,Technology,DAKT
2020Q4,2020,Q4,2020-06-12,2020-05-02,-1079000.0,126108000.0,-3454000.0,-0.02,28626000.0,0.22699590826910268,372651000.0,176980000.0,252002000.0,145965000.0,195671000.0,86803000.0,85090000.0,198848250.0,160866250.0,3.960613181156988,1.7264549720823485,0.006483277919554758,0.013651260029381851,-0.006297529937830482,3.960613181156988,-0.006096734094247938,1.5768091635740793,-46.07234708063021,1.1235633969940106,-2.0741427247451343,1.1230257018766632,0.011254813658153893,0.3384077863738458,1.0532593429931834,-0.00289547056092698,1149.4118497109826,0.22699590826910268,0.9285714285714285,-1.2749112853095748,-0.21974158163098578,-0.18360999481780016,0.16926721673065925,0.9152662164284593,0.6225961538461539,-2.173710066542069,-0.13215225078913984,-0.11745795065591942,Electronic Components,Technology,DAKT
2020Q3,2020,Q3,2020-02-28,2020-02-01,-12734000.0,127657000.0,-9152000.0,-0.28,24482000.0,0.19177953422060678,358725000.0,182975000.0,253036000.0,139798000.0,175750000.0,80206000.0,88407000.0,266615100.00000003,226299100.00000003,4.049104870654363,1.8100115881486145,0.0,0.0,-0.06895379248373837,4.049104870654363,-0.0695942068588605,2.0885270686292174,-5.234315611748077,1.4571121737942343,-0.17716349929323072,1.2863750841582924,0.0084616362689135,0.3558631263502683,1.1648163779167084,-0.03549794410760332,21.186832485696126,0.19177953422060678,-2.7500000000000004,-22.90661404710633,0.042997910469648105,-0.16258257718363545,-0.3892783196547509,-2.750618641737696,-2.8971807628524044,-1.42396911624494,0.0766276178066143,-0.10585325512683778,Electronic Components,Technology,DAKT
2020Q2,2020,Q2,2019-11-27,2019-11-02,7274000.0,174911000.0,4824000.0,0.16,40087000.0,0.22918512843674782,378409000.0,198011000.0,270662000.0,144111000.0,180398000.0,79237000.0,103397000.0,305879700.0,276614700.0,4.389028039454727,1.8781494819965165,0.0,0.0,0.03990345549197874,4.389028039454727,0.03673533288554676,1.7487733761741686,10.51277495188342,1.544761149633101,0.3093208688479516,1.7015283264131655,0.00735583302847492,0.4622273783128837,1.2460048157323174,0.01922258720062155,75.82540902330193,0.22918512843674782,0.0,-0.09547724109932271,-0.027921760078299256,-0.10984439311198128,-0.1190638391385562,0.03470839260312945,-0.36651346027577153,-0.21380211968126434,0.0032331955492744357,-0.06391576411034078,Electronic Components,Technology,DAKT
2020Q1,2020,Q1,2019-08-30,2019-08-03,7030000.0,180256000.0,7615000.0,0.16,45505000.0,0.2524465205041718,381829000.0,192193000.0,273901000.0,153693000.0,189636000.0,85458000.0,98373000.0,280453580.0,259691580.0,4.262525227882632,1.7821306110232737,0.0,0.0,0.034635670392011306,4.262525227882632,0.03657781500887129,1.5558626619918339,9.973455903271693,1.4592289001160292,0.3200568990042674,1.5768096608860493,0.00802271805551564,0.472085671858345,1.1497075338499476,0.01841138310605009,-11.649646091218742,0.2524465205041718,1.6666666666666667,-0.22870332015096864,0.03799141871771248,-0.11843621903463347,0.8633553089554072,1.6497827895369257,1.7418412079883099,0.24075230224793276,0.12136637276287103,-0.06124604278957097,Electronic Components,Technology,DAKT
2019Q4,2019,Q4,2019-06-07,2019-04-27,-10819000.0,127755000.0,-10265000.0,-0.24,24421000.0,0.19115494501193692,349216000.0,187663000.0,253673000.0,134072000.0,161553000.0,78832000.0,93593000.0,329514700.0,294131700.0,4.157446997053546,1.8920654573661913,0.0,0.0,-0.05538509350801624,4.157446997053546,-0.0576512152102439,2.579270478650542,-7.614259635825862,1.7558852837266803,-0.2912468804880303,1.3108128678709154,0.009562547588923954,0.3658337533217264,1.225498239751775,-0.030980825620819205,-56.53992793411119,0.19115494501193692,-2.428571428571428,-6.674133594448808,-0.10197902500343528,-0.1152077413307929,-0.018014395432064016,-2.259716782163302,-0.36466365328370115,-2.607007660146017,-0.09869509719407639,-0.08827173087538459,Electronic Components,Technology,DAKT
2019Q3,2019,Q3,2019-02-22,2019-01-26,-3319000.0,115069000.0,-7522000.0,-0.07,24869000.0,0.2161225004127958,358752000.0,201151000.0,264604000.0,129022000.0,157601000.0,72187000.0,107563000.0,344387700.0,312305700.0,4.468234928250922,2.050844042101347,0.0,0.0,-0.016677414385345365,4.468234928250922,-0.016500042256812047,2.9928799242193813,-25.940622175354026,1.712085448245348,-0.949382344079542,1.249532464294125,0.009149571834301864,0.320748037641602,1.4178357179395762,-0.009251516367853001,63.98879598662207,0.2161225004127958,-1.368421052631579,-2.105223307944518,-0.04644623364074878,-0.057205650259630036,-0.41836424445120096,-1.385661166627934,-1.8340170750637543,-0.66179985308033,-0.09122729100372358,-0.04502978683147695,Electronic Components,Technology,DAKT
2019Q2,2019,Q2,2018-11-26,2018-10-27,8606000.0,172692000.0,9019000.0,0.19,42757000.0,0.24759108702198132,373686000.0,204737000.0,275152000.0,138066000.0,168949000.0,69529000.0,114033000.0,330924200.0,296473200.0,4.572063421170165,1.9929019454463808,0.0,0.0,0.04148248034075371,4.572063421170165,0.042034414883484666,1.916268269520302,9.613182663258192,1.6163380336724675,0.3638159423657913,1.8687885630456356,0.00946138118638649,0.462131308103595,1.429932061477844,0.023030030560417036,11.941979719245065,0.24759108702198132,0.8999999999999999,-0.30381790383368923,0.01896995300659536,-0.030676618011811447,0.11791774518262871,0.8815041539134237,1.2324257425742575,1.665218537541561,0.07459624088077936,-0.04957707303302139,Electronic Components,Technology,DAKT
2019Q1,2019,Q1,2018-08-24,2018-07-28,4574000.0,154188000.0,4040000.0,0.1,38247000.0,0.24805432329364152,376220000.0,199446000.0,279348000.0,146414000.0,176774000.0,78983000.0,108559000.0,371388160.0,357973160.0,4.468076526726108,1.9079323015558622,0.0,0.0,0.02291084186480428,4.468076526726108,0.022933525866650623,2.408670973097777,20.29887188456493,1.8620988137139878,0.6823349365981636,1.4679234772039553,0.008403606620092574,0.40983467120301953,1.3156323848812272,0.012157780022327362,-24.780687262293988,0.24805432329364152,2.111111111111111,-0.23814843698351018,0.05895002521009803,-0.0033444605540454767,0.2812206887310733,2.200524934383202,1.7530288909599254,0.18851265424457841,0.007069775330511272,-0.07790299903862792,Electronic Components,Technology,DAKT
2018Q4,2018,Q4,2018-06-08,2018-04-28,-3810000.0,138177000.0,-5365000.0,-0.09,29852000.0,0.21604174356079522,358800000.0,197616000.0,264133000.0,131308000.0,161184000.0,75335000.0,107105000.0,401566690.0,372939690.0,4.433933900244565,2.011552989916837,0.0,0.0,-0.019464849382509287,4.433933900244565,-0.019279815399562788,2.906176064033812,-26.34952034120735,2.0320555521820096,-0.8170603674540683,1.4379106656932368,0.007752137011164946,0.3851086956521739,1.3688503366131537,-0.010618729096989967,-104.19478204462895,0.21604174356079522,0.3571428571428572,-2.972701398582101,0.05980629685124273,0.002290562652629975,0.04498197220569188,0.3843916626272419,-0.6072498502097065,-1.9732512534118056,-0.1428428410134114,-0.0860457322568528,Electronic Components,Technology,DAKT
2018Q3,2018,Q3,2018-03-02,2018-01-27,-6189000.0,130316000.0,-3338000.0,-0.14,28567000.0,0.21921329690905184,356026000.0,204415000.0,264269000.0,121328000.0,151611000.0,70451000.0,114028000.0,419359560.0,371317560.0,4.59173817332315,2.1781369510747726,0.0,0.0,-0.027262863415012443,4.59173817332315,-0.030276643103490448,3.218020504005648,-16.939714008725158,2.051510701269476,-0.5031507513330101,1.4442520333281288,0.007425608706762283,0.36602944728755765,1.5368010681788211,-0.017383561874694545,28.951298584742837,0.21921329690905184,-1.8750000000000002,-3.1721868048232573,0.1161566664351947,0.0471469859701527,-0.3294761055299972,-1.8677790241166574,-1.353676626403899,-11.807568073768394,0.08077087078318723,-0.05035762960360591,Electronic Components,Technology,DAKT
2018Q2,2018,Q2,2017-12-01,2017-10-28,7132000.0,169309000.0,9438000.0,0.16,42604000.0,0.2516345852848933,379197000.0,211039000.0,283225000.0,139007000.0,168158000.0,70436000.0,123330000.0,464549520.00000006,425750520.00000006,4.751846347833919,2.0374873207824065,0.0,0.0,0.03373393890175697,4.751846347833919,0.033794701453285884,2.7437969629494003,16.283984856982613,2.201249626846223,0.43508132361189006,1.7988670566187746,0.006679589293300744,0.4464935112883277,1.4761558770421634,0.018808165676416216,43.79237556561087,0.2516345852848933,-0.15789473684210525,-0.41362784076335196,0.07249089225890953,-0.03206871074099478,-0.045737580074362766,-0.1538735318543125,-0.19505330490405118,-0.09909672215040358,-0.044160939721504915,-0.036259820723264655,Electronic Components,Technology,DAKT
2018Q1,2018,Q1,2017-09-01,2017-07-29,8429000.0,172728000.0,11725000.0,0.19,44646000.0,0.25847575378629983,379896000.0,206399000.0,282928000.0,145722000.0,173497000.0,74412000.0,119302000.0,426954600.0,400886600.0,4.6650167254316965,1.941559956629747,0.0,0.0,0.0399191296720696,4.6650167254316965,0.04083837615492323,2.4718320133388914,12.663263732352592,2.068588510603249,0.36706608138569224,1.721254636348976,0.00724667212860571,0.4546718049150294,1.3823376017348101,0.022187651357213553,-47.41305941143809,0.25847575378629983,8.5,0.20012676307613647,0.23558651756876395,0.011842803622877046,0.3238643102834776,8.272827282728272,5.868775629759813,-0.057549800888456355,0.013638267158387733,-0.035194031031908095,Electronic Components,Technology,DAKT
2017Q4,2017,Q4,2017-06-09,2017-04-29,909000.0,143682000.0,1707000.0,0.02,33724000.0,0.23471276847482636,355433000.0,198286000.0,257725000.0,130595000.0,157147000.0,66486000.0,113967000.0,417980640.00000006,386757640.00000006,4.487733116060112,1.973467590642827,0.0,0.0,0.004499930128631933,4.487733116060112,0.004584287342525443,2.909067524115756,114.95617161716173,2.1079684899589486,3.393839383938394,1.6538519387540234,0.007380724619207243,0.4042449631857481,1.4048776752555612,0.002557444018985294,-53.7043093922652,0.23471276847482636,1.1666666666666665,2.711026615969582,0.21952825962770542,-0.012160106524856789,0.44638874592554467,1.1772966647162084,1.246178252091145,-0.5129615791693762,0.0318055087309578,-0.04491590082145671,Electronic Components,Technology,DAKT
2017Q3,2017,Q3,2017-03-03,2017-01-28,-5127000.0,115719000.0,-6934000.0,-0.12,23316000.0,0.2014880875223602,348106000.0,199714000.0,251832000.0,120181000.0,148392000.0,61922000.0,116143000.0,458219780.0,410342780.0,4.528456759330642,2.0954393789367702,0.0,0.0,-0.02502919585581059,4.528456759330642,-0.025671710546080896,3.9597627010257606,-22.34346498927248,2.294379863204383,-0.6015213575190169,1.4922483123930106,0.006730394746381311,0.3324246062980816,1.5288273520772835,-0.014728272422767778,16.1978076284068,0.2014880875223602,-1.5999999999999999,-3.924892218916499,-0.10528235601373256,-0.0029950178632602506,-0.4737744876771689,-1.5683405387429332,-1.5474498657824096,-2.7427456688581757,-0.021142594355983084,-0.04449888730184524,Electronic Components,Technology,DAKT
2017Q2,2017,Q2,2016-12-02,2016-10-29,9021000.0,169992000.0,12666000.0,0.2,44308000.0,0.2606475598851711,357709000.0,206247000.0,260391000.0,122875000.0,151462000.0,63632000.0,124353000.0,367739680.0,334094680.0,4.688710557424752,2.119153611393693,0.0,0.0,0.04291215097062914,4.688710557424752,0.04373881801917119,2.163276389477152,10.191211617337324,1.783006201302322,0.34064959538853784,1.9751697259240633,0.008356454761694469,0.47522427448009413,1.5383194303153611,0.025218823121587658,61.90903703703704,0.2606475598851711,0.5384615384615385,1.1648515451974166,0.18832712330886536,-0.060017693316310704,0.13415414544244503,0.6286333273153999,0.5868203457780005,-0.2571073454916343,0.021098210367140675,-0.005946253141983292,Electronic Components,Technology,DAKT
2017Q1,2017,Q1,2016-09-02,2016-07-30,5539000.0,157146000.0,7982000.0,0.13,39067000.0,0.24860320975398673,366509000.0,200146000.0,265079000.0,137795000.0,166363000.0,68593000.0,118405000.0,285191130.0,255613130.0,4.540620250005672,1.9237200188686092,0.0,0.0,0.027437614312511995,4.540620250005672,0.027674797397899534,1.8148163491275628,12.871959288680266,1.4249154617129494,0.795992056327857,1.721443879113029,0.015459807603413192,0.4287643686785318,1.3814507057585543,0.015112862167095488,64.21777302409367,0.24860320975398673,2.857142857142857,0.5567679944004662,0.2532119908594632,-0.07008849678022809,0.3964469545324564,2.890443686006826,3.183857729138167,-0.06571675109073859,0.09295231765339851,0.012837246098948868,Electronic Components,Technology,DAKT
2016Q4,2016,Q4,2016-06-21,2016-04-30,-2930000.0,138463000.0,-3655000.0,-0.07,27976000.0,0.20204675617312928,349948000.0,201067000.0,245231000.0,121517000.0,148881000.0,69827000.0,117276000.0,383617799.99999994,355889799.99999994,4.5599628067310745,2.018079774846318,0.0,0.0,-0.018067028279299544,4.5599628067310745,-0.014572257008857744,2.7705437553714707,-32.731894197952215,1.9079102985571972,-1.5010238907849829,1.5822962464376245,0.011464535795784244,0.3956673562929349,1.3885958343277072,-0.008372672511344543,51.73537424140255,0.20204675617312928,-0.7500000000000001,-1.933649235630302,0.14289108247924595,-0.06529541033653981,0.26996232239320894,-0.5002560163850487,0.34096646231518213,-2.5334068156699745,0.07344022434702614,0.030779391407134434,Electronic Components,Technology,DAKT
2016Q3,2016,Q3,2016-03-04,2016-01-30,-1953000.0,123816000.0,-5546000.0,-0.04,22029000.0,0.17791723202170964,348138000.0,205971000.0,259803000.0,115504000.0,142167000.0,68713000.0,124604000.0,353488630.0,322311630.0,4.678925967152041,2.2492987255852612,0.0,0.0,-0.009698766813643305,4.678925967152041,-0.009481917357297871,2.8549511371712866,-45.24944060419866,1.716205825091882,-2.251920122887865,1.4813354096022586,0.01244170144878493,0.3556520690071179,1.5109000554093364,-0.005609844372059356,41.49414602652894,0.17791723202170964,-1.5714285714285714,-2.0063701660883737,0.1697532799359305,-0.02355752290090672,-0.3796919437952299,-1.6164772727272727,-1.9908879757012685,-1.6931938052712345,0.07245709639972593,0.0670301831549859,Electronic Components,Technology,DAKT
2016Q2,2016,Q2,2015-12-04,2015-10-31,3168000.0,157668000.0,5597000.0,0.07,35513000.0,0.22523911002866784,358438000.0,211347000.0,268265000.0,121603000.0,147091000.0,69441000.0,130954000.0,426159799.99999994,399199799.99999994,4.81055674420722,2.2060722186130275,0.0,0.0,0.014970843336089288,4.81055674420722,0.014989566920751181,2.7028934216201126,33.63003472222222,2.016398624063743,1.3841540404040404,1.7591192523149148,0.010289567434563279,0.4398752364425647,1.496813400985173,0.008838348612591298,-177.4926280716368,0.22523911002866784,-0.22222222222222213,-0.5740915497693522,0.17025395733655804,0.02174153472017683,0.0003380186473620461,-0.16101694915254236,-0.0823085751762584,-0.7367024816257902,0.009617134030208432,-0.02010964778004245,Electronic Components,Technology,DAKT
2016Q1,2016,Q1,2015-09-03,2015-08-01,3776000.0,150221000.0,6099000.0,0.09,35501000.0,0.236325147615846,373175000.0,212221000.0,280578000.0,135414000.0,160954000.0,72011000.0,132171000.0,500599710.0,465830710.0,4.845560198187091,2.072001417874075,0.0,0.0,0.01841787512923041,4.845560198187091,0.017792772628533463,3.3324216321286637,33.14351893538135,2.3588603861069357,1.1586334745762712,1.5930899445917985,0.008739517647742945,0.40254840222415755,1.4125644320380464,0.010118577075098814,-28.913001617188403,0.236325147615846,0.0,0.4697312934178473,0.420702806363999,-0.026604261515857375,0.007492124755228879,-0.016410523573847355,-0.13008130081300814,-0.45688340506801833,0.08555313374512545,0.05100270902101327,Electronic Components,Technology,DAKT
2015Q4,2015,Q4,2015-06-22,2015-05-02,3839000.0,158086000.0,7011000.0,0.09,35237000.0,0.22289766329719266,379479000.0,212039000.0,291095000.0,142020000.0,167440000.0,64389000.0,132771000.0,469850250.0,413166250.0,4.851373921797424,2.0496761019574707,0.0,0.0,0.01817255204834737,4.851373921797424,0.018105159899829748,2.972118024366484,30.597176999218547,2.215867128216979,1.135972909611878,1.907919054496886,0.009281680705714215,0.416586952110657,1.4637515842839037,0.010116501835411183,24.291709750801363,0.22289766329719266,8.0,1.7350951059620874,0.6125322782188476,-0.039345815836069116,0.4059931370201899,5.8431372549019605,5.4233438485804415,8.305080840982718,0.356428627106975,0.06788451411384289,Electronic Components,Technology,DAKT
2015Q3,2015,Q3,2015-03-06,2015-01-31,561000.0,118123000.0,-1585000.0,0.01,25062000.0,0.2121686716388849,357605000.0,210874000.0,271706000.0,124644000.0,146731000.0,67660000.0,133294000.0,539916560.0,498191560.0,4.835228836100156,2.179856230544591,7.270591854140742e-05,0.00012329637603497823,0.0034700782653999023,4.835228836100156,0.002660356421370107,4.570799590257613,240.6045276292335,2.560375200356611,7.7718360071301245,1.3754212237658883,0.00807532186084457,0.3303169698410257,1.484804723853535,0.0015687700116049832,-46.360686931135156,0.2121686716388849,-0.9444444444444444,1.0630094575472182,0.5338402632324063,-0.0584024430191213,-0.38689238447048463,-0.9274912756882513,-1.1294723084463323,-0.6763603726366268,-0.07643369561427944,0.06454527349304905,Electronic Components,Technology,DAKT
2015Q2,2015,Q2,2014-12-05,2014-11-01,7737000.0,173115000.0,12242000.0,0.18,40877000.0,0.23612627444184503,385556000.0,214014000.0,296287000.0,148400000.0,171542000.0,62824000.0,137093000.0,577720550.0,520332550.0,4.930630111738279,1.996543126684636,0.00012190187677017087,0.0002196118010971245,0.03616162629760274,4.930630111738279,0.03615184053379685,3.337206770066141,18.667459932790486,2.6994521386451353,0.5600361897376244,2.1048962180058575,0.007500165953937418,0.44900092334187514,1.4456805929919136,0.02006712384193217,78.92357240437158,0.23612627444184503,-0.10000000000000009,0.5009653569832915,0.4116342250610207,-0.07258390681555721,-0.058198742022440846,-0.11526586620926244,-0.10097672027612543,0.8816571272429862,0.22641282184349368,-0.011518196938693137,Electronic Components,Technology,DAKT
2015Q1,2015,Q1,2014-09-05,2014-08-02,8745000.0,166618000.0,13617000.0,0.2,43403000.0,0.2604940642667659,375172000.0,209175000.0,288868000.0,143122000.0,165997000.0,62086000.0,133688000.0,478034050.00000006,418876050.00000006,4.835186426573588,2.0183340087477815,0.0,0.0,0.041623694627728976,4.835186426573588,0.04180709931875224,2.8690420602816027,13.665924814179531,2.285330703956018,0.49433962264150944,1.9845858969816061,0.009043288861954497,0.44411096776944975,1.4433839661268009,0.02330930879703176,29.300278884462156,0.2604940642667659,4.0,4.753654268059055,0.38336635929127344,-0.06764991668576587,0.28586241630621556,3.789156626506024,0.9939961927075707,1.504306739005213,0.35387418349668875,-0.009761831926537727,Electronic Components,Technology,DAKT
2014Q4,2014,Q4,2014-06-12,2014-04-26,1826000.0,136240000.0,6829000.0,0.04,33754000.0,0.24775396359365826,357451000.0,203119000.0,274240000.0,133708000.0,154332000.0,62228000.0,129266000.0,564557680.0,520303680.0,4.698783196076617,2.051036587189996,0.0,0.0,0.008636940287072846,4.698783196076617,0.008989804006518347,4.143846741045214,77.29431544359255,2.779442986623605,2.1259583789704273,1.6469434981037474,0.006876179596033483,0.3811431496904471,1.4512669398988842,0.005108392478969145,-79.04756090730888,0.24775396359365826,-0.4285714285714286,4.036917277188605,0.05811655667634696,-0.0931087450885814,0.1603698992746399,-0.36398467432950193,0.9144939725259321,-0.4064856089918844,0.14707046348851052,-0.03683990300902151,Electronic Components,Technology,DAKT
2014Q3,2014,Q3,2014-02-28,2014-01-25,2871000.0,115369000.0,3567000.0,0.07,29089000.0,0.2521387894495055,341969000.0,203977000.0,261339000.0,117092000.0,137992000.0,57149000.0,131322000.0,610293020.0,555179020.0,4.739352680127326,2.231911659208144,0.0,0.0,0.014110719473125135,4.739352680127326,0.014075116312133231,5.289922076120968,53.142896203413436,2.991969780906671,1.3493556252176941,1.5097377031969064,0.006347770452953894,0.3373668373449055,1.5887507259249138,0.008395497837523285,111.34702061667579,0.2521387894495055,-0.7407407407407407,-0.3488139658632869,-0.15693495049885656,-0.0851486858854263,-0.32920558053729965,-0.7564885496183206,-0.7969257045260462,0.5131655133661367,0.11481900084505056,-0.010947105528464791,Electronic Components,Technology,DAKT
2014Q2,2014,Q2,2013-11-27,2013-10-26,11790000.0,161639000.0,17565000.0,0.27,43365000.0,0.268283025754923,347633000.0,201448000.0,266246000.0,125180000.0,146185000.0,51308000.0,132325000.0,522758160.0,471422160.0,4.716757592076611,2.1269052564307396,0.0,0.0,0.05666173891599695,4.716757592076611,0.058526269806600216,3.2341090949585185,11.084778625954199,2.595002978436123,0.32544529262086513,2.305176580650191,0.0073399141201353985,0.4649702416053712,1.551477871864515,0.03391507710717912,15.840676343141117,0.268283025754923,1.076923076923077,-0.08386299757583715,-0.09724140182027954,-0.06651878055993214,0.22151488690459423,1.0611888111888113,1.043392275476966,0.6305203812353527,0.23413894562755733,0.0018189987748755227,Electronic Components,Technology,DAKT
2014Q1,2014,Q1,2013-08-30,2013-07-27,5720000.0,138722000.0,8596000.0,0.13,35501000.0,0.2559147071120659,336890000.0,190656000.0,252533000.0,126734000.0,146234000.0,58912000.0,124373000.0,476738880.00000006,454880880.00000006,4.483069977426637,1.9926223428598482,0.0007836385763899195,0.0013846928499496476,0.03054290997232615,4.483069977426637,0.030001678415575696,3.4366494139357857,20.836489510489514,2.5005186304128904,0.8910839160839161,1.7521218087995654,0.010691387285215756,0.411772388613494,1.380182113718497,0.016978835821781592,-55.05067898383373,0.2559147071120659,2.25,-0.4422282487994484,-0.18881888903971253,-0.05385766512443928,0.26324591680603493,2.1019522776572668,3.381243628950051,1.2928275340803557,0.351099506072117,-0.09942276375269163,Electronic Components,Technology,DAKT
2013Q4,2013,Q4,2013-06-12,2013-04-27,1844000.0,124482000.0,1962000.0,0.04,28103000.0,0.22575954756510982,319418000.0,188246000.0,240148000.0,114692000.0,131172000.0,49045000.0,123750000.0,407232210.0,367004210.0,4.423800907104082,2.093851358420814,0.0,0.0,0.0128042301205045,4.423800907104082,0.009795692869968021,3.271414421362125,55.21044061822126,2.1632980780468114,0.0,1.9651136711183608,0.0,0.3897150442367055,1.5006713633034563,0.005772999643100889,27.856365688487585,0.22575954756510982,-0.3333333333333333,-0.6872711798634168,-0.0665519276465034,-0.005415478203968453,0.03896632038152981,-0.3195571955719557,0.8353601496725912,1.3626662574319206,0.3041945405295578,-0.12401251278046033,Electronic Components,Technology,DAKT
2013Q3,2013,Q3,2013-03-01,2013-01-26,2710000.0,111050000.0,1069000.0,0.06,27049000.0,0.2435749662314273,306585000.0,185674000.0,226149000.0,103438000.0,120911000.0,49578000.0,121906000.0,493295950.0,469191950.0,4.384998701084005,2.186324174868037,0.0,0.0,0.012643890987618126,4.384998701084005,0.014595473787390803,4.44210670868978,45.50700645756457,2.656785279576031,9.604059040590405,1.6943200613175198,0.0527614305367802,0.3622160249196797,1.5344940930799127,0.008839310468548689,-151.55021505376345,0.2435749662314273,-0.7777777777777778,-0.5251812611134664,-0.11390486674636932,-0.007068776711549749,-0.3613288628636192,-0.7653070061487832,-0.9365992527133622,1.3134992811026622,0.48521253941034503,-0.14607887149449078,Electronic Components,Technology,DAKT
2013Q2,2013,Q2,2012-11-30,2012-10-27,11547000.0,149871000.0,16861000.0,0.27,42352000.0,0.28258969380333754,341960000.0,206990000.0,259886000.0,117487000.0,134970000.0,53830000.0,145223000.0,375250700.0,324091700.0,4.909280648910182,2.212040481074502,0.0056585565563223765,0.009348277694574617,0.05367209696934943,4.909280648910182,0.0557853036378569,2.5038246225086906,8.124419762708929,1.8128928933764916,0.0,1.9973806427642578,0.0,0.4382705579599953,1.5984151438031442,0.03376710726400749,25.621377850607676,0.28258969380333754,0.6875000000000001,0.3615663511296514,0.07684007408055432,0.1569605279318271,0.16383621874141246,0.72911051212938,0.5746171087037729,1.3060859707345112,0.2580947221820835,-0.07659958735920266,Electronic Components,Technology,DAKT
2013Q1,2013,Q1,2012-08-31,2012-07-28,6678000.0,132919000.0,10708000.0,0.16,36390000.0,0.27377575816850863,333552000.0,193951000.0,248688000.0,122546000.0,139601000.0,55934000.0,133676000.0,333178560.0,305930560.0,4.610416468574688,2.029344083038206,0.034753201899553894,0.05976767327830225,0.031682088326038534,4.610416468574688,0.03443137699728282,2.5066285482135737,12.47299191374663,1.7178491474650814,0.7235699311171009,1.7257660814531413,0.014502733909408818,0.39849558689499687,1.4344409446248756,0.020020866311699526,22.116067706604714,0.27377575816850863,14.445378151260503,-0.11513787930415736,0.035709644040408876,0.14014217164028767,0.47884748242370057,14.223762376237623,5.087022900763359,3.518299880799535,0.13487243453931236,-0.11099142838324082,Electronic Components,Technology,DAKT
2012Q4,2012,Q4,2012-06-13,2012-04-28,-505000.0,111994000.0,-2620000.0,-0.0119,24607000.0,0.21971712770326982,315967000.0,190805000.0,229006000.0,109173000.0,125162000.0,54924000.0,131830000.0,355320000.00000006,327356000.00000006,4.542976190476191,2.0976431901660666,0.0046175708222694145,0.007646550142815964,-0.0031394541598975373,4.542976190476191,-0.0026466811666360944,3.1726699644623824,-175.90099009900993,1.8622153507507666,0.0,1.5910530915446799,0.0,0.35444840758686824,1.4329916737654915,-0.0015982681735750885,45.82409079184938,0.21971712770326982,-1.2975,-1.1410347439174477,-0.005953466261083542,0.22065810931549878,-0.11660384132112726,-1.3031212484993997,-2.420824295010846,-2.4337428849090657,-0.10475998941477542,-0.12318036255561911,Electronic Components,Technology,DAKT
2012Q3,2012,Q3,2012-03-02,2012-01-28,1666000.0,122925000.0,1844000.0,0.04,27855000.0,0.22660158633312996,305202000.0,190385000.0,217009000.0,100829000.0,114817000.0,51979000.0,132335000.0,471555000.0,446183000.0,4.542060311098387,2.1522478651975128,0.010419328837949948,0.01670299655960291,0.007239934564519199,4.542060311098387,0.008750689392546682,3.8361195851128738,70.76155462184875,2.4768495417180976,12.82232893157263,1.829007868562304,0.04530118437934069,0.4027660369198105,1.455841077467792,0.005458679825164973,-24.208378253503774,0.22660158633312996,-0.5555555555555556,-0.7653862347340666,0.13971977687709183,0.26838872753256815,-0.11487130600571974,-0.5791866632988129,-0.6893530997304582,-0.6120022360915969,-0.07765262852411103,-0.12323261743745698,Electronic Components,Technology,DAKT
2012Q2,2012,Q2,2011-12-02,2011-10-29,3959000.0,135910000.0,5936000.0,0.09,31470000.0,0.23155029063350746,339480000.0,208462000.0,252369000.0,116465000.0,131018000.0,52825000.0,152030000.0,438816000.0,378496000.0,4.988083843797856,2.166908513287254,0.009249440320490162,0.015062697278161008,0.017732897122589148,4.988083843797856,0.018991470867592175,3.228724891472298,27.71002778479414,2.1050167416603505,0.0,1.9770941788925698,0.0,0.40034759043242607,1.5580474820761603,0.0116619535760575,67.4893878806521,0.23155029063350746,0.12499999999999993,-0.5831041665922083,0.030081610979808538,0.4021244673507399,0.06652658691158031,0.1754750593824228,0.1602814698983581,-0.6856174959737671,-0.22428330472831495,-0.012821308222511943,Electronic Components,Technology,DAKT
2012Q1,2012,Q1,2011-09-02,2011-07-30,3368000.0,118698000.0,5116000.0,0.08,29507000.0,0.24858885575157122,329188000.0,203737000.0,239123000.0,111066000.0,125451000.0,50365000.0,148071000.0,414329250.0,388866250.0,4.882852007189934,2.1529811103307943,0.09371544527747062,0.15142070414308642,0.013783292007492983,4.882852007189934,0.016531116095750895,3.490616943840671,30.754843378859857,2.0336475456102723,1.3622327790973872,1.7708924848605183,0.011073319105518136,0.36057814987180575,1.5442979849819027,0.010231235646499873,47.422370378848576,0.24858885575157122,0.14285714285714277,-0.3350515967038566,0.2682041097451467,0.5525748330872879,0.037627035200618913,0.13668579142760715,0.10976138828633406,-0.6652572472353858,-0.2925520329144957,0.03051547760724283,Electronic Components,Technology,DAKT
2011Q4,2011,Q4,2011-06-16,2011-04-30,2963000.0,114387000.0,4610000.0,0.07,28437000.0,0.24860342521440373,327847000.0,203102000.0,237822000.0,109662000.0,124745000.0,46889000.0,149291000.0,446295040.0,425378040.0,4.878506917755573,2.168681949991793,0.10184933825839493,0.1644050772518242,0.011232649669465163,4.878506917755573,0.014588728816062865,3.9016237859197287,37.6556733040837,2.1973936248781403,0.0003374957813027337,1.8330525283115442,2.2406702077621116e-06,0.34890360442523494,1.5815414637704948,0.009037752366195207,2465.718453038674,0.24860342521440373,0.7500000000000001,-0.613631353394132,0.17509594962277356,0.5009988631346738,0.2028170205566365,0.6182413981430912,4.956072351421189,-0.48638044572474737,-0.12327541656041222,0.0968141586305796,Electronic Components,Technology,DAKT
2011Q3,2011,Q3,2011-03-04,2011-01-29,1831000.0,99868000.0,774000.0,0.04,23642000.0,0.23673248688268514,313765000.0,199023000.0,222357000.0,102512000.0,114742000.0,46875000.0,146329000.0,615118540.0,580011540.0,4.791809120238841,2.1690826439831437,0.07152486733701974,0.11276083668721705,0.003489192039103343,4.791809120238841,0.00919994171527914,6.15931569671967,83.98669306389951,3.0906907241876564,0.0,1.6261546666666666,0.0,0.3182891654582251,1.5406001248634307,0.005835577581948273,89.92961111111111,0.23673248688268514,-0.7647058823529411,-0.5792770643972427,0.3051456029922426,0.5667052168249901,-0.2795807051223451,-0.7386898815470244,-0.9228468899521531,-0.672942005323773,-0.18760730998320724,0.08504864330913192,Electronic Components,Technology,DAKT
2011Q2,2011,Q2,2010-12-03,2010-10-30,7007000.0,126919000.0,10032000.0,0.17,32817000.0,0.2585664872871674,309621000.0,194858000.0,214529000.0,99817000.0,114763000.0,42594000.0,144499000.0,451946040.0,406058040.0,4.708193394060937,2.1492230782331667,0.06233750294715152,0.09905161707499821,0.031138773132677718,4.708193394060937,0.03595951923965144,3.5609013622861827,16.124805194805194,2.3193609705529155,2.9503353789068076,2.2092783021082782,0.04574218639021597,0.4099172859722047,1.2850816995101035,0.022630893899315614,34.759732348869406,0.2585664872871674,1.8333333333333337,0.25994967559656745,0.5610464265527811,0.6157961118554757,0.2342786219347074,1.8693693693693694,1.4414699440253103,-0.1582767583969665,-0.07097413977006065,0.10957068954839905,Electronic Components,Technology,DAKT
2011Q1,2011,Q1,2010-09-03,2010-07-31,2442000.0,100503000.0,4109000.0,0.06,26588000.0,0.26454931693581285,316809000.0,207229000.0,217350000.0,98265000.0,109580000.0,43957000.0,158163000.0,354679080.0,304549080.0,4.977996108482068,2.211876049458098,0.06346094965736453,0.0970182744693069,0.009547584569512843,4.977996108482068,0.011784064971601465,3.529039730157309,36.31030712530712,1.711532073213691,1.6875511875511875,1.6815296767295311,0.01161895423885728,0.3172353058151757,1.3079631608405842,0.007708114352811947,29.712581050515205,0.26454931693581285,1.502050037653753,-0.5136909465638803,0.2814620535562532,0.7802565826841573,0.31937276697102024,1.4984690753214942,1.784909264565425,-0.6730128125264137,-0.20861854801597948,0.23104351466458012,Electronic Components,Technology,DAKT
2010Q4,2010,Q4,2010-06-16,2010-05-01,-4899000.0,91964000.0,-5235000.0,-0.11951,20152000.0,0.219129224479144,305851000.0,207053000.0,203065000.0,87494000.0,98798000.0,35673000.0,159842000.0,343169999.99999994,292993999.99999994,5.050073170731707,2.3209020047088944,0.04390046133574845,0.06484813067185696,-0.019226469820916647,5.050073170731707,-0.02366060863643608,3.731568874777086,-17.512247397428045,1.657401728059965,0.0,2.013063100944692,0.0,0.3006823584032748,1.6861727661325348,-0.016017603342804176,122.77996422182467,0.219129224479144,0.40245000000000003,-2.6131854393920824,0.4735089969489336,0.9585982944903072,0.8707760861492759,0.41476526102018874,0.625402504472272,-2.401546816661009,-0.16382872252996125,0.3569106484452307,Electronic Components,Technology,DAKT
2010Q3,2010,Q3,2010-02-25,2010-01-30,-8371000.0,72406000.0,-13975000.0,-0.2,10772000.0,0.14877220119879567,301782000.0,210561000.0,194710000.0,76966000.0,91221000.0,37494000.0,164742000.0,320241240.0,278541240.0,5.135133157740708,2.5298183613543643,0.05171282581466091,0.07411628934133102,-0.03720682717231894,5.135133157740708,-0.03975570024838408,4.422855012015579,-9.56400788436268,1.5208953224956188,0.0,1.643836347148877,0.0,0.2399281600625617,1.4393238572876335,-0.027738566249809464,219.6441975308642,0.14877220119879567,-2.666666666666667,-4.159726894003287,0.32032451864014344,0.9294925279788798,-0.6790417734342411,-2.72633532687152,-2.522165341466071,-2.2050621370305215,-0.3137441964475257,0.43400672063774093,Electronic Components,Technology,DAKT
2010Q2,2010,Q2,2009-11-25,2009-10-31,4849000.0,115362000.0,9181000.0,0.12,33562000.0,0.2909276884936114,310788000.0,217079000.0,201954000.0,80490000.0,93709000.0,41946000.0,173113000.0,307049120.0,256040120.0,5.316524209546668,2.5090570257174805,0.017227177368495567,0.02466383206113903,0.02277989685308411,5.316524209546668,0.022337490038188863,2.661614049687072,15.830538255310373,1.4144579623086524,0.00020622808826562179,1.9501263529299575,3.2568079009638593e-06,0.3711919379126607,1.389949061995279,0.015602275506132798,15.637050315746588,0.2909276884936114,3.0,-0.1332463776681689,0.7988447440263867,1.0662455491495628,0.11520186077421499,2.386173184357542,1.7838083687083082,-0.4773663412016989,-0.1050760368209194,0.4944473487021902,Electronic Components,Technology,DAKT
2010Q1,2010,Q1,2009-08-28,2009-08-01,1432000.0,113478000.0,3298000.0,0.03,30095000.0,0.26520559051093606,318576000.0,211377000.0,203800000.0,94960000.0,107199000.0,50226000.0,168436000.0,341560420.00000006,310752420.00000006,5.186020265462843,2.1461668070766637,0.026652980764401587,0.04016993334184892,0.007103131527786319,5.186020265462843,0.006774625432284497,3.009926329332558,59.62996159217877,1.615882617314088,2.704608938547486,1.6601560944530722,0.011339135840153844,0.3562038571643815,1.123873209772536,0.0044950027622922,90.50355590885005,0.26520559051093606,3.092769440654843,-0.7397530021264627,0.7675956957959309,1.1063286929746403,0.08799392646686671,3.174927113702624,1.9551971326164874,-0.7105778884369706,0.2411670936309335,0.6489716534890407,Electronic Components,Technology,DAKT
2009Q4,2009,Q4,2009-06-17,2009-05-02,343000.0,121823000.0,1116000.0,0.00733,27661000.0,0.22705892975874833,324876000.0,211911000.0,206973000.0,102430000.0,112965000.0,51400000.0,170705000.0,366464000.00000006,335917000.00000006,5.18119804400978,2.0206287220540857,0.018326992452504957,0.028096700973521904,0.0016528657620426086,5.18119804400978,0.0016186040366002708,3.0081675874013944,267.1020408163265,1.7293297657979059,0.0,1.8319455252918289,0.0,0.37498307046380774,1.0336327247876598,0.001055787438899765,20.918088932016673,0.22705892975874833,-0.9267,-0.9184495441818872,1.0666576302245694,1.414496909130033,-0.1897536541785055,-0.9175876982220087,-0.8382843066222286,-0.9544730756184057,0.2738840981859456,0.5941296189269695,Electronic Components,Technology,DAKT
2009Q3,2009,Q3,2009-02-27,2009-01-31,4162000.0,129182000.0,6901000.0,0.1,34139000.0,0.26427056401046584,313853000.0,210477000.0,189471000.0,93690000.0,103376000.0,56724000.0,170362000.0,350628270.00000006,339916270.00000006,5.180462231411061,2.022318283701569,0.020640236034066905,0.030777709678492186,0.01980058710107584,5.180462231411061,0.019774132090442185,2.714219241070738,21.061284839019702,1.665874513604812,0.0,1.675534165432621,0.0,0.4116003351887667,0.9409435371971395,0.013260985238312203,38.10762634496251,0.26427056401046584,-0.6666666666666666,0.463416366117572,1.6555902351480067,1.4204697939408644,-0.29188359503017985,-0.658768549643355,-0.6522549760644999,-0.022363190451043156,0.7258467990649984,0.6937772352484682,Electronic Components,Technology,DAKT
2009Q2,2009,Q2,2008-11-26,2008-11-01,12197000.0,169697000.0,19845000.0,0.3,48211000.0,0.28410048498205626,326896000.0,204530000.0,194847000.0,113159000.0,122366000.0,57998000.0,166200000.0,403160880.00000006,395845880.00000006,5.0528682247146595,1.721886902500022,0.0011410356810728794,0.0018236933457194543,0.06228779586033416,5.0528682247146595,0.05963428347919621,2.375769047184099,8.26352545707961,1.9711576785801597,0.0,2.0946584364978102,0.0,0.519116171504087,1.0708295407347184,0.037311560863393864,137.4568291851347,0.28410048498205626,0.25,0.6856043686478596,1.6823584283230355,1.4525300061578763,0.06313398606333245,0.2539323532435489,0.3449678075228736,1.2424305752906577,1.13406794997701,0.7340844242954979,Electronic Components,Technology,DAKT
2009Q1,2009,Q1,2008-08-27,2008-08-02,9727000.0,162206000.0,14755000.0,0.24,45348000.0,0.2795704227957042,325539000.0,191132000.0,198405000.0,126379000.0,134407000.0,62132000.0,154004000.0,724470480.0,719163480.0,4.73826168873023,1.5699206355486275,0.0029550990818304414,0.005033170792959839,0.05034663264450185,4.73826168873023,0.05089153046062407,4.4663605538636055,18.62009046982626,3.790419605298956,0.373702066413077,1.880802163136548,0.0050174577161515264,0.498269024602275,0.948345848598264,0.02987967647501528,-190.14973228346457,0.2795704227957042,0.734730755330683,1.0968468857490326,2.0793689026750894,1.5406418920689284,0.24825896666574912,0.7038010159397443,0.9322943949711892,0.9990664378231919,1.134397268644951,0.6945215259347224,Electronic Components,Technology,DAKT
2008Q4,2008,Q4,2008-06-23,2008-04-26,5709000.0,129117000.0,7636000.0,0.13835,36329000.0,0.28136496356018187,294479000.0,183253000.0,165697000.0,103152000.0,111226000.0,50525000.0,147912000.0,609348000.0,600988000.0,4.447888349514563,1.6063382193268188,0.0032769739098543527,0.005265943804467048,0.031641012078606166,4.447888349514563,0.031153650963422153,4.719347568484398,26.683657383079346,3.3251733941599864,0.0,1.8364769915883226,0.0,0.43845910913851244,0.9733403133240267,0.019386781400371502,32.31929564018245,0.28136496356018187,0.0642307692307692,0.6046421770798643,1.6135747993437315,1.6904061039435436,0.03260189869819794,0.060561025450492294,0.09210526315789473,0.8707835292969703,1.0587566102061867,0.7250495667927717,Electronic Components,Technology,DAKT
2008Q3,2008,Q3,2008-02-29,2008-01-26,5383000.0,118201000.0,6992000.0,0.13,35182000.0,0.2976455359937733,297841000.0,176366000.0,167958000.0,114913000.0,121475000.0,52305000.0,142202000.0,765173760.0,776317760.0,4.41621594551282,1.4616100876315126,0.04876091605923966,0.08234580361294128,0.022055016031606173,4.41621594551282,0.030521755893993172,6.473496501721644,35.5365855470927,4.338555957497477,0.0,1.5872096357900773,0.0,0.3968593981352467,0.8940154725749045,0.01807340158003767,221.34039919004917,0.2976455359937733,-0.3157894736842105,1.6248483007133445,1.8471627117778817,1.655391938192594,-0.1025,-0.32788113372455985,-0.4332955098071,1.086211070931413,1.2130383720479982,0.6593641113207585,Electronic Components,Technology,DAKT
2008Q2,2008,Q2,2007-11-21,2007-10-27,8009000.0,131436000.0,12338000.0,0.19,39200000.0,0.29824401229495723,292081000.0,168958000.0,158343000.0,116033000.0,123123000.0,52703000.0,136820000.0,1124062140.0,1146351140.0,4.243256818524285,1.3646376461868606,0.09044066543184938,0.15634654766273276,0.0412102792307827,4.243256818524285,0.04740231300086412,8.552163334246325,35.08746847296791,6.6529086518543075,0.0,1.7501091019486557,0.0,0.4499984593314868,0.8019959839011316,0.02742047582691103,-443.5920047355959,0.29824401229495723,0.11764705882352934,0.8324995499710014,1.5178829807002652,1.641769567661894,0.06293554597467393,0.1262832231753621,0.09408530637580917,0.4680212733550608,1.1016278395999617,0.649124535054443,Electronic Components,Technology,DAKT
2008Q1,2008,Q1,2007-08-20,2007-07-28,7111000.0,120923000.0,11277000.0,0.17,36879000.0,0.3049792016407135,298132000.0,160285000.0,168709000.0,128883000.0,137847000.0,50807000.0,128810000.0,858162700.0,878247700.0,4.043720672082345,1.3090089460983994,0.09138904914601585,0.16998471472689272,0.039112163657748895,4.043720672082345,0.04436472533300059,7.096769845273439,30.170253832091124,5.353980097950526,0.3895373365208831,1.6541815104217923,0.0032278261453218605,0.4056022164678733,0.8177106367790942,0.023851850858009203,139.76591205211727,0.3049792016407135,1.0058997050147493,1.1105712446524263,1.5501734725863485,1.7206999796976503,0.1389789678495321,1.0195967054813972,0.8438521909744932,0.3288781969169956,0.9368320475838618,0.6423778624053597,Electronic Components,Technology,DAKT
2007Q4,2007,Q4,2007-06-22,2007-04-28,3521000.0,110787000.0,6116000.0,0.08475,32379000.0,0.2922635327249587,265850000.0,153708000.0,147986000.0,103082000.0,112142000.0,45835000.0,124469000.0,987896000.0000001,1011515000.0000001,3.721743341404358,1.4356143652626066,0.09858566861011848,0.17051161943425197,0.0219979684581568,3.721743341404358,0.022907070549353318,8.9170751080903,70.14314115308152,6.427095531787546,0.0,1.710657794262027,0.0,0.416727477901072,0.8649230709532217,0.013244310701523416,-132.7103707684041,0.2922635327249587,-0.5014705882352941,1.0418256203177303,1.8392471465222122,1.760594090129058,0.0007108418840400544,-0.4989326882026469,-0.37731622887395644,-0.1709675038744434,0.8612354009215997,0.7343745052913754,Electronic Components,Technology,DAKT
2007Q3,2007,Q3,2007-02-23,2007-01-27,7027000.0,106731000.0,9822000.0,0.17,32356000.0,0.3031546598457805,255245000.0,148535000.0,146822000.0,98097000.0,106710000.0,51218000.0,120948000.0,1448446680.0,1472099680.0,3.5809686829479976,1.4967022436975645,0.10634488432682325,0.1827448076210994,0.038592780005913395,3.5809686829479976,0.04730871511764904,13.571002614048401,51.53147431336275,9.75155135153331,0.0,1.4521262056308328,0.0,0.4181511880742032,0.8663261873451787,0.02753041195713922,-73.8664225610689,0.3031546598457805,-0.2272727272727272,22.06615485281544,2.0376335353057002,1.6304500731666391,-0.08820379868117004,-0.20965020807558205,-0.3176323468111713,1.4201575601370962,1.1491042998457544,0.6731376743891304,Electronic Components,Technology,DAKT
2007Q2,2007,Q2,2006-11-20,2006-10-28,8891000.0,123530000.0,14394000.0,0.22,35486000.0,0.28726625111308995,249582000.0,139198000.0,151667000.0,101235000.0,110384000.0,50602000.0,113921000.0,,,,,,,,,,,,,,,,,,,,,,,,,,,,,,,Electronic Components,Technology,DAKT
2007Q1,2007,Q1,2006-08-21,2006-07-29,4987000.0,92153000.0,6582000.0,0.12,26375000.0,0.28620880492224887,222678000.0,129203000.0,153695000.0,86231000.0,93475000.0,42622000.0,105029000.0,,,,,,,,,,,,,,,,,,,,,,,,,,,,,,,Electronic Components,Technology,DAKT
