Quarters,Year,Quarter,FillingDate,Date,NetIncome,Revenue,OperatingIncome,EPSDiluted,GrossProfit,GrossProfitRatio,TotalAssets,CommonStockEquity,CurrentAssets,CurrentLiability,TotalLiability,Inventory,RetainedEarnings,MarketCap,EnterpriseValue,bookValuePerShare,currentRatio,debtToAssets,debtToEquity,roic,shareholdersEquityPerShare,roe,priceToSalesRatio,peRatio,pbRatio,payoutRatio,inventoryTurnover,dividendYield,assetTurnover,quickRatio,returnOnAssets,priceToFreeCashFlowsRatio,grossProfitMargin,epsdilutedGrowth,fiveYNetIncomeGrowthPerShare,fiveYRevenueGrowthPerShare,fiveYShareholdersEquityGrowthPerShare,grossProfitGrowth,netIncomeGrowth,operatingIncomeGrowth,threeYNetIncomeGrowthPerShare,threeYRevenueGrowthPerShare,threeYShareholdersEquityGrowthPerShare,Industry,Sector,Symbol
2023Q3,2023,Q3,2023-03-31,2023-02-28,-9485000.0,80712000.0,-5332000.0,-0.24,40504000.0,0.5018336802,542849000.0,397655000.0,152574000.0,69632000.0,145194000.0,63532000.0,-189388000.0,489121420.00000006,518694420.00000006,10.064921916525348,2.1911477481617645,0.1099458597142115,0.15008990205077266,-0.01144280025211782,10.064921916525348,-0.02385233430989174,6.060083011200318,-12.891972061149184,1.2300145100652577,0.0,0.6328779197884531,0.0,0.1486822302334535,1.1633013556985294,-0.01747263051051029,694.7747443181819,0.5018336802458123,-0.14285714285714285,-1.6357050015562038,-0.09559034172529488,-0.3059435299942526,-0.10146856559740894,-0.11772330897949564,-0.4560349535772802,-0.5979140756073853,0.11245710485722125,-0.373509205281057,Medical Instruments & Supplies,Healthcare,ANGO
2023Q2,2023,Q2,2023-01-06,2022-11-30,-8486000.0,85429000.0,-3662000.0,-0.21,45078000.0,0.5276662492,558207000.0,407958000.0,158830000.0,73567000.0,150249000.0,63177000.0,-179903000.0,511395500.0,531334500.0,10.330665991390225,2.1589843272119293,0.08920705043111248,0.12206158477098132,-0.00750054212496633,10.330665991390225,-0.02080116090381853,5.986204918704421,-15.065858472778695,1.2535493849857093,0.0,0.6386976273010747,0.0,0.15304179273996923,1.1242676743648647,-0.015202245761876867,82.24437118044388,0.527666249165974,0.3636363636363637,-32.98838158407242,-0.07520652055548473,-0.26534579326029306,0.06554780758775558,0.34743155952014765,0.5123185510720468,-1.9839528550421381,0.17406919510272265,-0.36057955663006896,Medical Instruments & Supplies,Healthcare,ANGO
2023Q1,2023,Q1,2022-10-11,2022-08-31,-13004000.0,81537000.0,-7509000.0,-0.33,42305000.0,0.5188442057,557652000.0,414041000.0,151371000.0,66390000.0,143611000.0,57609000.0,-171417000.0,870146280.0,904272280.0,10.534858276932471,2.280027112516945,0.10524484804143086,0.14174924705524333,-0.014906502782046131,10.534858276932471,-0.031407517612990016,10.671796607675043,-16.728435096893264,2.1015944797737425,0.0,0.6810047041260914,0.0,0.1462148436659422,1.177135110709444,-0.023319202656854096,-33.34660381696942,0.5188442056980267,-1.0625,-348.01508174792997,-0.1032400595458005,-0.24898928577428556,-0.0893337638574965,-1.0753271624640919,-0.7305830836598295,-8.80502178704671,0.18690592674642764,-0.3518058109095506,Medical Instruments & Supplies,Healthcare,ANGO
2022Q4,2022,Q4,2022-07-22,2022-05-31,-6266000.0,86998000.0,-4339000.0,-0.16,46455000.0,0.5339777926,552751000.0,424489000.0,143345000.0,74324000.0,128262000.0,51392000.0,-158413000.0,768710800.0,773668800.0,10.839862104187947,1.9286502341101124,0.06111793556230563,0.07958510114514157,-0.008827197065028877,10.839862104187947,-0.014761277677395645,8.835959447343617,-30.669917012448135,1.81090864545371,0.0,0.788897104607721,0.0,0.15739094094809417,1.0915585813465367,-0.011336026529124325,102.20858928333998,0.5339777925929332,-0.23076923076923075,0.54579304478696,-0.06306368607405305,-0.2285158925085302,0.20402768058471346,-0.263816054860831,-0.4348544973544973,0.5580530334857619,10.212090826826444,-0.3370884326905449,Medical Instruments & Supplies,Healthcare,ANGO
2022Q3,2022,Q3,2022-04-07,2022-02-28,-4958000.0,73970000.0,-3024000.0,-0.13,38583000.0,0.5216033527,543178000.0,429692000.0,127686000.0,49368000.0,113486000.0,48039000.0,-152147000.0,919834760.0,920944760.0,10.991814181929806,2.5864122508507537,0.04602542812853245,0.058181208865885334,-0.005727627513983812,10.991814181929806,-0.01153849734228238,12.435240773286468,-46.38134126663978,2.1406839317464605,0.0,0.7366306542600803,0.0,0.13618003674670182,1.33082158483228,-0.009127762906450556,-92.94076588865313,0.5216033527105584,0.38095238095238093,-2.6089756878438792,-0.19041686901528987,-0.24292394092490996,-0.04862532363457034,0.4062986468686385,0.6519737599263437,-6.977853171516027,-0.17777565160289477,-0.25571825592083,Medical Instruments & Supplies,Healthcare,ANGO
2022Q2,2022,Q2,2022-01-07,2021-11-30,-8351000.0,78280000.0,-8689000.0,-0.21,40555000.0,0.5180761369,554103000.0,432368000.0,132185000.0,54475000.0,121735000.0,48183000.0,-147189000.0,1005614750.0,996323750.0,11.071313343405116,2.4265259293253787,0.0451179654324196,0.05782111534618658,-0.017900359613057554,11.071313343405116,-0.019314565370240167,12.84638157894737,-30.10462070410729,2.3258306581430634,0.0,0.7829524936180811,0.0,0.14127337336199228,1.3308122992198257,-0.015071205173045445,1241.4996913580246,0.5180761369443025,-0.16666666666666666,-1.5730829138258045,-0.1713038112986366,-0.22135739204486474,0.010363985151598197,-0.19779116465863453,-0.07271604938271604,-4.747154298579621,-0.17852878447690024,-0.24453747727250222,Medical Instruments & Supplies,Healthcare,ANGO
2022Q1,2022,Q1,2021-09-30,2021-08-31,-6972000.0,76971000.0,-8100000.0,-0.18,40139000.0,0.5214821166413325,555763000.0,435950000.0,131321000.0,52097000.0,119813000.0,49305000.0,-138838000.0,1096172200.0,1085700200.0,11.25496979397945,2.5207017678561146,0.044983203271898274,0.05734602592040371,-0.014232668027199361,11.25496979397945,-0.01599265970868219,14.241366228839434,-39.30623207114171,2.5144447757770387,0.0,0.7470236284352499,0.0,0.13849608556165127,1.3606925542737585,-0.01254491572846699,-110.44556171284634,0.5214821166413325,0.6470588235294118,-6.028698062922259,-0.1807761002830789,-0.20273903937739604,-0.051535916824196594,0.6418738442572427,0.6247741696391347,-13.32414578113717,-0.13092213864087815,-0.22907374232055513,Medical Instruments & Supplies,Healthcare,ANGO
2021Q4,2021,Q4,2021-07-27,2021-05-31,-19468000.0,76842000.0,-21587000.0,-0.51,42320000.0,0.5507404804664116,561438000.0,439457000.0,140879000.0,57584000.0,121981000.0,48614000.0,-131866000.0,904952249.9999999,876791249.9999999,11.407060350421805,2.4464955543206446,0.035622811423523165,0.045510709807785515,-0.04169192313392548,11.407060350421805,-0.04430012492689842,11.776791988756148,-11.621022318676802,2.0592509619826282,0.0,0.7101246554490476,0.0,0.13686640377031836,1.4844227563212002,-0.03467524463965745,78.15461179721909,0.5507404804664116,-4.666666666666667,0.5750835937760305,-0.22743295187623802,-0.18495295760488958,0.0983649104593823,-4.493227990970655,-4.775013376136972,-9.943838339432611,-0.15978647826622597,-0.21787545735448646,Medical Instruments & Supplies,Healthcare,ANGO
2021Q3,2021,Q3,2021-03-31,2021-02-28,-3544000.0,71182000.0,-3738000.0,-0.09,38530000.0,0.5412885279986513,582245000.0,454936000.0,145657000.0,50256000.0,127309000.0,49006000.0,-112398000.0,815533600.0000001,791064600.0000001,11.859645464025027,2.898300700413881,0.05152470180078833,0.06594334148099952,-0.006619331258684546,11.859645464025027,-0.007790106740288744,11.457020033154452,-57.52917607223477,1.7926336891342958,0.0,0.6662857609272334,0.0,0.1222543774527905,1.7438713785418656,-0.006086784772733128,181.67378035197152,0.5412885279986513,0.18181818181818185,-6.300719333962296,-0.23242660825990485,-0.22163842623601013,-0.040921989346343404,0.1696344892221181,0.22704714640198512,-1.2446411138287596,-0.1784864940366875,-0.18218305769802604,Medical Instruments & Supplies,Healthcare,ANGO
2021Q2,2021,Q2,2021-01-08,2020-11-30,-4268000.0,72770000.0,-4836000.0,-0.11,40174000.0,0.5520681599560259,588521000.0,454343000.0,149704000.0,45812000.0,134178000.0,49582000.0,-108854000.0,545009940.0,526984940.0,11.854384637461841,3.2677900986641055,0.06796698843371775,0.08803921266532114,-0.00807123208958904,11.854384637461841,-0.009393783991389765,7.489486601621548,-31.924199859418934,1.199556150309348,0.0,0.6574159977411157,0.0,0.123648943708041,2.0001091417095958,-0.007252077665877683,54.030924952909686,0.5520681599560259,0.0,-10.117295814571525,-0.23103719142752732,-0.217700965786091,0.12330835477015993,0.0,0.05583756345177665,-17.57661910197211,-0.18834004768049845,-0.15698817970883586,Medical Instruments & Supplies,Healthcare,ANGO
2021Q1,2021,Q1,2020-10-07,2020-08-31,-4268000.0,70216000.0,-5122000.0,-0.11,35764000.0,0.5093425999772132,583759000.0,455054000.0,142238000.0,39846000.0,128705000.0,52762000.0,-104586000.0,357340305.0,349411305.0,11.925832743664333,3.569693319279225,0.06852142750689925,0.08790165562768375,-0.00917477767785143,11.925832743664333,-0.009379106655473856,5.089157813034066,-20.931367443767574,0.785270110800037,0.0,0.652969940487472,0.0,0.12028251384561095,2.0458515283842793,-0.0073112363149861505,-49.29511725755277,0.5093425999772132,0.973170731707317,-4.313418117574372,-0.20942964953061427,-0.21616721384008813,0.18376803918972592,0.9728268827952402,0.9672947621814559,-116.98643349469673,-0.2045772910711595,-0.1498292685942344,Medical Instruments & Supplies,Healthcare,ANGO
2020Q4,2020,Q4,2020-08-10,2020-05-31,-157067000.0,58332000.0,-156611000.0,-4.1,30212000.0,0.5179318384420215,594214000.0,454872000.0,152913000.0,51445000.0,139342000.0,59905000.0,-100318000.0,395187360.0,381588360.0,11.947678083631015,2.9723588298182526,0.06872271605852437,0.08977470585131642,-0.31625210795061554,11.947678083631015,-0.3452993369563306,6.774795309607077,-0.6290108043064425,0.8687880546615312,0.0,0.4694098990067607,0.0,0.09816665376446869,1.722402565847021,-0.26432732988451973,164.59281965847563,0.5179318384420215,-26.333333333333332,-181.04007181788754,-0.3945702307299495,-0.2126249923712093,-0.25030397776619767,-26.512173760728675,-24.114015394483644,-10.710766717333598,-0.3538331684096865,-0.14967149264893903,Medical Instruments & Supplies,Healthcare,ANGO
2020Q3,2020,Q3,2020-04-08,2020-02-29,-5709000.0,69780000.0,-6236000.0,-0.15,40299000.0,0.5775150472914875,731961000.0,610475000.0,129046000.0,48712000.0,121486000.0,54898000.0,56749000.0,436608510.0,424678510.0,16.065554356693596,2.649162424043357,0.02080711950500095,0.024947786559646176,-0.00870931234141591,16.065554356693596,-0.009351734305254105,6.256929062768702,-19.119307672096692,0.7151947417994186,0.0,0.537014098874276,0.0,0.0953329480669052,1.288778945639678,-0.007799595880108367,-22.299837070330454,0.5775150472914875,-1.1428571428571426,-0.26040817789803516,-0.24178436982473375,0.05640010597322976,-0.029968226458694396,-1.0866228070175439,-0.8217937481741163,-2.9059816926070274,-0.2143076597952992,0.10653677162934261,Medical Instruments & Supplies,Healthcare,ANGO
2020Q2,2020,Q2,2020-01-08,2019-11-30,-2736000.0,70003000.0,-3423000.0,-0.07,41544000.0,0.5934602802737026,724879000.0,613810000.0,131976000.0,57005000.0,111069000.0,50239000.0,62458000.0,583937040.0,543579040.0,16.156296062328913,2.3151653363740023,0.00122641158041549,0.0014483309167331912,-0.0046140619015585934,16.156296062328913,-0.004457405386031508,8.341600217133552,-53.3568201754386,0.9513319105260584,0.0,0.5664722625848444,0.0,0.09657197959935382,1.3199017630032452,-0.0037744230416386737,187.51992292870906,0.5934602802737026,-1.3333333333333337,-2.9158293414615493,-0.28825755431648786,0.057972846856432114,0.08705549886176309,-1.1458823529411766,-3.1340579710144927,-1.1930000024837952,-0.23823077831638004,0.13626812923334194,Medical Instruments & Supplies,Healthcare,ANGO
2020Q1,2020,Q1,2019-10-04,2019-08-31,-1275000.0,66042000.0,-828000.0,-0.03,38217000.0,0.5786772054147361,690364000.0,614073000.0,166357000.0,47172000.0,76291000.0,45229000.0,65194000.0,694073710.0,611302710.0,16.252626842759973,3.526604765538879,0.0012717928513074261,0.0014297974345069723,-0.0012341640153426753,16.252626842759973,-0.00207630037471115,10.509580418521546,-136.09288431372548,1.1302788267844377,0.0,0.6152026354772381,0.0,0.0956625780023292,2.4630925125074197,-0.001846851805714087,-85.95340061919505,0.5786772054147361,-1.0194805194805194,-3.5393005747828727,-0.29212990088319896,0.0650800348868819,1.4290980741117396,0.9063395283919783,0.949787750151607,-1.942766791739875,-0.27940439058187644,0.1512767360984704,Medical Instruments & Supplies,Healthcare,ANGO
2019Q4,2019,Q4,2019-07-25,2019-05-31,-13613000.0,7450000.0,-16490000.0,1.54,15733000.0,2.1118120805369127,836438000.0,614815000.0,315292000.0,73302000.0,221623000.0,40071000.0,66469000.0,706485210.0,615386210.0,16.351897656852575,4.301274180786336,0.16324222476740655,0.2220863186486992,-0.016565784851475196,16.351897656852575,-0.022141619836861495,94.83022953020134,-12.974458422096525,1.1491021038849085,0.0,-0.20670809313468594,0.0,0.008906816763466031,3.7000081853155438,-0.016274965986719875,29.19722320948878,2.1118120805369127,76.0,-7.5435883203682295,-0.9256885262372954,0.0724459568956805,-0.6630399862928615,-18.10175879396985,-6.9167563688554,0.695559546868408,-0.9232532229830226,0.16836112138850978,Medical Instruments & Supplies,Healthcare,ANGO
2019Q3,2019,Q3,2019-04-02,2019-02-28,796000.0,86341000.0,2787000.0,0.02,46691000.0,0.540774371387869,777795000.0,554079000.0,142740000.0,53295000.0,223716000.0,52388000.0,7596000.0,840778380.0,938834380.0,14.768351191428115,2.6783000281452294,0.17968744977789777,0.2522383992174401,0.0029632608572790816,14.768351191428115,0.0014366182439688204,9.737880960378035,264.06356155778894,1.5174341204052129,0.0,0.7568527143620677,0.0,0.11100739912187658,1.6120086312036777,0.0010234059102977005,112.78046680080483,0.540774371387869,-0.6666666666666666,-0.8538604680403367,-0.08192398234481554,-0.03362414273082249,-0.04923741065792421,-0.6280373831775701,-0.29992464204973623,0.21728727882574045,-0.04806845450001391,-0.030736870665442926,Medical Instruments & Supplies,Healthcare,ANGO
2019Q2,2019,Q2,2019-01-07,2018-11-30,2140000.0,91503000.0,3981000.0,0.06,49109000.0,0.5366927860288734,783960000.0,549563000.0,142957000.0,49702000.0,234397000.0,50637000.0,6800000.0,805875000.0,911327000.0,14.655013333333333,2.876282644561587,0.189132098576458,0.26979982276827225,0.004470246821368272,14.655013333333333,0.0038940030533351046,8.807088292187142,94.14427570093457,1.4663923881338445,0.0,0.8372138949779805,0.0,0.11671896525332925,1.761377811758078,0.002729731108730037,65.920245398773,0.5366927860288734,6.999999999999999,21.251173063973063,-0.032625140380969586,-0.0280692043919312,0.10439202104931747,5.562899786780384,11.21165644171779,6.697208103130755,-0.01176131071116382,-0.032880817716293725,Medical Instruments & Supplies,Healthcare,ANGO
2019Q1,2019,Q1,2018-10-01,2018-08-31,-469000.0,85340000.0,326000.0,-0.01,44467000.0,0.5210569486758847,693871000.0,544889000.0,120885000.0,45789000.0,148982000.0,49721000.0,4660000.0,836781660.0000001,906436660.0000001,14.59928194410953,2.6400445521850227,0.13607284351125787,0.17327749321421426,0.0005013757023380194,14.59928194410953,-0.0008607257624947466,9.805269041481136,-446.0456609808103,1.5356919666207247,0.0,0.8220470223849078,0.0,0.12299116118125704,1.4474218698814125,-0.00067591814616838,-87.57526530612246,0.5210569486758847,-1.1666666666666665,-0.030941159644413716,-0.0438498375032506,-0.034440852034501104,-0.06320180335812249,-1.2231208372978115,-0.9264937993235626,0.4030745417799579,-0.017676004163943566,-0.04045309974141333,Medical Instruments & Supplies,Healthcare,ANGO
2018Q4,2018,Q4,2018-07-23,2018-05-31,2102000.0,88317000.0,4435000.0,0.06,47467000.0,0.5374616438511272,705472000.0,542595000.0,168032000.0,57301000.0,162877000.0,48916000.0,5129000.0,782379090.0,802004090.0,14.58471091041045,2.9324444599570687,0.13284864601288215,0.17272735649978344,0.004403527282428647,14.58471091041045,0.003873975985772077,8.858759808417405,93.05174714557565,1.4419209355043818,0.0,0.8351050780930575,0.0,0.1251885262632677,2.003699760911677,0.0029795654540506213,33.97659660398662,0.5374616438511272,-0.8378378378378378,3.272140111588543,-0.0796149989881833,-0.03366566247406722,0.0444243971131843,-0.8500606319994294,-0.0874485596707819,3.4931160276696924,-0.0619436183093151,-0.03883944780188224,Medical Instruments & Supplies,Healthcare,ANGO
2018Q3,2018,Q3,2018-04-05,2018-02-28,14019000.0,83851000.0,4860000.0,0.37,45448000.0,0.542009039844486,698429000.0,538328000.0,156569000.0,54403000.0,160101000.0,56564000.0,3027000.0,604717380.0,647303380.0,14.501589354021874,2.8779479072845247,0.13584487471167433,0.1762457089358161,0.026430609681132082,14.501589354021874,0.026041744066814285,7.211808803711345,10.783889364433982,1.1233251474937211,0.0,0.6789300615232303,0.0,0.12005658413382034,1.7535797658217378,0.020072190587733327,230.3685257142857,0.542009039844486,36.0,14.26103266083411,-0.03540625590260833,-0.04211309690020624,0.06358381502890173,55.30120481927711,3.327693677649154,4.168173859799126,-0.06736692041597907,-0.04643934530735826,Medical Instruments & Supplies,Healthcare,ANGO
2018Q2,2018,Q2,2018-01-05,2017-11-30,249000.0,86706000.0,1123000.0,0.01,42731000.0,0.4928263326644062,697806000.0,521220000.0,152495000.0,59660000.0,176586000.0,54032000.0,-10992000.0,636793880.0,682970880.0,14.061943560135974,2.556067717063359,0.13762134461440573,0.18424657534246575,0.005458053666810854,14.061943560135974,0.0004777253367100265,7.344288515212327,639.3512851405623,1.221737231879053,0.0,0.8138695587799822,0.0,0.12425516547579127,1.5620013409319478,0.0003568327013525249,67.42840745446844,0.4928263326644062,11.548523206751055,-0.8811787886798881,-0.06365628122000526,-0.07016049659598167,0.03643066773387664,8.114285714285714,7.021428571428571,-0.8212868500957812,-0.09640919956959983,-0.07917294884561536,Medical Instruments & Supplies,Healthcare,ANGO
2018Q1,2018,Q1,2017-09-29,2017-08-31,-35000.0,85411000.0,140000.0,-0.000948,41229000.0,0.48271299949655194,700341000.0,517884000.0,150722000.0,64323000.0,182457000.0,55425000.0,-11240000.0,628730570.0,685315570.0,14.027573877949024,2.3432053853209585,0.14961997084277517,0.20233295487020259,0.0004918343453745087,14.027573877949024,-6.758270191780398e-05,7.361236491786772,-4490.932642857143,1.2140374485405998,0.0,0.797149300857014,0.0,0.12195630414326736,1.4100399546041074,-4.9975654716773684e-05,248.01994871794872,0.48271299949655194,0.99684,0.9543687479570205,-0.03739942107517369,-0.07075312455673362,-0.0261249557104051,0.9972895531634787,1.012353304508956,-1.0713375976044164,-0.06309907690259624,-0.0807339010579837,Medical Instruments & Supplies,Healthcare,ANGO
2017Q4,2017,Q4,2017-08-04,2017-05-31,-12913000.0,86914000.0,-11333000.0,-0.3,42335000.0,0.48709068734611227,707961000.0,515027000.0,153914000.0,71516000.0,192934000.0,54506000.0,-11007000.0,552757400.0,611158400.0,14.050661574137225,2.152161754013088,0.14964807383457562,0.20570766192840376,-0.019593255524410907,14.050661574137225,-0.02507247192865617,6.35982005200543,-10.701568187098273,1.0732590718544854,0.0,0.8178732616592669,0.0,0.12276664957532972,1.3300380334470607,-0.018239705294500686,30.288076712328767,0.48709068734611227,-4.75,-0.3129476714806111,0.07656738319730588,-0.29701066127105685,-0.033270917062477166,-5.472809144440596,-3.204863813229572,-7.312979134285202,-0.11073252160378103,-0.07848156139980549,Medical Instruments & Supplies,Healthcare,ANGO
2017Q3,2017,Q3,2017-04-03,2017-02-28,2887000.0,85602000.0,5140000.0,0.08,43792000.0,0.5115768323170019,704318000.0,531750000.0,145051000.0,50641000.0,172568000.0,57681000.0,1906000.0,598818750.0,670297750.0,14.518771331058021,2.8642996781264194,0.1519910040635054,0.2013164080865068,0.005097602496671604,14.518771331058021,0.0054292430653502585,6.9953827013387535,51.854758399722904,1.1261283497884345,0.0,0.7248487370191224,0.0,0.12153885034884811,1.6404889318931302,0.004099000735463243,42.916845839604385,0.5115768323170019,-0.7837837837837838,2.120371612126079,0.13896300614509183,-0.11308940089858102,-0.027060653188180406,-0.789791757681666,-0.670259173723377,-0.4570454536950671,-0.06758870521747597,-0.04995554956127911,Medical Instruments & Supplies,Healthcare,ANGO
2017Q2,2017,Q2,2017-01-06,2016-11-30,13734000.0,89029000.0,15588000.0,0.37,45010000.0,0.5055656022195015,712170000.0,523349000.0,147802000.0,50752000.0,188821000.0,56667000.0,-981000.0,599954100.0,688893100.0,14.21873556660418,2.9122399117276165,0.1749624387435584,0.23808777699011557,0.022920809873841968,14.21873556660418,0.026242526497614403,6.738861494569186,10.920964394932286,1.1463747900540557,0.0,0.7768013129334533,0.0,0.12501088223317466,1.714966897856242,0.019284721344622772,44.172735974083345,0.5055656022195015,8.25,3.035759714579093,0.04872249630026768,-0.12821149357358794,-0.0004885414816130752,9.564615384615385,3.3639417693169094,133.4141208317588,-0.041059181117933545,-0.057003452848648925,Medical Instruments & Supplies,Healthcare,ANGO
2017Q1,2017,Q1,2016-10-05,2016-08-31,1300000.0,88098000.0,3572000.0,0.04,45032000.0,0.5111580285591046,726711000.0,512717000.0,152282000.0,65431000.0,213994000.0,58274000.0,-14715000.0,600716260.0,694510260.0,14.117046174178805,2.327367761458636,0.18054632446736046,0.2559014036983365,0.0024841310508353777,14.117046174178805,0.002535511793055428,6.8187275534064336,115.52235769230768,1.1716332011616544,0.0,0.7390259807118097,0.0,0.1212283837729166,1.3629930766761933,0.0017888816874933777,86.32221008765627,0.5111580285591046,1.0330578512396695,-0.3476274720081245,0.1151738708742301,-0.13690666902194135,0.07670237184391737,1.030161713185309,1.8806706114398422,3.936615258610226,0.014336787107882406,-0.0663346918079474,Medical Instruments & Supplies,Healthcare,ANGO
2016Q4,2016,Q4,2016-08-01,2016-05-31,-43101000.0,93569000.0,-4056000.0,-1.21,41824000.0,0.4469856469557225,727063000.0,507228000.0,146254000.0,66727000.0,219835000.0,55370000.0,-16015000.0,435266420.0,537262420.0,13.995585232603057,2.191826397110615,0.1847556539116968,0.26482962297034074,-0.09517627356679387,13.995585232603057,-0.08497362133005276,4.651822932808943,-2.524688638314656,0.8581277453137445,0.0,0.934531334657757,0.0,0.12869448727276728,1.3016170365818933,-0.05928097014976694,29.285233129247125,0.4469856469557225,-61.5,-33.50222372756732,0.14704607893251023,-0.13816047390612893,-0.03817496090516052,-69.41428571428571,-2.509490137700037,-46.82506287101785,0.0009745107937856176,-0.07269916646879963,Medical Instruments & Supplies,Healthcare,ANGO
2016Q3,2016,Q3,2016-04-11,2016-02-29,630000.0,87384000.0,2687000.0,0.02,43484000.0,0.497619701547194,753513000.0,550745000.0,149401000.0,61579000.0,202768000.0,65792000.0,27744000.0,392907020.0,510073020.0,15.236679023958391,2.426168011822212,0.1845528876077785,0.25249979573123676,0.0024249315086954594,15.236679023958391,0.0011439050740360784,4.496326787512588,155.91548412698413,0.7134100536545951,0.0,0.6672543774319066,0.0,0.11596880213081924,1.2668117377677455,0.0008360837835578151,33.728819641170915,0.497619701547194,3.0,-0.8861126244139794,0.10161954563764616,-0.06447705953879718,-0.051271981498450935,2.7403314917127073,1.0402429764616552,1.612028971215304,0.032379179725457244,0.006442461407673698,Medical Instruments & Supplies,Healthcare,ANGO
2016Q2,2016,Q2,2016-01-08,2015-11-30,-362000.0,89234000.0,1317000.0,-0.01,45834000.0,0.5136382993029562,760371000.0,547639000.0,151558000.0,60104000.0,212732000.0,70813000.0,27114000.0,430066000.0,554755000.0,15.153265080243498,2.5215959004392388,0.18896696481059905,0.2623717448903383,0.0009472864650031941,15.153265080243498,-0.0006610193941629431,4.819530672165318,-297.00690607734805,0.785309300469835,0.0,0.6128818154858571,0.0,0.11735586970044885,1.22708971116731,-0.0004760833856104454,46.981210399825216,0.5136382993029562,0.5,-1.075895846065072,0.14939085287958684,-0.05750159989523228,0.061611154861722334,0.5217965653896962,0.2308411214953271,-1.1771702394305987,-0.011665207124242823,0.002002633342017173,Medical Instruments & Supplies,Healthcare,ANGO
2016Q1,2016,Q1,2015-10-08,2015-08-31,-757000.0,83703000.0,1070000.0,-0.02,43174000.0,0.5157999115921771,771789000.0,547123000.0,160025000.0,60651000.0,224666000.0,74327000.0,27476000.0,530769600.0,656897600.0,15.21476640711902,2.638456084813111,0.18968396802753085,0.2675742017791246,0.0017328517007248754,15.21476640711902,-0.0013836011280827162,6.341106053546468,-175.2871862615588,0.9701101945997518,0.0,0.545279642660137,0.0,0.10845321713577157,1.2264266046726353,-0.0009808380269736936,134.16825075834177,0.5157999115921771,0.0,-1.2760178299570144,0.11871127736171928,-0.047526034852171994,-0.05230809754812652,0.07002457002457002,-0.20149253731343283,-0.013258991729136645,-0.03149117640163049,0.007891618852174834,Medical Instruments & Supplies,Healthcare,ANGO
2015Q4,2015,Q4,2015-08-10,2015-05-31,-814000.0,90897000.0,1340000.0,-0.02,45557000.0,0.5011936587566146,773623000.0,545022000.0,155813000.0,61157000.0,228601000.0,67388000.0,28233000.0,578638980.0,707876980.0,15.174063143827608,2.5477541409814086,0.19082809068499773,0.27086796496288224,0.005897982455367687,15.174063143827608,-0.0014935176928637744,6.365875441433711,-177.71467444717445,1.0616800422735229,0.0,0.6728200866623137,0.0,0.11749521407714093,1.2837124123158428,-0.0010521920883944764,60.55876295133438,0.5011936587566146,0.8333333333333333,-1.150044376882287,0.03931861317094437,-0.04015614419494505,0.20358775197484874,0.8090098545283905,1.1320066988474042,0.9155371466335306,0.14900550039485846,-0.2408041031359327,Medical Instruments & Supplies,Healthcare,ANGO
2015Q3,2015,Q3,2015-04-09,2015-02-28,-4262000.0,86597000.0,-10151000.0,-0.12,37851000.0,0.4370936637527859,783136000.0,543756000.0,157292000.0,59687000.0,239380000.0,68710000.0,29047000.0,665043000.0,804117000.0,15.207831072577262,2.635280714393419,0.2027463939852082,0.29200229514708803,-0.005140843238005888,15.207831072577262,-0.007838074430443067,7.679746411538506,-39.01003050211169,1.2230540904376228,0.0,0.7094454955610537,0.0,0.11057721775017366,1.3261849313920955,-0.005442222040616189,83.52712886209495,0.4370936637527859,-4.0,-1.8805716035175046,0.14224865064365436,-0.032211065444167006,-0.20574534161490685,-4.185351270553064,-3.21879781420765,-0.6942192371284971,0.18023748666044045,-0.07099669386212658,Medical Instruments & Supplies,Healthcare,ANGO
2015Q2,2015,Q2,2015-01-09,2014-11-30,1338000.0,92149000.0,4575000.0,0.04,47656000.0,0.5171624217300242,799331000.0,543571000.0,163446000.0,57937000.0,255760000.0,75315000.0,33309000.0,621132750.0,771210750.0,15.270993117010816,2.8210987797089944,0.20636632383830977,0.3034654166613009,0.003053925741654948,15.270993117010816,0.00246149996964518,6.74052621298115,116.05619394618834,1.1426892715027108,0.0,0.5907588129854611,0.0,0.11528265512034439,1.2967706301672506,0.0016738997987066685,-133.2331081081081,0.5171624217300242,1.0,-0.7054584325068548,0.18731468538991192,-0.016611880467009742,0.039956355701036554,1.8468085106382979,0.4111659469463294,-0.5934389258577922,0.12243484228562497,-0.06369478363494155,Medical Instruments & Supplies,Healthcare,ANGO
2015Q1,2015,Q1,2014-10-15,2014-08-31,470000.0,87331000.0,3242000.0,0.02,45825000.0,0.5247277599019821,796114000.0,539684000.0,154305000.0,63707000.0,256430000.0,70421000.0,31971000.0,499028370.0,637527370.0,15.259535725393729,2.422104321346163,0.19131305315570382,0.28221514812371684,0.0015528667520866017,15.259535725393729,0.0008708799964423626,5.714217975289416,265.44062234042553,0.9246677129579531,0.0,0.5893980488774655,0.0,0.10969660124052585,1.122388434551933,0.0005903677111569448,5308.812446808511,0.5247277599019821,1.6666666666666667,-0.8461954772222141,0.20436892992850958,-0.008534321456121987,-0.02112615884137224,1.31438127090301,0.07422133863485753,-0.757793480085861,0.1352215556108531,-0.06705670889576952,Medical Instruments & Supplies,Healthcare,ANGO
2014Q4,2014,Q4,2014-08-14,2014-05-31,-1495000.0,94065000.0,3018000.0,-0.03,46814000.0,0.4976771381491522,800150000.0,537894000.0,152228000.0,72286000.0,262256000.0,61056000.0,32651000.0,505533740.0,648429740.0,15.247292930438233,2.1059126248512854,0.19871399112666374,0.2955991329146635,-0.004234338702734255,15.247292930438233,-0.0027793580147761456,5.374302237814278,-84.53741471571905,0.9398389645543546,0.0,0.7738960953878407,0.0,0.1175592076485659,1.1075726973411173,-0.0018683996750609262,83.10599046523097,0.4976771381491522,-1.2142857142857142,-1.3567775615980642,0.233341688306687,0.0008778555720674565,0.025835433329681166,-1.292678151918559,-0.6012683313515655,-0.22944507995856256,0.18463657347370566,-0.06108108414275592,Medical Instruments & Supplies,Healthcare,ANGO
2014Q3,2014,Q3,2014-04-09,2014-02-28,5108000.0,88195000.0,7569000.0,0.14,45635000.0,0.5174329610522138,792174000.0,537689000.0,140131000.0,63380000.0,254485000.0,59834000.0,34146000.0,541833600.0,685507600.0,15.282202137335153,2.210965604291575,0.19068537972718114,0.2809356337957444,0.010052764880003394,15.282202137335153,0.009499915378592457,6.143586371109473,26.518872357086924,1.0077081733120818,0.0,0.7113012668382525,0.0,0.11133286373953197,1.055774692331966,0.0064480783262263084,-223.3444352844188,0.5174329610522138,50.68062455642299,0.8501106251819485,0.2352040688103879,0.012170715585547033,0.01569107500556421,52.5959595959596,3.808767471410419,-0.051361040639044314,0.1422435359004229,-0.061681967720021526,Medical Instruments & Supplies,Healthcare,ANGO
2014Q2,2014,Q2,2014-01-09,2013-11-30,-99000.0,88616000.0,1574000.0,-0.002818,44930000.0,0.5070190484788301,795490000.0,529729000.0,141573000.0,69079000.0,265761000.0,60052000.0,29038000.0,542789400.0,679997400.0,15.07824775133781,2.04943615281055,0.19155614778312738,0.287658406468213,0.0026563607520167414,15.07824775133781,-0.0001868880125498132,6.125185068159249,-1370.680303030303,1.024654870698036,0.0,0.7274695264104443,0.0,0.11139800626029239,0.9471474688400238,-0.00012445159587172686,109.65442424242424,0.5070190484788301,0.7182,-1.0236161038299079,0.2679758249949904,0.010469517351961017,0.057624405630620025,0.7676056338028169,0.222999222999223,-1.021351574441143,0.1741803072881462,-0.06216750602828908,Medical Instruments & Supplies,Healthcare,ANGO
2014Q1,2014,Q1,2013-10-10,2013-08-31,-426000.0,83579000.0,1287000.0,-0.01,42482000.0,0.5082855741274722,801153000.0,528445000.0,145234000.0,74363000.0,272708000.0,59249000.0,29137000.0,380955000.0,514094000.0,15.12002861230329,1.9530411629439373,0.1937257927012693,0.29369943891984973,0.0012395118482564683,15.12002861230329,-0.0008061387656236695,4.5580229483482695,-223.56514084507043,0.7208981067093075,0.0,0.6936319600330807,0.0,0.10432339390852934,0.9477293815472748,-0.0005317336388929455,109.88029997115662,0.5082855741274722,0.5,-1.133947817758651,0.31093998104692316,0.020648075211183982,-0.039781203381402286,0.5092165898617511,0.046341463414634146,-1.1598171419218737,0.14933508905674525,-0.053456805043640615,Medical Instruments & Supplies,Healthcare,ANGO
2013Q4,2013,Q4,2013-08-14,2013-05-31,-868000.0,90032000.0,1230000.0,-0.02,44242000.0,0.49140305669095435,791584000.0,526830000.0,141516000.0,63437000.0,264754000.0,55062000.0,29563000.0,379777280.0,509682280.0,15.092820718501118,2.2308116714220407,0.19164990702187007,0.28796196116394285,0.0019668050526353022,15.092820718501118,-0.0016475903042727255,4.218247734138973,-109.38285714285715,0.7208725395288803,0.0,0.831608005521049,0.0,0.11373650806484215,1.1471065781799266,-0.0010965355540283786,55.80036438436674,0.49140305669095435,0.3333333333333333,-2.1641642248209254,0.3404745882586076,0.03093822367193775,0.07380888813378315,0.125,20.20689655172414,-1.164636872065697,0.05927351773782282,-0.045295179273499644,Medical Instruments & Supplies,Healthcare,ANGO
2013Q3,2013,Q3,2013-04-09,2013-02-28,-992000.0,81571000.0,58000.0,-0.03,41201000.0,0.5050937220335658,796471000.0,527357000.0,146440000.0,66830000.0,269114000.0,61973000.0,30431000.0,431593260.0,568464260.0,15.139145662283976,2.191231482866976,0.19272013670303126,0.2910665829788929,4.640623815856446e-05,15.139145662283976,-0.0018810786620828016,5.291013472925427,-108.7684627016129,0.8184081371822124,0.0,0.6514127119874784,0.0,0.10241553050895764,0.9559928175968876,-0.0012454941862290027,67.13225384974335,0.5050937220335658,-1.5,-1.142389619337429,0.40588633424869824,0.04695831266537471,-0.06548267102159318,-1.5038090401218893,-0.9886762983209684,-1.2103760700465753,0.10440160245630237,-0.03658203588236009,Medical Instruments & Supplies,Healthcare,ANGO
2013Q2,2013,Q2,2013-01-09,2012-11-30,1969000.0,87007000.0,5122000.0,0.06,44088000.0,0.5067178502879078,778947000.0,526688000.0,151463000.0,60385000.0,252259000.0,62330000.0,31423000.0,367076580.0,494004580.0,15.122979297671346,2.508288482238967,0.18775346718069394,0.277678625675922,0.004785072076022997,15.122979297671346,0.00373845616380096,4.218931580217683,46.606980700863375,0.6969526171091803,0.0,0.6885769292475533,0.0,0.11169822850591889,1.1768154342965969,0.0025277714658378555,50.21567441860465,0.5067178502879078,4.0,-0.5651031112679539,0.43562089943731785,0.042419116262704865,0.11731163993005397,3.7309292649098476,6.488304093567251,-0.5569944901284102,0.14578290580311729,-0.026143351691562837,Medical Instruments & Supplies,Healthcare,ANGO
2013Q1,2013,Q1,2012-10-10,2012-08-31,-721000.0,83406000.0,684000.0,-0.02,39459000.0,0.47309546075821884,718362000.0,523879000.0,160591000.0,52379000.0,194483000.0,63414000.0,29454000.0,397013760.0,526242760.0,15.095637390502535,3.065942457855247,0.20619826772574273,0.282746588429771,0.0006359364226364214,15.095637390502535,-0.00137627200174086,4.76001438745414,-137.66080443828017,0.7578348435421156,0.0,0.6930173147885325,0.0,0.11610580737845265,1.4977567345691976,-0.001003672243242265,-60.31810391978122,0.47309546075821884,0.9259259259259258,-1.207757030889811,0.5242718944003342,0.05555213737472484,0.26601001026694043,0.897410358565737,1.0998831775700935,-1.2404502323391555,0.17221450610406572,-0.01918337243246918,Medical Instruments & Supplies,Healthcare,ANGO
2012Q4,2012,Q4,2012-08-14,2012-05-31,-7028000.0,57690000.0,-6848000.0,-0.27,31168000.0,0.5402669440110938,721769000.0,523520000.0,159238000.0,55422000.0,198249000.0,55823000.0,30175000.0,315363720.0,441855720.0,19.987019432672852,2.8731911515282738,0.20782272444507868,0.28652200488997553,-0.008850264757608113,19.987019432672852,-0.013424511002444987,5.466523140925637,-11.218117529880477,0.6023909688264057,0.0,0.47510882611110117,0.0,0.07992861982157726,1.5998340009382557,-0.009737187382666754,-282.0784615384615,0.5402669440110938,-2.857142857142857,-3.1824743343349158,0.28306021385934854,0.4159242003393695,0.05963146800843136,-2.975113122171946,-1.4838592673195503,-3.2589509769275375,0.01876637754351734,0.3120076619709752,Medical Instruments & Supplies,Healthcare,ANGO
2012Q3,2012,Q3,2012-04-09,2012-02-29,-1768000.0,51567000.0,-2757000.0,-0.07,29414000.0,0.5704035526596467,446607000.0,411363000.0,211049000.0,29194000.0,35244000.0,28158000.0,37203000.0,327179580.0,299477580.0,16.370050539217637,7.229190929643077,0.014207121697599903,0.015424333253112215,-0.0039940052262533495,16.370050539217637,-0.00429790720118241,6.3447472220606205,-46.26408088235294,0.7953549055214008,0.0,0.7867391149939627,0.0,0.11546393137590767,5.8145509351236555,-0.003958737771687412,56.723228155339804,0.5704035526596467,-1.777777777777778,0.9200489132037237,0.4307418905298836,-0.07877289306971004,-0.11486262826878517,-1.7591240875912408,-1.7022414671421293,-1.8966007030500858,0.01119897565261131,0.08422108407870915,Medical Instruments & Supplies,Healthcare,ANGO
2012Q2,2012,Q2,2012-01-05,2011-11-30,2329000.0,58099000.0,3926000.0,0.09,33231000.0,0.5719719788636638,443590000.0,410845000.0,205836000.0,26620000.0,32745000.0,29427000.0,38971000.0,380872800.0,344332800.0,16.309845176657404,7.732381667918858,0.014461552334362813,0.015614161058306661,0.006051147906454727,16.309845176657404,0.005668804536990836,6.555582712266992,40.883726921425506,0.927047426645085,0.0,0.8450742515377034,0.0,0.1309745485696251,6.302404207362885,0.0052503437859284475,205.6548596112311,0.5719719788636638,0.7999999999999998,-0.42214172290591506,0.4516347554718571,0.9056460428355737,0.033752255335033905,0.696285506190823,0.4449760765550239,-0.2251506910056669,0.1594237562681428,0.0930050796041591,Medical Instruments & Supplies,Healthcare,ANGO
2012Q1,2012,Q1,2011-10-11,2011-08-31,1373000.0,54431000.0,2717000.0,0.05,32146000.0,0.5905825724311514,439608000.0,409301000.0,199866000.0,24107000.0,30307000.0,29672000.0,36642000.0,360345600.0,316337600.0,16.356337915601024,8.290786908366865,0.014751778857527615,0.01584408540414023,0.0042036142937442525,16.356337915601024,0.0033544995003677,6.620227443919825,65.61281864530226,0.8803926694535317,0.0,0.7510447559989215,0.0,0.12381712798675183,6.762185257394118,0.0031232370657494858,143.96548142229324,0.5905825724311514,2.666666666666667,-0.5519270117547007,0.6636966401442872,0.9961963648212676,-0.008635045950780238,2.59465737514518,2.2561257512713824,-0.3970420448291847,0.1924011880084415,0.10410272619972412,Medical Instruments & Supplies,Healthcare,ANGO
2011Q4,2011,Q4,2011-08-12,2011-05-31,-861000.0,56223000.0,-2163000.0,-0.03,32426000.0,0.5767390569695676,437421000.0,405639000.0,194305000.0,25507000.0,31782000.0,28126000.0,35269000.0,392170300.0,352736300.0,16.239200928780175,7.617712784725762,0.014974132471920644,0.01614736255636169,-0.0018366574556817382,16.239200928780175,-0.0021225769711492237,6.975264571438735,-113.87058652729384,0.9667963386163559,0.0,0.8460854725165328,0.0,0.12853292365935792,6.22115497706512,-0.001968355428751706,32.69175558519507,0.5767390569695676,-1.2,-1.2621531554808296,0.47878614740858405,1.0391395344324685,0.022225024431764447,-1.225924954080294,-1.412157012195122,-2.6136996758201745,0.16977070046076892,0.10924347884461855,Medical Instruments & Supplies,Healthcare,ANGO
2011Q3,2011,Q3,2011-04-08,2011-02-28,3811000.0,54648000.0,5248000.0,0.15,31721000.0,0.580460401112575,433399000.0,405574000.0,186567000.0,21480000.0,27825000.0,29489000.0,36130000.0,418851640.0,390209640.0,16.286804272749176,8.685614525139664,0.01526307167298494,0.01631021712437188,0.009570363163720355,16.286804272749176,0.00939655895101757,7.664537403015664,27.4764917344529,1.0327378973997348,0.0,0.7774763471124826,0.0,0.12609166149437354,6.922299813780261,0.008793282864058293,47.705198177676536,0.580460401112575,0.15384615384615377,0.0202660826824129,0.39017850004161886,2.5603296727280194,0.005866311516996448,0.1622445867642574,-0.02760793033166574,-0.23480041763713766,0.3175218125771256,0.12632545458553915,Medical Instruments & Supplies,Healthcare,ANGO
2011Q2,2011,Q2,2011-01-07,2010-11-30,3279000.0,53372000.0,5397000.0,0.13,31536000.0,0.5908716180768943,425983000.0,399452000.0,177446000.0,20121000.0,26531000.0,32731000.0,32319000.0,347084650.0,326632650.0,16.077762125176093,8.818945380448287,0.015681376956357414,0.016722910387230505,0.008485670753042325,16.077762125176093,0.008208745981995334,6.503122423742786,26.462690606892345,0.8689020207684527,0.0,0.667135131832208,0.0,0.12529138486747124,6.777247651707172,0.007697490275433527,38.305336055623,0.5908716180768943,0.625,-0.05729807121981057,0.35750146893634643,2.5009969687897566,0.050499666888740836,0.7367584745762712,0.5504165469692617,0.015217431507605307,0.23445743520471074,0.10823180116293217,Medical Instruments & Supplies,Healthcare,ANGO
2011Q1,2011,Q1,2010-10-08,2010-08-31,1888000.0,51507000.0,3481000.0,0.08,30020000.0,0.5828334012852622,420351000.0,395435000.0,169782000.0,18431000.0,24916000.0,33517000.0,29040000.0,376771100.0,316314100.0,15.97394465764492,9.21176279095003,0.016046113842955054,0.01705716489435685,0.005533782638767044,15.97394465764492,0.004774488854046809,7.314949424350089,49.89024099576271,0.9528015982399131,0.0,0.6410776620819286,0.0,0.12253331144686226,6.8165048016928,0.004491484497479488,350.1590148698885,0.5828334012852622,-0.4666666666666666,-0.2837299469526807,0.5437270057685252,2.7290206178611065,-0.14123065480447408,-0.4950521529820808,-0.4546451511828294,-0.2373257927691376,0.31961732143368277,0.1169671733298932,Medical Instruments & Supplies,Healthcare,ANGO
2010Q4,2010,Q4,2010-08-06,2010-05-31,3739000.0,60277000.0,6383000.0,0.15,34957000.0,0.5799392803225111,423925000.0,391349000.0,171360000.0,26026000.0,32576000.0,29216000.0,27152000.0,354986700.0,303033700.0,15.80888709351646,6.584185045723507,0.016064162292858408,0.017401347646218594,0.010300905794499179,15.80888709351646,0.009554131989605186,5.88925626690114,23.73540385129714,0.9070847248875046,0.0,0.8666484118291348,0.0,0.14218788700831514,4.99162376085453,0.008819956360205225,24.60401303021902,0.5799392803225111,0.15384615384615377,0.10091501984756722,0.7059892007423966,2.9090175753851804,0.15472533280480957,0.12181218121812182,0.14124798855712498,0.22855660110228557,0.41847093314753836,0.11993616114422571,Medical Instruments & Supplies,Healthcare,ANGO
2010Q3,2010,Q3,2010-04-09,2010-02-28,3333000.0,52207000.0,5593000.0,0.13,30273000.0,0.5798647690922674,412295000.0,386910000.0,158351000.0,18770000.0,25385000.0,34115000.0,23413000.0,407247880.0,376604880.0,15.713995613678824,8.436387852956846,0.01666282637431936,0.017756067302473443,0.008832053449801123,15.713995613678824,0.008614406451112663,7.800637462409256,30.546645664566455,1.0525648858907757,0.0,0.6429429869558845,0.0,0.12662535320583562,5.983697389451252,0.008084017511733104,40.73293458691738,0.5798647690922674,0.0,0.5040750019745559,0.6544900963197857,3.187743530836692,-0.04220584047837504,0.06519654841802493,0.05131578947368421,1.153825843052965,0.4783254171386118,-0.11569248471016272,Medical Instruments & Supplies,Healthcare,ANGO
2010Q2,2010,Q2,2010-01-08,2009-11-30,3129000.0,53459000.0,5320000.0,0.13,31607000.0,0.5912381451205597,407633000.0,380739000.0,151627000.0,20214000.0,26894000.0,39874000.0,20080000.0,381254900.0,351928900.0,15.528958316339017,7.501088354605719,0.017000586311706853,0.018201445084427916,0.008536662984106765,15.528958316339017,0.00821822823509018,7.131725247385847,30.461401406200064,1.0013549964673962,0.0,0.548026282790791,0.0,0.13114492693182347,4.9186207578905705,0.007676022304376731,78.27035516321084,0.5912381451205597,0.44444444444444453,0.41800580516686026,0.7427304724464145,3.2704212449831944,0.048951281030134075,0.48223590715300807,0.4881118881118881,-0.20237172689452648,0.3723113576071917,0.8144070433754325,Medical Instruments & Supplies,Healthcare,ANGO
2010Q1,2010,Q1,2009-10-07,2009-08-31,2111000.0,50092000.0,3575000.0,0.09,30132000.0,0.6015331789507307,409280000.0,376029000.0,152684000.0,26506000.0,33251000.0,44344000.0,16951000.0,316393441.7,291215441.7,15.390886498264607,5.760356145778315,0.017078772478498826,0.01858899180648301,0.00577816025129386,15.390886498264607,0.005613928712945012,6.316246939631078,37.46961649692089,0.8414070236604091,0.0,0.45011726501894284,0.0,0.12239053948397186,3.4761563419603108,0.005157838154808444,1513.844218660287,0.6015331789507307,-0.25,0.291873441035569,0.7801136892817637,3.299236496869008,-0.07833481173339858,-0.2725706409372846,-0.249265014699706,-0.2943887657502789,0.5681775251386276,0.878368607798697,Medical Instruments & Supplies,Healthcare,ANGO
2009Q4,2009,Q4,2009-08-14,2009-05-31,2902000.0,52820000.0,4762000.0,0.12,32693000.0,0.6189511548655812,408703000.0,372194000.0,148598000.0,29699000.0,36509000.0,36928000.0,14840000.0,302711563.14,281877563.14,15.233919749102055,5.003468130240075,0.017310858985620365,0.01900890395868821,0.008155043616121049,15.233919749102055,0.0077970090866591076,5.731002709958349,26.077839691592008,0.8133166121431298,0.0,0.5450335788561526,0.0,0.12923810199582583,3.2111518906360486,0.007100510639755519,50.34285101280559,0.6189511548655812,0.4999999999999999,-0.12581306432251524,0.7422515196365356,3.655532847123697,0.081761630600225,0.5177824267782427,0.8106463878326996,-0.09662786595134719,0.42038834102141576,0.9129074245095239,Medical Instruments & Supplies,Healthcare,ANGO
2009Q3,2009,Q3,2009-04-09,2009-02-28,1912000.0,49447000.0,2630000.0,0.08,30222000.0,0.6111998705684875,400579000.0,367885000.0,134617000.0,25884000.0,32694000.0,32415000.0,11938000.0,289221535.59,269605535.59,15.098443278409121,5.200780404883326,0.017874127200876732,0.019462603802818817,0.004923938445540532,15.098443278409121,0.005197276322763907,5.849122001132526,37.81662337735356,0.7861737651439987,0.0,0.5930896190035477,0.0,0.12343882230471392,3.432004326997373,0.004773090950848647,71.73153164434522,0.6111998705684875,-0.3333333333333333,0.35701351918330854,0.6032763024780493,36.340236064882774,0.017815646785437646,-0.34227726178190576,-0.4621676891615542,-0.47686146883679525,0.285554707530713,2.300551459690816,Medical Instruments & Supplies,Healthcare,ANGO
2009Q2,2009,Q2,2009-01-09,2008-11-30,2907000.0,48464000.0,4890000.0,0.12,29693000.0,0.6126815780785738,392951000.0,363537000.0,124123000.0,22484000.0,29414000.0,28584000.0,10026000.0,259460092.5,246971092.5,14.922021389474375,5.520503469133606,0.0184374133161641,0.019929195652712103,0.008733146145383133,14.922021389474375,0.007996435025870819,5.353666484400792,22.31338944788442,0.7137102757078372,0.0,0.656696053736356,0.0,0.12333344361001754,3.717087706813734,0.007397868945491931,-195.0827763157895,0.6126815780785738,0.3333333333333333,0.32581081493133646,0.5899839133608047,3.1035152430448356,0.08143642786903157,0.3147896879240163,0.2794348508634223,-0.1476930084178937,0.2570835031070775,2.249329803863702,Medical Instruments & Supplies,Healthcare,ANGO
2009Q1,2009,Q1,2008-10-10,2008-08-31,2211000.0,44323000.0,3822000.0,0.09,27457000.0,0.619475216027796,395970000.0,359947000.0,125435000.0,24345000.0,36023000.0,28199000.0,7119000.0,399208270.03,388020270.03,14.81414503150342,5.15239268843705,0.018511503396721973,0.020364109160515297,0.006443114403917129,14.81414503150342,0.006142570989617916,9.006797148884326,45.13888173111714,1.109075141701417,0.0,0.5981063158268024,0.0,0.11193524761976917,3.4349558430889298,0.005583756345177665,-39.09207501273012,0.619475216027796,3.285714285714285,0.3605553591243675,0.583814279297528,3.138131549247113,-0.06331661720055948,3.260115606936416,10.906542056074766,-0.14539680722153275,0.35342551246117154,2.4582724206461246,Medical Instruments & Supplies,Healthcare,ANGO
2008Q4,2008,Q4,2008-08-14,2008-05-31,519000.0,46752000.0,321000.0,0.021,29313000.0,0.6269892197125256,408747000.0,355713000.0,141882000.0,41334000.0,53034000.0,22901000.0,4908000.0,376368600.29,361443600.29,14.639888571348493,3.4325736681666426,0.041871866949482195,0.04811463173963279,0.0006163478175939871,14.639888571348493,0.0014590414182219936,8.05032084809206,181.29508684489403,1.0580681625074146,0.0,0.7614951312169774,0.0,0.11437882112896242,2.5369913388493734,0.0012697340897914848,51.36735366316364,0.6269892197125256,-0.895,-0.6267259905062839,0.5951984551709992,90.63985830757477,0.15779287463464728,-0.8938650306748466,-0.9577798237537815,-0.844307872194124,0.3481114806068247,2.6199627075932543,Medical Instruments & Supplies,Healthcare,ANGO
2008Q3,2008,Q3,2008-04-09,2008-02-29,4890000.0,40725000.0,7603000.0,0.2,25318000.0,0.6216820135052179,396939000.0,353550000.0,140625000.0,36229000.0,43389000.0,25324000.0,4389000.0,405380999.99999994,378934999.99999994,14.460122699386503,3.8815589720941786,0.043331595030974536,0.04864941309574318,0.012789136894152947,14.460122699386503,0.013831141281289774,9.954106813996315,20.724999999999998,1.1466016122189222,0.0,0.6083951982309271,0.0,0.10259762835095569,2.7771674625300173,0.012319273238457294,53.11595911949685,0.6216820135052179,0.5384615384615385,10.428571779141105,1.281512675027066,0.0,-0.005382046749165193,0.5774193548387097,0.5872651356993737,1.2222223041474658,0.2996936303532074,2.8535892956943467,Medical Instruments & Supplies,Healthcare,ANGO
2008Q2,2008,Q2,2008-01-09,2007-11-30,3100000.0,41497000.0,4790000.0,0.13,25455000.0,0.6134178374340313,392820000.0,345950000.0,134428000.0,39625000.0,46870000.0,27527000.0,-501000.0,462853849.14,457379849.14,14.507580551563997,3.392504731861199,0.044002342039611016,0.049963867610926437,0.008253557673690775,14.507580551563997,0.008960832490244255,11.15391110538111,37.32692331774194,1.3379212289059113,0.0,0.5827732771460747,0.0,0.10563871493304822,2.2861072555205046,0.007891655211038134,61.46797465338645,0.6134178374340313,0.3,0.4444444211829341,0.39089002224328245,2.989545141319534,0.13128305408648505,0.3025210084033613,0.36040897472309,0.4444444211829341,0.39089002224328245,2.989545141319534,Medical Instruments & Supplies,Healthcare,ANGO
2008Q1,2008,Q1,2007-10-10,2007-08-31,2380000.0,37526000.0,3521000.0,0.1,22501000.0,0.5996109364174173,385040000.0,340368000.0,126659000.0,37262000.0,44672000.0,30754000.0,-3601000.0,463861999.99999994,457795999.99999994,14.301176470588235,3.3991465836509045,0.04508622480781217,0.05100361961171438,0.00615005606633467,14.301176470588235,0.006992431720960843,12.361082982465488,48.724999999999994,1.362824942415268,0.0,0.48855433439552576,0.0,0.09746000415541242,2.3959798185819334,0.0061811759817161855,-140.863042818099,0.5996109364174173,-0.1666666666666666,0.4951660972404731,0.36896514116428725,2.994840702479995,-0.06432967398536261,-0.18660287081339713,-0.1267361111111111,0.4951660972404731,0.36896514116428725,2.994840702479995,Medical Instruments & Supplies,Healthcare,ANGO
2007Q4,2007,Q4,2007-05-31,2007-05-31,2926000.0,40855000.0,4032000.0,0.12,24048000.0,0.5886182841757435,383281000.0,335958000.0,127861000.0,20418000.0,47323000.0,28569000.0,-5981000.0,377230000.0,366347000.0,14.115882352941176,6.26217063375453,0.04547577364909818,0.0518814851856482,0.006923342886976014,14.115882352941176,0.00870942201108472,9.23338636641782,32.23086124401914,1.1228486894195109,0.0,0.5882950050754314,0.0,0.10659281310578922,4.520619061612303,0.007634085696916883,150.29083665338646,0.5886182841757435,1.1363636363636365,1.1484226619578413,0.42313057757682493,87.35978856024667,0.5078061320458963,1.1783602560195063,1.2007568213503286,-0.09518045582527972,0.38337020371857206,3.3138571715349223,Medical Instruments & Supplies,Healthcare,ANGO
2007Q3,2007,Q3,2007-02-28,2007-02-28,-16405000.0,26738000.0,-20084000.0,-0.88,15949000.0,0.596491884209739,377280000.0,331266000.0,121219000.0,15714000.0,46014000.0,27328000.0,-8907000.0,447409080.0,426857080.0,17.769831582318357,7.714076619574901,0.04638464800678541,0.05282763700470317,-0.04961901892847041,17.769831582318357,-0.04952213628926603,16.733079512304585,-6.818181651935386,1.3506036840484685,0.0,0.3947965456674473,0.0,0.07087044105173876,5.470154002800051,-0.04348229431721798,-113.12492541087231,0.596491884209739,-6.866666666666667,-51.285717054327954,0.964608520748473,0.0,0.11969952260600955,-7.685004074979625,-7.685752330226365,-16.218045483840665,0.13314034172402486,42.94689531110992,Medical Instruments & Supplies,Healthcare,ANGO
2007Q2,2007,Q2,2006-11-30,2006-11-30,2454000.0,24369000.0,3004000.0,0.15,14244000.0,0.584513110919611,149114000.0,131269000.0,123716000.0,11680000.0,17845000.0,18687000.0,7499000.0,,,,,,,,,,,,,,,,,,,,,,,,,,,,,,,Medical Instruments & Supplies,Healthcare,ANGO
2007Q1,2007,Q1,2006-08-31,2006-08-31,1898000.0,20265000.0,1823000.0,0.12,11926000.0,0.5885023439427585,141758000.0,127003000.0,121998000.0,8545000.0,14755000.0,18421000.0,5044000.0,,,,,,,,,,,,,,,,,,,,,,,,,,,,,,,Medical Instruments & Supplies,Healthcare,ANGO
