Quarters,Year,Quarter,FillingDate,Date,NetIncome,Revenue,OperatingIncome,EPSDiluted,GrossProfit,GrossProfitRatio,TotalAssets,CommonStockEquity,CurrentAssets,CurrentLiability,TotalLiability,Inventory,RetainedEarnings,MarketCap,EnterpriseValue,bookValuePerShare,currentRatio,debtToAssets,debtToEquity,roic,shareholdersEquityPerShare,roe,priceToSalesRatio,peRatio,pbRatio,payoutRatio,inventoryTurnover,dividendYield,assetTurnover,quickRatio,returnOnAssets,priceToFreeCashFlowsRatio,grossProfitMargin,epsdilutedGrowth,fiveYNetIncomeGrowthPerShare,fiveYRevenueGrowthPerShare,fiveYShareholdersEquityGrowthPerShare,grossProfitGrowth,netIncomeGrowth,operatingIncomeGrowth,threeYNetIncomeGrowthPerShare,threeYRevenueGrowthPerShare,threeYShareholdersEquityGrowthPerShare,Industry,Sector,Symbol
2023Q1,2023,Q1,2023-04-27,2023-03-31,298300000.0,7339000000.0,373500000.0,4.31,1252300000.0,0.1706363265,14395800000.0,4351400000.0,4822900000.0,4760900000.0,10044400000.0,3630400000.0,4635800000.0,9813252000.0,16612552000.0,62.88150289017341,1.0130227477997857,0.4792995179149474,1.5856735763202647,0.020290075003283472,62.88150289017341,0.06855264972192858,1.337137484670936,8.224314448541735,2.2551941903755113,0.14180355346966142,1.676592111062142,0.004310497682113941,0.5098014698731574,0.2144132411938919,0.020721321496547603,46.998333333333335,0.1706363264749966,0.02375296912114006,2.429413997957362,0.5870682530325222,1.1934814831487437,0.058400946585530765,0.0010067114093959733,0.11326378539493294,5.758150739929116,0.7160990464291405,0.8949175959714442,Auto & Truck Dealerships,Consumer Cyclical,PAG
2022Q4,2022,Q4,2023-02-21,2022-12-31,298000000.0,7011800000.0,335500000.0,4.21,1183200000.0,0.1687441171,14114600000.0,4174800000.0,4664200000.0,4713100000.0,9939800000.0,3509100000.0,4483300000.0,8137044000.000001,14984644000.0,58.96610169491525,0.9896246631728586,0.4926884219177306,1.6657324901791704,0.018889855738040147,58.96610169491525,0.07138066494203316,1.160478621751904,6.826379194630873,1.9490859442368498,0.13590604026845637,1.6609956969023396,0.004977237434134558,0.4967763875703173,0.21497528166175128,0.02111289019880124,49.61612195121952,0.16874411705981346,-0.08676789587852501,0.09401876164901234,0.574166514905081,1.1122626609150503,-0.0031173645631476956,-0.1237871214348721,-0.32752054519943874,2.3597746785889044,0.3632762320231468,0.711946318986764,Auto & Truck Dealerships,Consumer Cyclical,PAG
2022Q3,2022,Q3,2022-10-27,2022-09-30,340100000.0,6920700000.0,498900000.0,4.61,1186900000.0,0.1714999928,13588100000.0,4088000000.0,4210300000.0,4313400000.0,9500100000.0,3146900000.0,4504500000.0,7258160873.88,13710060873.880001,55.43853973367477,0.9760977419205268,0.4816125874846373,1.6008317025440313,0.028176686203855914,55.43853973367477,0.08319471624266145,1.0487610897568165,5.33531378556307,1.775479665821918,0.1152602175830638,1.8220470939654898,0.005400817187873218,0.5093206555736269,0.21412342931330272,0.02502925353802224,26.743407788798823,0.1714999927752973,-0.06490872210953336,3.20178652602066,0.46104722454546854,1.2932729278961186,-0.04050121261115602,-0.09064171122994652,-0.050799086757990865,2.242824575331608,0.28491166011713875,0.7163699633336726,Auto & Truck Dealerships,Consumer Cyclical,PAG
2022Q2,2022,Q2,2022-07-28,2022-06-30,374000000.0,6906900000.0,525600000.0,4.93,1237000000.0,0.1790962661,13504100000.0,4219400000.0,4132300000.0,4214800000.0,9284700000.0,3055200000.0,4506700000.0,7935502000.0,14064702000.0,55.66490765171504,0.9804261174907469,0.46534756111106995,1.4893349765369484,0.030752552584468133,55.66490765171504,0.088638195004029,1.148923829793395,5.304479946524064,1.8807181115798455,0.10160427807486631,1.8558195862791307,0.004788606946353236,0.5114668878340652,0.2204612318496726,0.02769529254078391,19.04368130549556,0.17909626605278778,0.02922755741127342,3.0001937897828057,0.45733858593744114,1.4153346514199792,0.0043029958593813426,0.012178619756427604,0.3074626865671642,2.4722551975308087,0.31238965472570024,0.747631450228054,Auto & Truck Dealerships,Consumer Cyclical,PAG
2022Q1,2022,Q1,2022-04-28,2022-03-31,369500000.0,6975400000.0,402000000.0,4.79,1231700000.0,0.1765776873,13665900000.0,4164400000.0,4265900000.0,4413200000.0,9501500000.0,3120000000.0,4336900000.0,7235184000.0,13484984000.0,53.943005181347154,0.9666228586966373,0.4697897686943414,1.5416626644894822,0.02297474425383146,53.943005181347154,0.08872826817788877,1.0372428821286235,4.895253044654939,1.7373892997790796,0.09851150202976997,1.8409294871794872,0.0050309708778657185,0.5104237554789659,0.2278392096437959,0.02703810213743698,22.30327990135635,0.17657768730108667,0.200501253132832,3.96010488150648,0.5221864059259332,1.4723034981652925,0.04452170963364993,0.1842948717948718,-0.08051235132662397,3.0315483023590124,0.3704901589415765,0.7237580029174996,Auto & Truck Dealerships,Consumer Cyclical,PAG
2021Q4,2021,Q4,2022-02-18,2021-12-31,312000000.0,6296100000.0,437200000.0,3.99,1179200000.0,0.1872905449,13464600000.0,4070000000.0,4075400000.0,4274600000.0,9369600000.0,3129000000.0,4196600000.0,8373882000.0,14675482000.0,52.11267605633803,0.9533991484583353,0.47549128826701126,1.573046683046683,0.025264506556023542,52.11267605633803,0.07665847665847667,1.3300109591651974,6.709841346153846,2.0574648648648646,0.11602564102564103,1.6353147970597635,0.0043229651432871875,0.4676039392183949,0.1952697328404997,0.023171872911189342,-64.96417377812257,0.18729054494051872,-0.10738255033557037,3.1206251375742897,0.4052278586015645,1.5358387115197898,0.0115810242772583,-0.12137426077161363,0.15722604552673372,2.45326896044043,0.25682098366342376,0.6937468589082308,Auto & Truck Dealerships,Consumer Cyclical,PAG
2021Q3,2021,Q3,2021-10-28,2021-09-30,355100000.0,6497300000.0,377800000.0,4.47,1165700000.0,0.17941298693303373,12719300000.0,3842100000.0,3576700000.0,3836700000.0,8852900000.0,2598400000.0,3921500000.0,7997700000.0,13681300000.0,48.32830188679245,0.9322334297703756,0.4562200750041276,1.5103198771505166,0.023568909930030038,48.32830188679245,0.0924234142786497,1.2309266926261677,5.630597014925373,2.0815960021863043,0.10166150380174599,2.051878078817734,0.004513797716843593,0.510822136438326,0.22334297703755832,0.027918203045765096,23.02821767923985,0.17941298693303373,0.06428571428571418,3.349257142857143,0.3515419547638578,1.3498095764165479,-0.014373890251120318,0.047801711419297725,-0.06183262974919295,1.9125960061443932,0.22620896294769874,0.5883067511278904,Auto & Truck Dealerships,Consumer Cyclical,PAG
2021Q2,2021,Q2,2021-07-29,2021-06-30,338900000.0,6987500000.0,402700000.0,4.2,1182700000.0,0.16925939177101967,13306800000.0,3738700000.0,4142300000.0,4402500000.0,9544100000.0,2936900000.0,3602500000.0,6092043000.0,12385843000.0,46.328376703841386,0.9408972174900625,0.48539092794661376,1.7276058523016022,0.023505021833891863,46.328376703841386,0.09064648139727713,0.8718487298747764,4.493982738270876,1.629454890737422,0.10504573620537032,1.9765058394906194,0.005843688233979964,0.5251074638530676,0.24497444633730836,0.025468181681546277,9.68374344301383,0.16925939177101967,0.8584070796460179,2.8312055609672053,0.4057205151428681,1.3303517707498942,0.2951160753394656,0.856986301369863,0.8337887067395264,1.6519901088359468,0.238964416305728,0.5769309706176989,Auto & Truck Dealerships,Consumer Cyclical,PAG
2021Q1,2021,Q1,2021-04-29,2021-03-31,182500000.0,5773800000.0,219600000.0,2.26,913200000.0,0.15816273511378987,13222000000.0,3462200000.0,4358900000.0,4588700000.0,9737300000.0,3277800000.0,3299200000.0,6467344000.0,11637244000.0,42.955334987593055,0.9499204567742497,0.39816215398578125,1.5205649586967824,0.014661793302376706,42.955334987593055,0.05271214834498296,1.1201191589594375,8.859375342465752,1.8679868291837558,0.18958904109589042,1.4828848617975472,0.005349955097486697,0.43668128876115564,0.2083596661363785,0.013802752987445167,32.84583037074657,0.15816273511378987,-0.09236947791164675,1.521246702693231,0.31107062039059763,1.2555637960302488,0.01647373107747106,-0.08841158841158842,-0.09443298969072166,0.801360288125828,0.07199190397481331,0.49840139893445384,Auto & Truck Dealerships,Consumer Cyclical,PAG
2020Q4,2020,Q4,2021-02-19,2020-12-31,200200000.0,5812100000.0,242500000.0,2.49,898400000.0,0.1545740782161353,13247200000.0,3302500000.0,4408800000.0,4674900000.0,9921100000.0,3425600000.0,3151300000.0,4774956000.0,10129156000.0,41.07587064676617,0.9430789963421677,0.40791261549610486,1.6362452687358062,0.01676822097128465,41.07587064676617,0.06062074186222559,0.8215543435247157,5.962732267732268,1.445861014383043,0.16933066933066934,1.4344056515646895,0.007099541859652738,0.43874177184612595,0.1831910843012685,0.015112627574128873,17.02301604278075,0.1545740782161353,-0.18892508143322465,2.1807463394266224,0.31908725933254095,1.0604475388669432,-0.06074228959749085,-0.18815896188158962,-0.14672765657987333,-0.35278319098237987,0.14903018254411526,0.47140518599387826,Auto & Truck Dealerships,Consumer Cyclical,PAG
2020Q3,2020,Q3,2020-10-27,2020-09-30,246600000.0,5971600000.0,284200000.0,3.07,956500000.0,0.1601748275169134,13009700000.0,3064300000.0,4349400000.0,4108500000.0,9926200000.0,3209700000.0,2985000000.0,3831863999.9999995,9406564000.0,38.11318407960199,1.0586345381526105,0.4356288000491941,1.849492543158307,0.020426795871957407,38.11318407960199,0.08047514930000327,0.6416812914461785,3.8846958637469586,1.2504859184805663,0.0,1.5624824749976634,0.0,0.4590113530673267,0.22901302178410612,0.018955087357894494,138.334440433213,0.1601748275169134,4.482142857142857,2.1911257798765984,0.34917728046928903,0.9331219801689594,0.7299692530294809,4.467849223946785,2.980392156862745,1.794238552997723,0.15624001489907632,0.5765915492283653,Auto & Truck Dealerships,Consumer Cyclical,PAG
2020Q2,2020,Q2,2020-07-31,2020-06-30,45100000.0,3651100000.0,71400000.0,0.56,552900000.0,0.15143381446687298,12876100000.0,2759900000.0,4418400000.0,4689500000.0,10098500000.0,3425900000.0,2738400000.0,3116155000.0,8630955000.0,34.28447204968944,0.9421899989337883,0.44066914671367885,2.055907822747201,0.004879943106320065,34.28447204968944,0.01634117178158629,0.8534838815699378,17.27358647450111,1.1290825754556324,0.0,0.9043463031612131,0.0,0.2835563563501371,0.19530866830152468,0.003502613368954885,5.976515151515152,0.15143381446687298,-0.12499999999999993,-0.4623998942777852,-0.16584165011415786,0.7660095819096496,-0.2881421398223252,-0.1276595744680851,-0.32894736842105265,-0.5457872758535987,-0.27460534880978715,0.4876243730677119,Auto & Truck Dealerships,Consumer Cyclical,PAG
2020Q1,2020,Q1,2020-05-06,2020-03-31,51700000.0,5009100000.0,106400000.0,0.64,776700000.0,0.15505779481343954,13816800000.0,2689700000.0,5396100000.0,5229300000.0,11109300000.0,4262700000.0,2693300000.0,2269495312.0,8298095312.0,33.18429414759681,1.031897194653204,0.4675829425047768,2.4019407368851544,0.006718810207825781,33.18429414759681,0.019221474513886307,0.45307446687029607,10.974348704061894,0.8437726556865078,0.6615087040618955,0.9928918291223873,0.015069429674151272,0.3625369115858954,0.20044747863002696,0.00374182155057611,12.181939409554483,0.15505779481343954,-0.488,-0.23406979921534202,0.24813571400991197,0.823601364123656,-0.10363531448355454,-0.4911417322834646,-0.3036649214659686,-0.33898243223758606,0.041128813092114976,0.5208949933256343,Auto & Truck Dealerships,Consumer Cyclical,PAG
2019Q4,2019,Q4,2020-02-21,2019-12-31,101600000.0,5891600000.0,152800000.0,1.25,866500000.0,0.14707379998642134,13942700000.0,2793400000.0,5334100000.0,5451000000.0,11131100000.0,4260700000.0,2675800000.0,4072842000.0,10300242000.0,34.4438964241677,0.9785543936892314,0.4486577205275879,2.2393856948521513,0.009782961354526776,34.4438964241677,0.03637144698217226,0.6912964220245774,10.021756889763779,1.4580231975370515,0.3297244094488189,1.1794071396718848,0.008225214727210139,0.4225580411254635,0.18132452760961293,0.007286967373607694,-20.47683257918552,0.14707379998642134,-0.11971830985915488,0.574921421402787,0.5233162626772735,0.881059145132633,-0.003679429688398298,-0.12564543889845095,-0.09799291617473435,0.2922079279160933,0.266305715294362,0.6760637245639887,Auto & Truck Dealerships,Consumer Cyclical,PAG
2019Q3,2019,Q3,2019-10-30,2019-09-30,116200000.0,5967600000.0,169400000.0,1.42,869700000.0,0.14573697969032778,13689500000.0,2638900000.0,5187500000.0,5346500000.0,11030400000.0,4043900000.0,2607700000.0,3862776000.0,9909876000.0,32.299877600979194,0.9702609183578041,0.447393988093064,2.3208912804577664,0.01117798882301234,32.299877600979194,0.04403349880632081,0.6472913734164488,8.310619621342513,1.4637826367046876,0.2822719449225473,1.260639481688469,0.008491302627954611,0.43592534424193724,0.19541756289161133,0.008488257423572811,12.786415094339622,0.14573697969032778,0.0,0.7239138113740727,0.49296462596542046,0.7807429924711039,0.0021894445724821385,-0.013582342954159592,-0.013969732246798603,0.38489106487148106,0.20792894774854218,0.5704785548156294,Auto & Truck Dealerships,Consumer Cyclical,PAG
2019Q2,2019,Q2,2019-07-31,2019-06-30,117800000.0,5755800000.0,171800000.0,1.42,867800000.0,0.15076965843149517,13361100000.0,2640500000.0,5075300000.0,5169900000.0,10700100000.0,3978000000.0,2524300000.0,3979200000.0,9928700000.0,31.851628468033777,0.9817017737286988,0.4485633667886626,2.269759515243325,0.011602548972737846,31.851628468033777,0.04461276273433062,0.6913374335452934,8.444821731748727,1.5069873130088998,0.27419354838709675,1.2287581699346406,0.008117209489344591,0.43078788423108877,0.19114489641965995,0.00881663934855663,28.042283298097253,0.15076965843149517,0.19327731092436976,0.7621045072235708,0.4243152007020344,0.7677966684124836,0.019142689371697004,0.17564870259481039,0.08254568367989919,0.2963676357701761,0.12720228666732064,0.6021605780889735,Auto & Truck Dealerships,Consumer Cyclical,PAG
2019Q1,2019,Q1,2019-04-26,2019-03-31,100200000.0,5564400000.0,158700000.0,1.19,851500000.0,0.15302638199985624,13574900000.0,2641200000.0,5283200000.0,5376100000.0,10914000000.0,4104100000.0,2438800000.0,3775211999.9999995,9811412000.0,31.29383886255924,0.9827198154796227,0.4478633360098417,2.3018703619566865,0.010590261974539768,31.29383886255924,0.03793730122671513,0.6784580547767952,9.419191616766465,1.4293548387096773,0.3213572854291417,1.1483394654126362,0.008529322326799132,0.40990357203367983,0.20044270009858448,0.007381269843608425,133.8727659574468,0.15302638199985624,0.025862068965517265,0.5912704838335967,0.4735263167253619,0.8086561840439309,0.05370622447716867,0.021406727828746176,0.1617862371888726,0.3219431877267323,0.20663324396119176,0.6432242932706832,Auto & Truck Dealerships,Consumer Cyclical,PAG
2018Q4,2018,Q4,2019-02-22,2018-12-31,98100000.0,5439300000.0,136600000.0,1.16,808100000.0,0.14856691118342433,10904500000.0,2609100000.0,5095200000.0,5048300000.0,8269800000.0,4040100000.0,2365800000.0,3419136000.0,7025036000.0,30.767688679245282,1.0092902561258246,0.3342931817139713,1.3971484419914912,0.016730090790786845,30.767688679245282,0.03759917212832011,0.628598532899454,8.713394495412844,1.310465677819938,0.3211009174311927,1.1463082596965422,0.009212853773584906,0.49881241689210876,0.19184676029554504,0.008996285936998487,-88.57865284974093,0.14856691118342433,-0.24183006535947718,0.7655392163625454,0.5346520530636956,0.8484037063701193,-0.05219329110954727,-0.2465437788018433,-0.16656497864551556,0.4777268579403634,0.17042518102863596,0.5433685864128176,Auto & Truck Dealerships,Consumer Cyclical,PAG
2018Q3,2018,Q3,2018-10-26,2018-09-30,130200000.0,5658600000.0,163900000.0,1.53,852600000.0,0.15067331141978582,10526900000.0,2583300000.0,4866200000.0,4825900000.0,7914900000.0,3783400000.0,2299200000.0,4055673000.0000005,7463073000.0,30.42756183745583,1.0083507739489008,0.3272568372455329,1.3335655943947664,0.022498380833546265,30.42756183745583,0.05040065033097201,0.7167272823666632,7.787390552995392,1.5699581930089421,0.2357910906298003,1.2702859861500237,0.007569643805109534,0.5375371666872488,0.20535029735386146,0.012368313558597499,82.26517241379311,0.15067331141978582,-0.031645569620253194,1.1200253886452127,0.5727215203335394,0.9012051070510367,-0.041807147673634526,-0.03268945022288262,-0.13142554319024907,0.595549172100311,0.21069755019614833,0.5433029281438697,Auto & Truck Dealerships,Consumer Cyclical,PAG
2018Q2,2018,Q2,2018-07-27,2018-06-30,134600000.0,5940300000.0,188700000.0,1.58,889800000.0,0.14979041462552398,10570500000.0,2497200000.0,4958000000.0,4906400000.0,8044700000.0,3895100000.0,2199700000.0,3982250000.0,7414050000.0,29.378823529411765,1.0105168759171694,0.3289910600255428,1.3925997116770783,0.02423367701668232,29.378823529411765,0.053900368412622135,0.6703786004073868,7.396452451708767,1.5946860483741792,0.2213967310549777,1.2966290980976098,0.00748320672986377,0.5619696324677168,0.19676341105494863,0.012733550920013244,21.159670563230605,0.14979041462552398,0.253968253968254,1.3049002857646719,0.7060681384044694,0.9622604795890133,0.02938454419250347,0.24514338575393155,0.07398975526465566,0.5195143929912389,0.2853165704745319,0.5133172761994981,Auto & Truck Dealerships,Consumer Cyclical,PAG
2018Q1,2018,Q1,2018-04-27,2018-03-31,108100000.0,5746900000.0,175700000.0,1.26,864400000.0,0.15041152621413284,10843000000.0,2465400000.0,5165400000.0,5138800000.0,8348600000.0,3972200000.0,2094900000.0,3812380000.0,7394580000.0,28.667441860465118,1.0051763057523158,0.33523932491008024,1.4744057759389957,0.02149625579236752,28.667441860465118,0.043846840269327496,0.663380257182133,8.816790009250694,1.5463535328952704,0.27012025901942643,1.2291677156235838,0.007659257471710585,0.5300101447938762,0.21176150073947225,0.0099695656183713,34.5950998185118,0.15041152621413284,-0.6727272727272727,0.9710234147136257,0.7772256251939157,0.9922977529937563,0.06940492391438823,-0.67252347773402,0.2824817518248175,0.5093749999999998,0.34961083402294735,0.5753833982473223,Auto & Truck Dealerships,Consumer Cyclical,PAG
2017Q4,2017,Q4,2018-02-22,2017-12-31,330100000.0,5398000000.0,137000000.0,3.85,808300000.0,0.14974064468321602,10540600000.0,2395200000.0,5026500000.0,5000400000.0,8112600000.0,3944100000.0,2009400000.0,4105530000.0,7641630000.0,27.916083916083917,1.0052195824334054,0.33980987799556,1.4954074816299265,0.05896330084955,27.916083916083917,0.13781730126920508,0.7605650240829936,3.10930778551954,1.714065631262525,0.08573159648591336,1.1636875332775538,0.0068931416893799335,0.5121150598637648,0.20010399168066556,0.031317002827163536,45.97458006718925,0.14974064468321602,2.5,6.147848951394291,0.7994142532659289,0.9326346751625558,-0.01738390469243861,2.496822033898305,-0.09986859395532194,3.8366456754550002,0.31923836207853545,0.5245605288080747,Auto & Truck Dealerships,Consumer Cyclical,PAG
2017Q3,2017,Q3,2017-10-26,2017-09-30,94400000.0,5524400000.0,152200000.0,1.1,822600000.0,0.14890304829483744,10282300000.0,2079000000.0,4842800000.0,4676600000.0,8170300000.0,3770300000.0,1707600000.0,4091020000.0,7680420000.0,24.174418604651162,1.035538639182312,0.3527031889752293,1.7443963443963444,0.01809097560473345,24.174418604651162,0.04540644540644541,0.7405365288538122,10.83426906779661,1.9677825877825879,0.2934322033898305,1.247062567965414,0.006770927543742147,0.537272789161958,0.20869862720780055,0.009180825301732103,51.33023839397742,0.14890304829483744,-0.10569105691056901,1.4147713611886192,0.70467810853241,0.7361441511346843,0.006484766915453322,-0.1111111111111111,-0.11511627906976744,0.3304697986577181,0.3129812806989746,0.3327736736064472,Auto & Truck Dealerships,Consumer Cyclical,PAG
2017Q2,2017,Q2,2017-07-28,2017-06-30,106200000.0,5383400000.0,172000000.0,1.23,817300000.0,0.1518185533306089,9711900000.0,1984300000.0,4664500000.0,4559700000.0,7695200000.0,3711900000.0,1640900000.0,3780650999.9999995,7150551000.0,23.04645760743322,1.0229839682435249,0.3491180922373583,1.7087134001915032,0.021762036487589474,23.04645760743322,0.05352013304439853,0.7022794144964148,8.899837570621468,1.9052819634127902,0.2523540489642185,1.2301247339637382,0.007088726253758943,0.5543096613433005,0.1860648726889927,0.010935038457974238,71.60323863636363,0.1518185533306089,0.28125000000000006,1.2697410053682898,0.6748268267866007,0.7246931724485332,0.05553403073744027,0.2857142857142857,0.14513981358189082,0.5295450309000447,0.28265082150933346,0.27910103616893595,Auto & Truck Dealerships,Consumer Cyclical,PAG
2017Q1,2017,Q1,2017-04-27,2017-03-31,82600000.0,5081100000.0,150200000.0,0.96,774300000.0,0.15238826238412942,9395400000.0,1867700000.0,4589500000.0,4420200000.0,7498500000.0,3565800000.0,1561500000.0,4006936000.0,7268536000.0,21.81892523364486,1.0383014343242387,0.354833216254763,1.7849761739037318,0.01935892127841415,21.81892523364486,0.04422551801681212,0.7885961701206432,12.127530266343825,2.145385233174493,0.3099273607748184,1.2078075046272927,0.0063889216099283835,0.5408072035251293,0.2091308085606986,0.008791536283713307,25.901331609566903,0.15238826238412942,-0.010309278350515474,0.8619323464934606,0.653875676480866,0.6735565342169825,0.0646225766533755,0.0,0.19968051118210864,0.2933766464520595,0.3266793791822891,0.2610448410098519,Auto & Truck Dealerships,Consumer Cyclical,PAG
2016Q4,2016,Q4,2017-02-24,2016-12-31,82600000.0,4887800000.0,125200000.0,0.97,727300000.0,0.1487990506976554,8861100000.0,1750900000.0,4421500000.0,4229600000.0,7081600000.0,3408200000.0,1504500000.0,4416768000.0,7503168000.0,20.550469483568076,1.0453707206355212,0.35101736804685646,1.7764578216917013,0.018514497289716655,20.550469483568076,0.04717573819178708,0.9036310814681452,13.367941888619855,2.522570106802216,0.30024213075060535,1.2207323513878294,0.005614965513244073,0.5516019455823769,0.21349536599205599,0.009321641782622925,-35.967166123778505,0.1487990506976554,-0.05825242718446607,0.8409555128212323,0.7714765035859327,0.6381436930465983,-0.022708949207202365,-0.056,-0.11519434628975266,0.4796011699074819,0.3725766188780704,0.23459270395884127,Auto & Truck Dealerships,Consumer Cyclical,PAG
2016Q3,2016,Q3,2016-10-27,2016-09-30,87500000.0,5152000000.0,141500000.0,1.03,744200000.0,0.14444875776397514,8559400000.0,1752300000.0,4335800000.0,4162800000.0,6770700000.0,3279700000.0,1446700000.0,4104936000.0,7038236000.0,20.566901408450704,1.0415585663495723,0.35314391195644557,1.7249900131256064,0.020135296650582918,20.566901408450704,0.049934371968270275,0.7967655279503105,11.728388571428571,2.3425988700564973,0.27314285714285713,1.3439643869866147,0.00582225886103949,0.6019113489263266,0.22660228692226386,0.01022267915975419,26.03003170577045,0.14444875776397514,-0.06363636363636369,0.6855908188643954,0.8735002274151863,0.6966737518923344,-0.03513548554388694,-0.06417112299465241,-0.13772090188909203,0.4197315258845298,0.42687780993869584,0.28508153899560373,Auto & Truck Dealerships,Consumer Cyclical,PAG
2016Q2,2016,Q2,2016-07-29,2016-06-30,93500000.0,5254100000.0,164100000.0,1.1,771300000.0,0.146799642184199,8075200000.0,1695800000.0,4385600000.0,4041600000.0,6342300000.0,3351800000.0,1383100000.0,2683538000.0,5216238000.0,19.88042203985932,1.085114806017419,0.32571329502674856,1.5510083736289657,0.025429934228012777,19.88042203985932,0.05513621889373747,0.5107512228545327,7.175235294117647,1.5824613751621655,0.24705882352941178,1.3374306342860554,0.008608039088695596,0.6506464236179909,0.22894398258115597,0.011578660590449772,28.917435344827584,0.146799642184199,0.2222222222222223,1.564936161789058,0.9740548857611181,0.6486606754260907,0.06562586349820393,0.17906683480453972,0.13879250520471895,0.5954697972817491,0.5036827680225361,0.3278464485588413,Auto & Truck Dealerships,Consumer Cyclical,PAG
2016Q1,2016,Q1,2016-04-27,2016-03-31,79300000.0,4824600000.0,144100000.0,0.9,723800000.0,0.15002279981760147,8172900000.0,1681600000.0,4505900000.0,4438900000.0,6448900000.0,3513400000.0,1312700000.0,3346570000.0,5872870000.0,19.044167610419027,1.0150938295523666,0.31468634144550894,1.5294362511893436,0.022717510230606863,19.044167610419027,0.047157469077069455,0.6936471417319571,10.550346784363178,1.9901106089438627,0.2938209331651955,1.1671884783969944,0.00696235249822953,0.5903167786220314,0.19851765076933475,0.009702798272339072,92.19201101928374,0.15002279981760147,0.15384615384615383,1.449978187462048,0.769924970027639,0.6089862708844085,0.009343187839910751,0.12802275960170698,0.14274385408406026,0.40824113024662423,0.4531417698741963,0.3235102218938873,Auto & Truck Dealerships,Consumer Cyclical,PAG
2015Q4,2015,Q4,2016-02-25,2015-12-31,70300000.0,4921300000.0,126100000.0,0.78,717100000.0,0.1457135309775872,8022700000.0,1790200000.0,4408100000.0,4286900000.0,6187800000.0,3463500000.0,1256700000.0,3802132000.0000005,6156432000.0,19.93541202672606,1.0282721780307449,0.3012327520660127,1.3499608982236622,0.021344207578003607,19.93541202672606,0.03926935537928723,0.7725869180907485,13.52109530583215,2.12385878672774,0.3200568990042674,1.213858813339108,0.005917732472202437,0.6134219153152929,0.19704215167137093,0.00876263602029242,-115.21612121212122,0.1457135309775872,-0.18749999999999994,1.530171302916025,0.8242118690793246,0.763591569828204,-0.01659352715304443,-0.18822170900692842,-0.1363013698630137,0.4544410323821358,0.5674332939496592,0.38013156366482714,Auto & Truck Dealerships,Consumer Cyclical,PAG
2015Q3,2015,Q3,2015-10-30,2015-09-30,86600000.0,4960100000.0,146000000.0,0.96,729200000.0,0.14701316505715611,7674900000.0,1776400000.0,4137900000.0,4047300000.0,5853800000.0,3188400000.0,1208900000.0,4364444000.0,6572244000.0,19.715871254162042,1.0223852938996367,0.2941406402689286,1.2708286421977033,0.024520725137522143,19.715871254162042,0.048750281468137806,0.8799104856756921,12.599434180138568,2.456903850484125,0.24942263279445728,1.326966503575461,0.004949084007035032,0.6462755215051662,0.20388901242803845,0.011283534638887803,120.89872576177285,0.14701316505715611,-0.07692307692307698,1.9543221760434386,0.8404334793589618,0.782875987773294,-0.0005482456140350877,-0.07872340425531915,-0.08233815210559396,1.1144410153488074,0.46090292961504453,0.41594282461263016,Auto & Truck Dealerships,Consumer Cyclical,PAG
2015Q2,2015,Q2,2015-07-30,2015-06-30,94000000.0,4904400000.0,159100000.0,1.04,729600000.0,0.1487643748470761,7433900000.0,1751100000.0,3983600000.0,3940200000.0,5654900000.0,3055400000.0,1143900000.0,4700322000.0,6868422000.0,19.413525498891353,1.0110146693061266,0.2965872556800603,1.25909428359317,0.026896235238458778,19.413525498891353,0.05368054365827194,0.9583887937362369,12.500856382978721,2.6842110673291075,0.22127659574468084,1.3663677423577927,0.004425228739648049,0.6597344597048656,0.1968174204355109,0.01264477595878341,479.624693877551,0.1487643748470761,0.2530120481927712,2.261567669142637,0.8530212826942187,0.867121199473147,0.05938725134311021,0.25,0.1733038348082596,0.917680510442135,0.45645059117030046,0.4528208825591611,Auto & Truck Dealerships,Consumer Cyclical,PAG
2015Q1,2015,Q1,2015-05-01,2015-03-31,75200000.0,4471100000.0,135600000.0,0.83,688700000.0,0.15403368298628972,7227600000.0,1643200000.0,3867800000.0,3812100000.0,5556200000.0,2885700000.0,1070700000.0,4649547000.0,6812847000.0,18.197120708748617,1.014611369061672,0.3085533233715203,1.3571689386562804,0.0232889278687589,18.197120708748617,0.045764362220058426,1.0399112075328218,15.457270611702127,2.8295685248296008,0.2646276595744681,1.3107391620750597,0.004279986846030376,0.6186147545519951,0.21332074184832506,0.010404560296640655,26.783104838709676,0.15403368298628972,0.037499999999999895,2.7596599981000742,0.8254993070730063,0.7797287002278875,0.10350905303637238,0.04735376044568245,0.1281198003327787,0.606895758590545,0.3795756348678349,0.3957566626197234,Auto & Truck Dealerships,Consumer Cyclical,PAG
2014Q4,2014,Q4,2015-02-26,2014-12-31,71800000.0,4304600000.0,120200000.0,0.8,624100000.0,0.14498443525530827,7228200000.0,1652800000.0,3867700000.0,3630300000.0,5547000000.0,2819200000.0,1015400000.0,4429212721.43,6666012721.43,18.310905594485742,1.0653940445693193,0.3144766331866855,1.3753025169409487,0.020943350154444974,18.310905594485742,0.043441432720232334,1.0289487342447614,15.422049865703343,2.6798237665960793,0.2646239554317549,1.305512202043133,0.004289701397287084,0.5955286240004427,0.20320634658292702,0.00993331673168977,77.2986513338569,0.14498443525530827,-0.03614457831325291,2.89723340368521,0.773623392025429,0.7778536484045625,-0.052527706087748594,-0.036241610738255034,-0.0609375,0.5104863495281833,0.47259690975660906,0.4596208878616069,Auto & Truck Dealerships,Consumer Cyclical,PAG
2014Q3,2014,Q3,2014-10-29,2014-09-30,74500000.0,4417900000.0,128000000.0,0.83,658700000.0,0.14909798773172775,6682300000.0,1637900000.0,3419300000.0,3305200000.0,5026900000.0,2479000000.0,962600000.0,3665277000.0000005,5641777000.0,18.13842746400886,1.0345213602807697,0.31830357810933363,1.2986140790036023,0.02252895883248791,18.13842746400886,0.04548507234873924,0.8296423640191042,12.299587248322148,2.237790463398254,0.24161073825503357,1.516417910447761,0.004910952159959533,0.6611346392709098,0.2403182863366816,0.011148855932837496,200.28836065573773,0.14909798773172775,0.024691358024691242,1.7529804685375168,0.7299219925191922,0.8134919627611152,-0.012295696506222822,0.02194787379972565,-0.06020558002936858,0.354104624415107,0.5158129797247429,0.4963359413072199,Auto & Truck Dealerships,Consumer Cyclical,PAG
2014Q2,2014,Q2,2014-07-31,2014-06-30,72900000.0,4406700000.0,136200000.0,0.81,666900000.0,0.15133773572060727,6742300000.0,1628800000.0,3482300000.0,3523500000.0,5095600000.0,2615900000.0,906100000.0,4474800000.0,6435800000.0,18.01769911504425,0.9883070810273875,0.29995698797146375,1.2416502946954813,0.0247771079290612,18.01769911504425,0.04475687622789784,1.015453740894547,15.34567901234568,2.7472986247544204,0.23731138545953362,1.4296418058794296,0.0038660945740591757,0.6535900212093796,0.19940400170285227,0.01081233406997612,108.34866828087166,0.15133773572060727,0.08000000000000007,4.242705903539256,0.9236870716569793,0.8438230408270649,0.06875,0.08,0.13784461152882205,0.8870051204846228,0.5622659788647656,0.4941871924587739,Auto & Truck Dealerships,Consumer Cyclical,PAG
2014Q1,2014,Q1,2014-05-05,2014-03-31,67500000.0,4048000000.0,119700000.0,0.75,624000000.0,0.1541501976284585,6612200000.0,1565400000.0,3437300000.0,3463100000.0,5029000000.0,2547300000.0,850500000.0,3868656780.3199997,5797856780.32,17.302259621610393,0.9925500274320695,0.3000665436617162,1.2674715727609556,0.022292082131804187,17.302259621610393,0.043119969336910695,0.9556958449407114,14.328358445629629,2.4713535072952597,0.24,1.3441683350999096,0.0041874999308312896,0.6122016877892381,0.2115445698940256,0.01020840264964762,51.650958348731635,0.1541501976284585,0.1363636363636363,3.1918373272455396,0.8968038270982494,0.9185933624299575,0.08208968165060296,0.1398368766780932,0.11535594483786805,1.0353120402208278,0.44934656674368106,0.46181753678843207,Auto & Truck Dealerships,Consumer Cyclical,PAG
2013Q4,2013,Q4,2014-03-03,2013-12-31,59219000.0,3777483000.0,107320000.0,0.66,576662000.0,0.15265773532270033,6415500000.0,1504400000.0,3346600000.0,3331800000.0,4893400000.0,2538300000.0,799200000.0,4262251569.12,6198851569.12,16.645545869233636,1.0044420433399364,0.30962512664640324,1.3203935123637331,0.021061624010276687,16.645545869233636,0.039363865993086944,1.12833110542655,17.993598208007562,2.8331903543738366,0.25898782485350985,1.2610097309222708,0.003598332888447158,0.5888057049333645,0.19689056966204455,0.009230613358272933,-116.16929869501226,0.15265773532270033,-0.08333333333333326,1.119498335537245,0.856034042138888,0.9751195419181985,-0.005597439593866613,-0.09277671390271927,-0.023795662931159946,1.1177111529768515,0.3912622752755915,0.4725526781595281,Auto & Truck Dealerships,Consumer Cyclical,PAG
2013Q3,2013,Q3,2013-10-30,2013-09-30,65275000.0,3824143000.0,109936000.0,0.72,579908000.0,0.15164391080563672,6010804000.0,1444185000.0,3037375000.0,3044205000.0,4553413000.0,2293390000.0,755344000.0,3855827009.9999995,5647741010.0,16.004355197978658,0.9977563928841848,0.30994439346217245,1.2900113212642426,0.022487816014206956,16.004355197978658,0.045198502961878155,1.0082852576381165,14.7676254691689,2.669898254032551,0.22132516277288394,1.4146024008127707,0.0037467967215676517,0.6362115617145393,0.216612218953717,0.01085961212510007,27.713843240135123,0.15164391080563672,0.04347826086956526,1.7779180065522056,0.31523407960914596,0.06946329526551476,0.01912927948430907,0.05210986106186132,-0.033164185142515415,1.2234480432878196,0.41678502897723113,0.4472492853313464,Auto & Truck Dealerships,Consumer Cyclical,PAG
2013Q2,2013,Q2,2013-08-01,2013-06-30,62042000.0,3699175000.0,113707000.0,0.69,569023000.0,0.15382429866118796,5537632000.0,1352040000.0,2806873000.0,2837031000.0,4181367000.0,2125771000.0,704516000.0,2790424500.0,4437503500.0,14.971928464647583,0.9893698729411134,0.3021748285187604,1.2376357208366617,0.02432077425205597,14.971928464647583,0.0458876956303068,0.754336980542959,11.244094726153252,2.0638623857282328,0.2185616195480481,1.4724784560519455,0.004859475681925815,0.6680066497737661,0.1962971148358971,0.01120370584394196,176.0631270111679,0.15382429866118796,0.07812499999999989,0.6287427672112978,0.15124826268090555,-0.049228583354790294,0.06761140515622333,0.0759225860155383,0.08059795107673008,1.1502010510328546,0.396028040425312,0.43994479698884875,Auto & Truck Dealerships,Consumer Cyclical,PAG
2013Q1,2013,Q1,2013-04-30,2013-03-31,57664000.0,3399867000.0,105226000.0,0.64,532987000.0,0.15676701470969306,5414982000.0,1301080000.0,2780775000.0,2797751000.0,4109406000.0,2023529000.0,656034000.0,2967617220.0,4571942220.0,14.389135267249864,0.9939322691690575,0.3021158703759311,1.2573800227503305,0.02394683718276942,14.389135267249864,0.044320103298797923,0.8728627384541807,12.865987531215318,2.2808875856980353,0.21947835738068813,1.4167723813199613,0.0042647009576255255,0.6278630289075753,0.19990699672701395,0.010648973533060683,92.99668515558898,0.15676701470969306,0.18518518518518512,0.7730641686123494,0.10690223934427098,-0.0628803466834088,0.1026389503779682,0.1865264717381016,0.1372341345322497,1.8790813783695175,0.3862694794636968,0.40729719918129437,Auto & Truck Dealerships,Consumer Cyclical,PAG
2012Q4,2012,Q4,2013-02-28,2012-12-31,48599000.0,3156886000.0,92528000.0,0.54,483374000.0,0.15311734411695577,5378990000.0,1304215000.0,2773083000.0,2693556000.0,4062669000.0,1991167000.0,611026000.0,2716856190.0,4327241190.0,14.44457365628911,1.0295249105643247,0.30751832593107625,1.268301622048512,0.021162537835067854,14.44457365628911,0.037263027951679746,0.8606127018840718,13.975885254840634,2.0831352116023814,0.24167163933414268,1.342685972597979,0.004323011296376345,0.5868919629893344,0.2214993859418553,0.009034967531079255,3391.8304494382023,0.15311734411695577,0.20000000000000004,0.7252804749907518,0.06852101814487613,-0.0423118783845957,-0.05405521765336715,0.18444590675343034,0.057136654975036276,1.63709225199785,0.3003298236595705,0.4024613824788414,Auto & Truck Dealerships,Consumer Cyclical,PAG
2012Q3,2012,Q3,2012-11-02,2012-09-30,41031000.0,3401409000.0,87527000.0,0.45,510996000.0,0.15023068381367838,5024180000.0,1256854000.0,2525687000.0,2542406000.0,3755789000.0,1864773000.0,566556000.0,2706114720.0,5470201720.0,13.924200124080475,0.9934239456640678,0.5553188779064444,2.2198457418284065,0.015803824047976,13.924200124080475,0.03264579656825693,0.7955863937562345,16.488232799590556,2.153085974981979,0.2642392337500914,1.550007963435764,0.004006482031183068,0.6770077903259836,0.20913457567359423,0.008166705810699457,135.5157854674746,0.15023068381367838,-0.1666666666666667,-0.012899191557299926,0.04268951390803099,-0.06517330847592158,-0.004690263418282678,-0.16420190662429723,-0.030719482619240096,0.5168133217717253,0.3324246858561608,0.39215072877747287,Auto & Truck Dealerships,Consumer Cyclical,PAG
2012Q2,2012,Q2,2012-08-03,2012-06-30,49092000.0,3372479000.0,90301000.0,0.54,513404000.0,0.15223341642750035,4892865000.0,1207141000.0,2463506000.0,2499639000.0,3681620000.0,1830841000.0,536367000.0,1918757879.9999998,4571219880.0,13.362642106777953,0.9855447126565076,0.5497149420635967,2.2281415344189286,0.015083241875997614,13.362642106777953,0.0406679915602237,0.5689458347998608,9.771235028110485,1.5895060146246378,0.2025788315815204,1.5616184037827425,0.005183040603330318,0.6892646741735159,0.20068617908425976,0.010033385347848346,41.58195821775312,0.15223341642750035,0.03846153846153849,0.266274910010929,0.0380942055856939,-0.06779849395166218,0.013444717949122865,0.04857106241189286,-0.04551460251355608,2.5329822848786385,0.4732381660746449,0.36745248355439614,Auto & Truck Dealerships,Consumer Cyclical,PAG
2012Q1,2012,Q1,2012-05-04,2012-03-31,46818000.0,3242288000.0,94607000.0,0.52,506593000.0,0.15624552784946927,4834765000.0,1177778000.0,2415600000.0,2414664000.0,3652568000.0,1770235000.0,497220000.0,2225024940.0,4870462940.0,13.037459319444752,1.0003876315711007,0.553740667850454,2.273099005075659,0.01597637970748556,13.037459319444752,0.03975112457525951,0.6862514804360378,11.881247276688452,1.889171762420422,0.1916570549788543,1.5453852172169231,0.004032763785560085,0.6706195647565083,0.217181769389033,0.009683614405250307,23.372110714285714,0.15624552784946927,-0.018867924528301903,2.333996724272794,0.08496424506492446,-0.06138225444649366,0.1224746187832083,-0.018222995785014785,0.30478016218899984,1.9118267991830293,0.5215475743133398,0.4456830183033153,Auto & Truck Dealerships,Consumer Cyclical,PAG
2011Q4,2011,Q4,2012-02-24,2011-12-31,47687000.0,2932522000.0,72508000.0,0.53,451318000.0,0.15390097670196506,4502299000.0,1135985000.0,2192600000.0,2149672000.0,3361886000.0,1605280000.0,459375000.0,1743145250.0,4266505250.0,12.544973661833401,1.019969558146545,0.5669272520550057,2.2469275562617463,0.013038236495498748,12.544973661833401,0.041978547251944345,0.5944184732458955,9.138471963008787,1.534479108438932,0.1704028351542349,1.5456518488986346,0.0046616884049106065,0.6513387938028994,0.22040060064977354,0.010591699929302785,-13.39253253737765,0.15390097670196506,-0.13114754098360648,0.6513164280614799,0.1764401913606029,-0.09224039099085275,-0.03380167713179207,-0.14396754447376453,-0.08316368464310551,1.096042449603764,0.43809354791028066,0.48855572697881294,Auto & Truck Dealerships,Consumer Cyclical,PAG
2011Q3,2011,Q3,2011-11-07,2011-09-30,55707000.0,2951046000.0,79085000.0,0.61,467107000.0,0.15828523174494738,4295469000.0,1108317000.0,2017345000.0,2018145000.0,3183051000.0,1481629000.0,419814000.0,1462896000.0,3806875000.0,12.12189519965876,0.9996035963719158,0.5474871312073257,2.1218784878333548,0.018520770679806835,12.12189519965876,0.0502626956006269,0.49572117818563316,6.565135440788411,1.3199256169489415,0.13235320516272642,1.6764918883202204,0.0050400028436744645,0.6870136881444145,0.19466985771587275,0.01296878175584552,16.478136475252878,0.15828523174494738,0.41860465116279066,0.6863683587387971,-0.01771742429292136,-0.0971118392858674,0.0074777844879648,0.408164812942366,0.11079118502184081,1.3397717441778245,0.0016963412161593557,-0.18997536453529734,Auto & Truck Dealerships,Consumer Cyclical,PAG
2011Q2,2011,Q2,2011-08-02,2011-06-30,39560000.0,2888420000.0,71197000.0,0.43,463640000.0,0.16051682234578074,4086879000.0,1116258000.0,1974147000.0,1928249000.0,2966648000.0,1456409000.0,371480000.0,2105041799.9999998,4235632800.0,12.058528680998164,1.0238029424623065,0.5221434253375253,1.9116879789439358,0.014413690130896606,12.058528680998164,0.03543983559356349,0.7287866030563421,13.30284251769464,1.8858022070166574,0.0,1.6649031968355044,0.0,0.7067544696087161,0.19143793151195723,0.009679758074560074,-121.13256991598571,0.16051682234578074,0.16216216216216217,0.08917239433162183,-0.0006233857384902719,-0.07663490113871446,0.020606279400984858,0.16603295310519645,-0.017904683081591835,0.013128486914925285,-0.12306786057688011,-0.2342399695696527,Auto & Truck Dealerships,Consumer Cyclical,PAG
2011Q1,2011,Q1,2011-05-03,2011-03-31,33927000.0,2857202000.0,72495000.0,0.37,454279000.0,0.15899435881677249,4219836000.0,1095481000.0,2117580000.0,2021209000.0,3120799000.0,1536379000.0,338413000.0,1852931080.0,4128568080.0,11.836128098191326,1.0476798787260495,0.5476198601083075,2.1094532903811203,0.01487420333386599,11.836128098191326,0.030969957488993418,0.6485124537922065,13.653808765879681,1.691431508168558,0.0,1.564017081722674,0.0,0.6770883986960631,0.22733522362110994,0.008039885910258124,-170.27486491453777,0.15899435881677249,0.19583885790452132,0.41543668841046755,0.0743626521126353,-0.05356961898789294,0.05322229512453544,0.19004524886877827,0.2273350601858906,0.019152701678951074,-0.09121239239122823,-0.22914976793405586,Auto & Truck Dealerships,Consumer Cyclical,PAG
2010Q4,2010,Q4,2011-02-28,2010-12-31,28509000.0,2768096000.0,59067000.0,0.309406236094681,431323000.0,0.15581937909667873,4069832000.0,1041550000.0,2008443000.0,1958792000.0,3023979000.0,1524226000.0,304486000.0,1605096220.0000002,3847068220.0,11.303871240815706,1.0253477653574243,0.5549597624668536,2.1684921511209256,0.012152734129628154,11.303871240815706,0.027371705631030675,0.5798556914211068,14.075346557227544,1.5410649704766937,0.0,1.5330882690624619,0.0,0.6801499423072009,0.2112914490155157,0.007004957452789206,28.820430215646496,0.15581937909667873,-0.06240534516763342,-0.04387196787314809,0.29627519106209166,-0.08166627527630724,0.0034197737366029783,-0.048970877672882544,-0.04002925402242808,-0.00824157150849896,-0.08188547201452413,-0.250543250829299,Auto & Truck Dealerships,Consumer Cyclical,PAG
2010Q3,2010,Q3,2010-11-04,2010-09-30,29977000.0,2756122000.0,61530000.0,0.33,429853000.0,0.15596297986809002,3975597000.0,1018938000.0,1921544000.0,1840313000.0,2952816000.0,1437939000.0,275977000.0,1216261200.0,3445739200.0,11.05846474425066,1.0441397740493057,0.5623067428615124,2.1939558638504013,0.012705232776994601,11.05846474425066,0.029419846938675366,0.4412943984337413,10.143286519665075,1.1936557474547027,0.0,1.617780031002706,0.0,0.6932599053676718,0.2031801112093432,0.007540251187431724,42.49838219364758,0.15596297986809002,0.03125000000000003,-0.07573883831634472,-0.004633122933262732,-0.08496342474479754,-0.0011409477069507185,0.018205903332087905,-0.02508199578533741,-0.2935210477110392,-0.17233185408162857,-0.25756970468088614,Auto & Truck Dealerships,Consumer Cyclical,PAG
2010Q2,2010,Q2,2010-07-30,2010-06-30,29441000.0,2703688000.0,63113000.0,0.32,430344000.0,0.15916925325703263,3838663000.0,958053000.0,1840446000.0,1763052000.0,2876929000.0,1364718000.0,246000000.0,1046733120.0,3207661120.0,10.397571140196654,1.0438977409628303,0.567539270834663,2.2739785794731606,0.013139003914861141,10.397571140196654,0.03073003268086421,0.38715011495409235,8.888396453924798,1.0925628540383465,0.0,1.66579762265904,0.0,0.7043306484575489,0.2091129473208958,0.007669597461407787,-213.92461066830165,0.15916925325703263,0.4545454545454546,-0.10655166068077532,-0.007330430638165706,-0.12137254474630656,0.0464800719791844,0.4464478726540238,0.10314269733622317,-0.2554774384220725,-0.18407147638506483,-0.27464707962060547,Auto & Truck Dealerships,Consumer Cyclical,PAG
2010Q1,2010,Q1,2010-05-03,2010-03-31,20354000.0,2492374000.0,57212000.0,0.22,411230000.0,0.1649953016682087,3916175000.0,939544000.0,1896292000.0,1826470000.0,2973146000.0,1384231000.0,216559000.0,1325053800.0,3537494800.0,10.22465991946893,1.0382278383986596,0.5709612057683837,2.3798608686767198,0.01126012853580735,10.22465991946893,0.0216637006888448,0.531643244553185,16.27510317382333,1.4103158553511064,0.0,1.5034658232621578,0.0,0.6364307008752162,0.22006274398156006,0.00519741839933098,43.62317037037037,0.1649953016682087,0.07786689511163461,-0.10535308124584386,-0.019177991992768224,-0.13225231317117525,0.03504342989174618,0.08978958076778926,0.07402053727308566,0.42496534210435294,-0.18006529424857023,-0.26388669697709566,Auto & Truck Dealerships,Consumer Cyclical,PAG
2009Q4,2009,Q4,2010-02-24,2009-12-31,18677000.0,2460427000.0,53269000.0,0.20410683452451206,397307000.0,0.16147888151121736,3796007000.0,942461000.0,1743464000.0,1629817000.0,2849968000.0,1306532000.0,196205000.0,1389061080.0,3517942080.0,10.299444845146766,1.0697299144627894,0.5644483795735887,2.273462774586959,0.011428639922830606,10.299444845146766,0.019817265648127615,0.5645609806753056,18.593203940675696,1.473865846968734,0.0,1.5790811093796402,0.0,0.648161871145127,0.20638329333906813,0.004920170062910843,-45.435728117231456,0.16147888151121736,-0.3187582706701643,-0.2807061001355583,0.021943246317544126,-0.1182812578301663,-0.06064002080599591,-0.3189293658607738,-0.12639399107845709,-0.3599842080333421,-0.023229960711828798,-0.25472780751336205,Auto & Truck Dealerships,Consumer Cyclical,PAG
2009Q3,2009,Q3,2009-11-04,2009-09-30,27423000.0,2587922000.0,60976000.0,0.29961,422955000.0,0.163434214786999,3672900000.0,915237000.0,1636057000.0,1545526000.0,2753931000.0,1174393000.0,177529000.0,1755085080.0,3784603080.0,10.001934299390204,1.0585761740663049,0.5606082387214463,2.2497538888834256,0.013305134192179007,10.001934299390204,0.029962730964766503,0.6781831446233696,16.000119242971227,1.9176290731253216,0.0,1.8434774389833728,0.0,0.7045990906368265,0.22780529088478615,0.007466307277628033,41.13641345365053,0.163434214786999,0.9974,-0.14782529120346094,-0.031693194946348764,-0.10742269328972487,0.07259148428980802,0.9477945876837843,0.16131489734506532,-0.1705283712933105,-0.1392925898086567,-0.2550151676435681,Auto & Truck Dealerships,Consumer Cyclical,PAG
2009Q2,2009,Q2,2009-07-31,2009-06-30,14079000.0,2319417000.0,52506000.0,0.15,394330000.0,0.1700125505676642,3751526000.0,894434000.0,1713757000.0,1645320000.0,2853530000.0,1264758000.0,150106000.0,1523075840.0,3668404840.0,9.77192426609564,1.0415949480952034,0.577684920749583,2.422984814977964,0.01128472458478649,9.77192426609564,0.01574068069863176,0.6566632218354871,27.04517082179132,1.702837593383078,0.0,1.5220990893119475,0.0,0.618259609556218,0.20878917171127806,0.003752872830949326,33.70158741398004,0.1700125505676642,-0.16666666666666666,-0.5721766565907086,-0.053910381012674674,-0.10789009883580358,0.07070224360627873,-0.1353027883552389,0.2378527477190749,-0.6079745988027311,-0.1883856228295049,-0.25172846084888206,Auto & Truck Dealerships,Consumer Cyclical,PAG
2009Q1,2009,Q1,2009-05-08,2009-03-31,16282000.0,2157876000.0,42417000.0,0.18,368291000.0,0.1706729209648747,3725115000.0,824994000.0,1783340000.0,1659809000.0,2896645000.0,1360239000.0,136027000.0,853517730.0,3098486730.0,9.018200500650408,1.0744248283989302,0.6057335142673448,2.735082921815189,0.008603575700188016,9.018200500650408,0.019735901109583828,0.39553604099586814,13.105234768455963,1.0345744696325063,0.0,1.3156401191261242,0.0,0.5792776867291345,0.19490013609999704,0.00437087177174396,5.6807638754850345,0.1706729209648747,1.0328275578043185,-0.26465573066376746,-0.16437002257541067,-0.2265020020187663,0.0906670615236544,1.0319311251005079,1.067012866369232,-0.31274639037933905,-0.17908019847303433,-0.27889434238394345,Auto & Truck Dealerships,Consumer Cyclical,PAG
2008Q4,2008,Q4,2009-03-11,2008-12-31,-509910000.0,2094165000.0,-632968000.0,-5.483198021399,337675000.0,0.16124565160815887,3963161000.0,783726000.0,2006510000.0,1880112000.0,3179435000.0,1593267000.0,141763000.0,714201600.0,3273559600.0,8.427614387870316,1.0672289735930625,0.6508610172536519,3.291286750726657,-0.14373830931332301,8.427614387870316,-0.6506227941908269,0.3410436140418735,-0.35016061657939634,0.9112899150978786,-0.016216587240885646,1.1024454783787023,0.011577963420972453,0.52840775330601,0.16737088003267891,-0.1286624489895818,-1653.2444444444445,0.16124565160815887,-22.089223159226922,-23.29548008541758,-0.14977604726468455,-0.16949932139058696,-0.26769577088479396,-22.056739345887017,-11.136083398722116,-17.9441941446771,-0.028326673565724398,-0.3153352204329032,Auto & Truck Dealerships,Consumer Cyclical,PAG
2008Q3,2008,Q3,2008-11-05,2008-09-30,24216000.0,2996443000.0,62447000.0,0.26,461113000.0,0.15388679177277859,4929682000.0,1391656000.0,2209347000.0,2112756000.0,3538026000.0,1721833000.0,659942000.0,1066652650.0,3740936650.0,14.964847572450132,1.0457180100305004,0.5481197367294686,1.941612007565088,0.009778126041197745,14.964847572450132,0.01740085193467351,0.3559729485927148,11.011858378757847,0.7664628686974367,0.35096630327056494,1.472459872705425,0.007967917203412,0.6078369760970384,0.18900857458220446,0.004912284402929032,8.140708785212208,0.15388679177277859,-0.38095238095238093,-0.1582615742992634,0.11313274274232875,0.5608470409680105,-0.08060023487798508,-0.3925346177001806,-0.3016985921477853,-0.2602205440962392,0.07222045994052642,0.23827160357229007,Auto & Truck Dealerships,Consumer Cyclical,PAG
2008Q2,2008,Q2,2008-08-01,2008-06-30,39864000.0,3362664000.0,89427000.0,0.42,501537000.0,0.1491487106651155,5056092000.0,1488199000.0,2340241000.0,2188776000.0,3567893000.0,1790464000.0,644225000.0,1393018440.0,4091347440.0,15.74713774786786,1.069200777055304,0.5371862299973972,1.8250670777228046,0.01378332716370474,15.74713774786786,0.026786740214178345,0.4142603721335227,8.736067880794703,0.936043123265101,0.215332129239414,1.5979807468901917,0.006162158197991981,0.6650717589790692,0.2058433572005541,0.007884350205652903,17.29319131503482,0.1491487106651155,0.16666666666666666,0.43898413784603335,0.28881778096296207,0.730634575113901,0.015137898789210983,0.1748894783377542,0.09882777941610145,0.17949475934558723,0.20373215632825156,0.3306826546682163,Auto & Truck Dealerships,Consumer Cyclical,PAG
2008Q1,2008,Q1,2008-05-08,2008-03-31,33930000.0,3204470000.0,81384000.0,0.36,494058000.0,0.15417775794437147,4941171000.0,1448480000.0,2542102000.0,2333816000.0,3492691000.0,1818846000.0,612946000.0,1835759100.0,4346791100.0,15.354640377378491,1.0892469671987852,0.5123129719655523,1.7476430465039214,0.013119551713001342,15.354640377378491,0.023424555396001325,0.5728744847041789,13.526076480990275,1.2673693112780295,0.2519893899204244,1.4901822364290325,0.004657473848284342,0.648524408485357,0.2244637109352237,0.006866793316806887,-95.16636080870917,0.15417775794437147,0.15392966464866326,1.1265726334287316,0.395252605462138,0.7502290101057857,0.07066421064037273,0.1540031290388409,0.08770147817486836,0.45271746482622904,0.22836829320374288,0.3031194948780952,Auto & Truck Dealerships,Consumer Cyclical,PAG
2007Q4,2007,Q4,2008-02-26,2007-12-31,29402000.0,3083792000.0,74822000.0,0.3119774203132295,461450000.0,0.14963719991490995,4668553000.0,1421459000.0,2301609000.0,2096039000.0,3247094000.0,1688286000.0,587566000.0,1645500240.0,4032130240.0,15.082753278723313,1.0980754651988822,0.5135477737962919,1.6866648985303128,0.013716354880836494,15.082753278723313,0.020684381329324306,0.5335963774469873,13.991397183865043,1.1576135787243953,0.2907625331610095,1.5532569718637719,0.005195380585298486,0.6605455694730251,0.21954410199428542,0.006297882877199852,-15.398078305135499,0.14963719991490995,-0.32178821671037067,38.09191914838991,0.42405098031010896,0.7492295708733114,-0.08350811128588906,-0.32253456221198157,-0.2195798652397939,0.09944116202439741,0.2436473019326293,0.2912100068811378,Auto & Truck Dealerships,Consumer Cyclical,PAG
2007Q3,2007,Q3,2007-10-25,2007-09-30,43400000.0,3405987000.0,95874000.0,0.46,503496000.0,0.1478267533023467,4618601000.0,1403760000.0,2329750000.0,2141956000.0,3214841000.0,1557335000.0,566713000.0,1901843920.0,4184134920.0,14.89495352489283,1.0876740698688487,0.49952810385655744,1.6435295207157918,0.016974249231640256,14.89495352489283,0.030916965863110504,0.5583826127345759,10.955322119815667,1.3548212799908816,0.1531336405529954,1.8637550687552775,0.0034945033764915896,0.7374499334322233,0.24271833781833055,0.009396784870570114,171.6465631768953,0.1478267533023467,0.06976744186046518,0.7109683054174338,0.4335643243852375,0.765138015576848,0.015143603133159269,0.07545533391153512,0.026796041639892045,0.3094811996140355,0.23737303706095772,0.3292326366944965,Auto & Truck Dealerships,Consumer Cyclical,PAG
2007Q2,2007,Q2,2007-08-03,2007-06-30,40355000.0,3381638000.0,93372000.0,0.43,495985000.0,0.1466700456997467,4651081000.0,1347916000.0,2368180000.0,2194259000.0,3303165000.0,1635690000.0,529959000.0,2001962664.033,4391740664.033,14.334499590569267,1.079261837367421,0.5177364143948472,1.7864866950166034,0.015661277825702338,14.334499590569267,0.029938809243305962,0.5920097491313381,12.402197150495603,1.4852280587462425,0.16567959360674017,1.7641808655674365,0.003339722623263562,0.7270649554372414,0.2246453130646838,0.008676477575858172,14.473728204291591,0.1466700456997467,1.866666666666667,0.37850049700329164,0.40834807879307045,0.6031731218339234,0.06216418214096801,1.7674530242765052,0.17919250344139526,0.1936525642046651,0.34266748404857394,0.30864184624819774,Auto & Truck Dealerships,Consumer Cyclical,PAG
2007Q1,2007,Q1,2007-05-10,2007-03-31,14582000.0,3103170000.0,79183000.0,0.15,466957000.0,0.15047741503043663,4594144000.0,1302999000.0,2403419000.0,2153830000.0,3291145000.0,1602193000.0,496290000.0,1904302306.192,4306716306.191999,13.890062681221218,1.115881476253929,0.5284153043526716,1.8630988972362987,0.014013235736707314,13.890062681221218,0.011191106056105952,0.6136635460487179,32.648167367164994,1.4614764141737637,0.450281168563983,1.645377928876234,0.00344798196097862,0.6754620664916032,0.2481857899648533,0.003174040691802434,22.895128418298768,0.15047741503043663,-0.529646476470785,-0.45499704370450517,0.11577404469953313,0.1607010636303901,0.1951620911887711,-0.5122913809826416,0.27547880994185014,-0.35776926999052777,0.17188264125497604,0.1913613669360742,Auto & Truck Dealerships,Consumer Cyclical,PAG
