Quarters,Year,Quarter,FillingDate,Date,NetIncome,Revenue,OperatingIncome,EPSDiluted,GrossProfit,GrossProfitRatio,TotalAssets,CommonStockEquity,CurrentAssets,CurrentLiability,TotalLiability,Inventory,RetainedEarnings,MarketCap,EnterpriseValue,bookValuePerShare,currentRatio,debtToAssets,debtToEquity,roic,shareholdersEquityPerShare,roe,priceToSalesRatio,peRatio,pbRatio,payoutRatio,inventoryTurnover,dividendYield,assetTurnover,quickRatio,returnOnAssets,priceToFreeCashFlowsRatio,grossProfitMargin,epsdilutedGrowth,fiveYNetIncomeGrowthPerShare,fiveYRevenueGrowthPerShare,fiveYShareholdersEquityGrowthPerShare,grossProfitGrowth,netIncomeGrowth,operatingIncomeGrowth,threeYNetIncomeGrowthPerShare,threeYRevenueGrowthPerShare,threeYShareholdersEquityGrowthPerShare,Industry,Sector,Symbol
2023Q1,2023,Q1,2023-04-26,2023-03-31,228574000.0,2079023000.0,242608000.0,1.63,747019000.0,0.3593125232,10804645000.0,4460561000.0,3315850000.0,2508493000.0,6344084000.0,1405416000.0,10380895000.0,21234678580.0,24438181580.0,31.916548008328743,1.3218494131735667,0.3217069140170732,0.7792582592189637,0.024406038618445768,31.916548008328743,0.05124333015510829,10.213777615735852,23.225168413730348,4.760539891731107,0.3096283916805936,0.9477649322335878,0.003332897163164878,0.19241937148328334,0.6910108977780683,0.021155160581398092,110.07614253352617,0.35931252323807866,-0.1283422459893049,0.9227681910143629,0.19622308673736508,0.10934870266679388,-0.02519805462144849,-0.13280648306579812,-0.13295140613775824,0.3384298013485649,0.29593824610795777,0.544697100808002,Specialty Industrial Machinery,Industrials,DOV
2022Q4,2022,Q4,2023-02-10,2022-12-31,263579000.0,2139181000.0,279809000.0,1.87,766329000.0,0.3582347637,10896519000.0,4286366000.0,3423465000.0,2773274000.0,6610153000.0,1366608000.0,10223070000.0,19003845630.0,22301262630.0,30.54207192378672,1.2344488860458793,0.3375651435105101,0.858136006118003,0.027901743043942818,30.54207192378672,0.061492415719982846,8.883701580184193,18.02481004746205,4.433556450849041,0.2690464718357684,1.004568976619484,0.003731613136661751,0.19631783324564478,0.6842955293995473,0.024189284669718834,66.98098699421965,0.3582347636782488,-0.06499999999999995,-0.013368529668851629,0.17663027415721938,0.08515712997846343,-0.008309285021028793,-0.07847887954241922,-0.24459856753714118,0.6194280524737126,0.24445869538231704,0.4599599026938944,Specialty Industrial Machinery,Industrials,DOV
2022Q3,2022,Q3,2022-10-20,2022-09-30,286026000.0,2158291000.0,370411000.0,2.0,772750000.0,0.3580379106,10652341000.0,3991426000.0,3377045000.0,2888754000.0,6660915000.0,1407797000.0,10030406000.0,16613349480.0,19938869480.0,28.00882769848287,1.169031700172462,0.3409130443721244,0.9098307221529348,0.03936870483782024,28.00882769848287,0.07166010343170587,7.697455755502849,14.520838560130898,4.162259172536332,0.25375315530755943,0.9841909025235883,0.004368775850250759,0.2026118953570863,0.6241666822443172,0.026850999231061042,83.41584270170664,0.35803791055052353,0.0,0.7473522589670999,0.1758013702242048,0.020319755602627058,-0.01092177866406923,-0.012402544040770947,0.038001961608518986,0.41635871282379716,0.20618147626517602,0.3492978792335118,Specialty Industrial Machinery,Industrials,DOV
2022Q2,2022,Q2,2022-07-21,2022-06-30,289618000.0,2158715000.0,356850000.0,2.0,781283000.0,0.3619204017,10807421000.0,4388523000.0,3590996000.0,2547635000.0,6418898000.0,1381607000.0,9816960000.0,17449698240.0,20264105240.0,30.51145085933589,1.4095410056778148,0.3081010724020097,0.7587468494525379,0.03992854263676816,30.51145085933589,0.06599441315449411,8.083372858390293,15.062684501653901,3.976212096871772,0.24809576752826137,0.996978156595906,0.004117721636887172,0.1997437686567406,0.7967491418511679,0.026798067735123856,135.7139942602487,0.36192040172046797,0.282051282051282,0.9110392118917005,0.17233840363786163,0.1665565195534602,0.05125041375468586,0.2806286009913643,0.5984179313063265,0.47768301406429325,0.2049102237179095,0.5008192364146035,Specialty Industrial Machinery,Industrials,DOV
2022Q1,2022,Q1,2022-04-21,2022-03-31,226153000.0,2051901000.0,223252000.0,1.56,743194000.0,0.3621977863,10501047000.0,4329776000.0,3232484000.0,2246922000.0,6171271000.0,1322347000.0,9599195000.0,22607250300.0,25412668300.0,30.049733841359735,1.4386275981097698,0.2947707976166567,0.7149104249272942,0.024663195775272526,30.049733841359735,0.05223203232684555,11.017710064959275,24.991101488815097,5.221344083389071,0.3192661605196482,0.9896850070367309,0.003193798407230445,0.1953996587197448,0.7729035542844834,0.021536233482242293,-846.7769233650461,0.3621977863454426,-0.3734939759036145,0.4173202171347543,0.22148121686102068,0.18225271105742583,0.03008647418456604,-0.3766197610154775,-0.5416852283341717,1.154321542684026,0.19793206158228127,0.5365279121244864,Specialty Industrial Machinery,Industrials,DOV
2021Q4,2021,Q4,2022-02-11,2021-12-31,362785000.0,1989235000.0,487115000.0,2.49,721487000.0,0.3626957097,10403627000.0,4189528000.0,2538609000.0,105702000.0,6214099000.0,1191095000.0,9445245000.0,26151308000.0,28890220000.0,29.092934273115517,24.016660044275415,0.3003198788268745,0.745768019691001,0.0524443524704907,29.092934273115517,0.08659328688100426,13.146414576457785,18.021216422950232,6.242065454628779,0.19871549264716015,1.0643550682355312,0.0027566881167091144,0.19120591309165544,16.395318915441525,0.0348710118115538,94.41893916691639,0.36269570965723,0.3756906077348067,1.4288071855097602,0.20717498322281608,0.18964366450273157,-0.04385491777534228,0.3754568616448536,0.42420459263330856,1.5982280309464054,0.11495062434676835,0.5342305841205757,Specialty Industrial Machinery,Industrials,DOV
2021Q3,2021,Q3,2021-10-19,2021-09-30,263756000.0,2018269000.0,342026000.0,1.81,754579000.0,0.3738743447974477,9902983000.0,3891818000.0,3299415000.0,2005881000.0,6011165000.0,1055831000.0,9154512000.0,22388268000.0,24709308000.0,27.03101905873201,1.644870757537461,0.30901638425512795,0.7863122067887038,0.03962005567926783,27.03101905873201,0.06777192561419881,11.092806756681096,21.220624364943355,5.752650303791184,0.2733852500037914,1.196867680528418,0.003220749367481219,0.20380414668994182,1.042079764452627,0.026633995029578462,73.79052942785668,0.3738743447974477,-0.005494505494505499,1.1870555661507614,0.27477283935395685,0.10795145288106868,-0.022783783923789002,-0.0028430141999485838,-0.00611396855839363,0.7159402950264091,0.18202952507917425,0.4494010671980512,Specialty Industrial Machinery,Industrials,DOV
2021Q2,2021,Q2,2021-07-20,2021-06-30,264508000.0,2031676000.0,344130000.0,1.82,772172000.0,0.3800665066674017,9630000000.0,3719304000.0,3059532000.0,1901411000.0,5910696000.0,977831000.0,8962863000.0,21677514600.0,24159401600.0,25.83908684808359,1.609085042634128,0.32017092419522325,0.8289846702501328,0.041383269288529846,25.83908684808359,0.07111760695011755,10.669769490804637,20.4885245436811,5.828379341941395,0.2697612170520362,1.2880589795169104,0.003291613513663601,0.2109736240913811,1.0152513054778793,0.027467082035306335,99.39163602351194,0.3800665066674017,0.13043478260869562,1.4106935835479584,0.29885076072923666,0.07969725817421316,0.0701602665380543,0.13635406776675588,0.10103983362661974,0.9923470603311006,0.1911571745691021,0.38032064266752796,Specialty Industrial Machinery,Industrials,DOV
2021Q1,2021,Q1,2021-04-20,2021-03-31,232769000.0,1867901000.0,312550000.0,1.61,721548000.0,0.3862881383970564,9270893000.0,3499144000.0,2815085000.0,1775362000.0,5771749000.0,900607000.0,8769709000.0,19714494450.0,22241356450.0,24.33933154801238,1.5856399990537142,0.3304292261813398,0.8754638277247235,0.0383266418878849,24.33933154801238,0.06652169787810962,10.554357243772555,21.173883173876245,5.634090637595937,0.3065012952755736,1.2728670774266688,0.0036188602340751375,0.20148015946252426,1.000938400168529,0.025107505824951276,135.10111050958034,0.3862881383970564,0.2880000000000001,1.5269046586214228,0.24190314968335144,0.020556617936940552,0.10760473958821028,0.2782060997441051,0.2708952583875834,0.9034682718534881,0.04478551170322399,-0.15401860284143065,Specialty Industrial Machinery,Industrials,DOV
2020Q4,2020,Q4,2021-02-12,2020-12-31,182106000.0,1780390000.0,245929000.0,1.25,651449000.0,0.3659024146394891,9152074000.0,3385773000.0,2619187000.0,1916421000.0,5766301000.0,835804000.0,8608284000.0,18174192500.0,20952769500.0,23.51982577767898,1.366707524077434,0.35966186462216104,0.9722010306066,0.029618757044100035,23.51982577767898,0.053785649540001645,10.207983924870394,24.950018807727368,5.367811870435496,0.3914423467650709,1.3507245717895584,0.003922265046989021,0.19453404769235913,0.8611354185745199,0.01989778491738594,48.3661044328473,0.3659024146394891,-0.09420289855072457,0.3824205965318539,0.13114082468293628,0.00018348311651003002,-0.01105158570519895,-0.0908337493759361,-0.11184262797131074,-0.33543811098470144,-0.04528301059951191,-0.164342658147496,Specialty Industrial Machinery,Industrials,DOV
2020Q3,2020,Q3,2020-10-20,2020-09-30,200300000.0,1748256000.0,276898000.0,1.38,658729000.0,0.37679207164168177,8985971000.0,3246421000.0,2604984000.0,1766371000.0,5739550000.0,838539000.0,8497462000.0,15604426880.0,18314641880.0,22.539581481892913,1.4747660599047425,0.3491794042068464,0.9665154334573366,0.034612266533081346,22.539581481892913,0.06169871375277575,8.925710468032142,19.476319121318024,4.806655353695654,0.3567548676984523,1.2993158338491113,0.0045793415259349785,0.1945539330140282,0.9233224503799032,0.022290301181697558,52.922554484592375,0.37679207164168177,0.6046511627906975,0.16051753796054963,0.05451198240123943,-0.01848047610692493,0.19421934089681253,0.6054053187567126,0.49789568209111856,0.2106819322089376,-0.057669716009410746,-0.17891671452439387,Specialty Industrial Machinery,Industrials,DOV
2020Q2,2020,Q2,2020-07-22,2020-06-30,124766000.0,1499175000.0,184858000.0,0.86,551598000.0,0.36793436390014506,9114133000.0,3089527000.0,2799445000.0,2113761000.0,6024606000.0,885972000.0,8368620000.0,13900294800.0,16757132800.0,21.461755409676634,1.324390505832968,0.3846630282880445,1.1347594631799625,0.022298065468887712,21.461755409676634,0.04038352796398931,9.27196277952874,27.852729910392256,4.499165988839069,0.5664283538784605,1.0695338001652421,0.005084136776725052,0.16448904136026982,0.847595825639701,0.013689288931816115,59.70660538636656,0.36793436390014506,-0.2892561983471074,-0.5863563037604977,-0.06057028060216443,-0.05227280799427774,-0.0990538070668019,-0.2922242581362499,-0.17951016857373658,-0.17743719877006633,-0.1865351727557558,-0.1794441106834682,Specialty Industrial Machinery,Industrials,DOV
2020Q1,2020,Q1,2020-04-21,2020-03-31,176279000.0,1655939000.0,225302000.0,1.21,612243000.0,0.3697255756401655,8944253000.0,2980681000.0,2706000000.0,2094361000.0,5963572000.0,852075000.0,8314525000.0,12109100460.0,15063211460.0,20.662010689107785,1.2920408659252154,0.3871780013378423,1.1618210737747514,0.02886905051499554,20.662010689107785,0.059140511849473325,7.312528094331977,17.17320335944724,4.062528147091219,0.40219765258482293,1.224887480562157,0.005855017904443086,0.18513999995304248,0.8265342030337655,0.019708633018319138,339.27602084559135,0.3697255756401655,0.052173913043478314,-0.05718037709852309,0.08164849574915442,-0.06680319188449828,-0.059989406047764905,0.048518337873686965,-0.0918610837914967,0.10343838823579175,-0.015407311774113523,-0.18709036552352212,Specialty Industrial Machinery,Industrials,DOV
2019Q4,2019,Q4,2020-02-14,2019-12-31,168122000.0,1775589000.0,248092000.0,1.15,651315000.0,0.3668163071521619,8669477000.0,3032660000.0,2548430000.0,1915041000.0,5636817000.0,806141000.0,8211257000.0,16708781160.0,19423779160.0,20.919801884579833,1.3307443548206017,0.3589894753743507,1.0262446169369464,0.033560457354482834,20.919801884579833,0.055437140991736626,9.410275215717151,24.846214594163765,5.509612406270403,0.4230558760899823,1.3946369183554739,0.0042567437635887976,0.20480924051127883,0.8430331256615393,0.019392403947781394,53.60876912217659,0.3668163071521619,-0.17857142857142858,0.12750280819997634,0.16671430924532848,-0.06959601905542555,-0.03292263559261635,-0.18389755638185296,-0.12245987980743722,0.11809751063309161,0.07038002659747238,-0.14456515313958462,Specialty Industrial Machinery,Industrials,DOV
2019Q3,2019,Q3,2019-10-17,2019-09-30,206006000.0,1825345000.0,282713000.0,1.4,673488000.0,0.36896477104328224,8669301000.0,3017643000.0,2585992000.0,1825302000.0,5651658000.0,816563000.0,8114260000.0,14473236320.0,17224133320.0,20.758075833035246,1.416747475212321,0.35659495500271593,1.024451533862687,0.036961411411977764,20.758075833035246,0.06826718733793229,7.929041534614004,17.56409560886576,4.7962056214071715,0.34631030164169974,1.4106162047508888,0.004929236172383593,0.21055273083723822,0.8818716026169916,0.02376270013003355,47.50291721505443,0.36896477104328224,0.0370370370370369,0.014766843142412663,-0.0037493837860863716,-0.12128248096761711,0.001330671000144218,0.03998788398919656,0.024474650219779025,0.6917908708539718,0.14184735665090148,-0.14916488245391177,Specialty Industrial Machinery,Industrials,DOV
2019Q2,2019,Q2,2019-07-18,2019-06-30,198085000.0,1810706000.0,275959000.0,1.35,672593000.0,0.3714534551716292,8776050000.0,2955271000.0,2623251000.0,1955115000.0,5820779000.0,849266000.0,7979597000.0,14876756440.0,17859623440.0,20.329863929667184,1.34173744255453,0.3765011594054273,1.1180676831329512,0.03496814850742251,20.329863929667184,0.06702769390692088,8.21599775998975,18.775723098669765,5.033973682954965,0.35298482974480655,1.3401136981817239,0.004700016450628938,0.20632357381737798,0.8235224014955642,0.022571088359797403,96.14096278249181,0.3714534551716292,0.8750000000000002,0.060241025291886095,0.012644773726205746,-0.13145532370121882,0.0786651099685346,0.8739416300080413,0.6413430083863677,0.7876251879422984,0.14623698819321307,-0.1505079698455184,Specialty Industrial Machinery,Industrials,DOV
2019Q1,2019,Q1,2019-04-18,2019-03-31,105705000.0,1724757000.0,168130000.0,0.72,623542000.0,0.36152455099471986,8657911000.0,2837453000.0,2529466000.0,1946922000.0,5820458000.0,828298000.0,7851382000.0,13922548520.0,16966756520.0,19.556907234969362,1.2992128087309096,0.3796784235827788,1.1585115242437496,0.020978720391738908,19.556907234969362,0.03725348049817918,8.072179744740854,32.92783813443072,4.906706303152863,0.660413414691831,1.3294913183419494,0.005014096370338956,0.1992116805081503,0.7781857722086453,0.01220906521215106,-1105.1395872360692,0.36152455099471986,-0.25,-0.2277064414912356,0.07072805195861231,-0.11427003303131654,-0.03322474963990629,-0.25333229732497936,-0.8854271795105936,0.13706139213528942,0.13628286611897109,-0.1799720930850002,Specialty Industrial Machinery,Industrials,DOV
2018Q4,2018,Q4,2019-02-15,2018-12-31,141569000.0,1808950000.0,1467451000.0,0.96,644971000.0,0.3565444042123884,8365771000.0,2768666000.0,2503754000.0,1995351000.0,5597105000.0,748796000.0,7815486000.0,10359196650.0,13126953650.0,18.962556589752545,1.254793768113981,0.3782051887387307,1.1427806748809715,0.20932327654384542,18.962556589752545,0.05113256709187746,5.726635147461234,18.293547051261225,3.7415840877881266,0.4975948124236238,1.554467438394436,0.006800141205930288,0.21623231140321675,0.8159366447306765,0.01692240918380386,31.609611318094853,0.3565444042123884,-0.08571428571428578,-0.15004978880838998,-0.04643588920896798,-0.4004260409153695,-0.002395904225700674,-0.10003496392358793,7.66795865046007,0.05958100536148891,0.13312586529637527,-0.19361494944694846,Specialty Industrial Machinery,Industrials,DOV
2018Q3,2018,Q3,2018-10-18,2018-09-30,157305000.0,1747403000.0,-220075000.0,1.05,646520000.0,0.3699890637706356,8461770000.0,2747934000.0,2459049000.0,1890305000.0,5713836000.0,803981000.0,7744361000.0,12988373600.0,16059678600.0,18.649785535888803,1.3008741975501308,0.3876945367222224,1.193835805372327,-0.029751543965551457,18.649785535888803,0.05724482465736077,7.432958281518345,20.642022821906487,4.726595908053105,0.4501064810400178,1.369289821525633,0.005451336878698962,0.20650561289186542,0.7898471410698273,0.018590082216841157,64.23337388603701,0.3699890637706356,0.15384615384615385,-0.3234339131101888,-0.1020309232315479,-0.3981163467297539,-0.028134376371693654,0.12393629562943434,-1.9307031603520242,-0.10907771679294159,0.030305704028441127,-0.18786741295090634,Specialty Industrial Machinery,Industrials,DOV
2018Q2,2018,Q2,2018-07-19,2018-06-30,139959000.0,1798094000.0,236461000.0,0.91,665236000.0,0.3699673098291858,8473170000.0,2840591000.0,2447728000.0,1813927000.0,5632579000.0,764053000.0,7657860000.0,11107660800.0,14124416800.0,18.719626476170394,1.3494082176405116,0.38469309597234563,1.1474971229578634,0.030516638322929824,18.719626476170394,0.04927108478482119,6.177463914567314,19.840919126315566,3.9103344339258976,0.49750998506705535,1.4826955721658053,0.00626873661824459,0.21221030617820721,0.8402069102009067,0.016517902980820637,91.89150052118666,0.3699673098291858,0.08333333333333341,-0.5218228590754833,-0.09026499918144013,-0.3569130051998943,-0.061648289490944946,0.06485334956442348,0.2139153558667707,-0.559803875055069,0.06890616422853556,-0.17336216460383905,Specialty Industrial Machinery,Industrials,DOV
2018Q1,2018,Q1,2018-04-27,2018-03-31,131435000.0,1921579000.0,194792000.0,0.84,708941000.0,0.3689366921682637,10543040000.0,4445622000.0,2951999000.0,2080588000.0,6097418000.0,972893000.0,8527276000.0,12259245952.0,15350277952.0,28.77052808697903,1.4188291963617978,0.328012982972653,0.777901045118096,0.02014986473217324,28.77052808697903,0.029565041742190407,6.3797772311208645,23.31807728535017,2.757599713155999,0.5530566439685015,1.246424838085997,0.005929483777763756,0.1822604296294048,0.8565669897163687,0.01246651819589037,-529.1913127859794,0.3689366921682637,-0.5531914893617021,-0.2974615025561763,0.05755651915557637,0.04796725335128571,-0.03601051910190584,-0.5566338784542314,-0.022834898466971666,-0.3437077404937544,0.17181290850159708,0.29941685649788924,Specialty Industrial Machinery,Industrials,DOV
2017Q4,2017,Q4,2018-02-09,2017-12-31,296448000.0,2017438000.0,199344000.0,1.88,735424000.0,0.3645336312689659,10657653000.0,4383180000.0,3207120000.0,2496816000.0,6274473000.0,878635000.0,8455501000.0,12704016623.400002,15517856623.400002,28.14529903553495,1.2844839187188803,0.33476451147358616,0.8139761542989337,0.027160151437396928,28.14529903553495,0.06763308830575061,6.29710386311748,10.713528699299708,2.898356130343723,0.24763196243523317,1.4590973498665543,0.005778487400967611,0.18929477249822263,0.8569037526193359,0.02781550497093497,46.53349580744887,0.3645336312689659,0.6491228070175439,1.1107105084087416,0.370270348640244,0.014173208234178706,-0.011969105225752452,0.6569486675013414,-0.2719809215644025,0.8506501482555485,0.23397111144984742,0.2517565133749906,Specialty Industrial Machinery,Industrials,DOV
2017Q3,2017,Q3,2017-10-19,2017-09-30,178912000.0,2006275000.0,273817000.0,1.14,744333000.0,0.3710024797198789,10493390000.0,4275690000.0,2868771000.0,2167256000.0,6217700000.0,982196000.0,8232463000.0,11498090769.9,14645187769.9,27.4510294882413,1.3236881106800489,0.330602026609132,0.8113628443596238,0.026641353135574315,27.4510294882413,0.041844006464453694,5.7310641711131325,16.06668469680625,2.6891778332619998,0.41007310856734036,1.2848168797266533,0.006380798470652365,0.19119417080657441,0.8160526490640699,0.01704997145822275,55.15677087382832,0.3710024797198789,0.09615384615384602,-0.13384134395202155,0.060014571445291945,-0.042796627892290974,-0.006822372792702877,0.09054115008106889,0.031714393368500376,-0.1774561469253708,0.02199152801280902,0.1620393296956707,Specialty Industrial Machinery,Industrials,DOV
2017Q2,2017,Q2,2017-07-20,2017-06-30,164058000.0,1993351000.0,265400000.0,1.04,749446000.0,0.3759729219791196,10292423000.0,4072434000.0,2759584000.0,2215346000.0,6219989000.0,962070000.0,8126918000.0,10089258564.300001,13320107564.300001,26.155141519431226,1.245667268228078,0.34320752266011606,0.8674019026459361,0.024807763378024355,26.155141519431226,0.04028499909390797,5.06145609293095,15.37452998985115,2.477451706841658,0.4185470991966256,1.2929464591973556,0.006805851942675838,0.193671694216221,0.7661706117238571,0.0159396868939413,93.81691398988303,0.3759729219791196,-0.04587155963302756,-0.09696703444466376,0.08932530489277127,-0.06084861017620357,0.1335079721828142,-0.047542192316847316,0.5089490800755043,-0.18018419290461082,0.040779724583790644,0.1174156897032955,Specialty Industrial Machinery,Industrials,DOV
2017Q1,2017,Q1,2017-04-20,2017-03-31,172247000.0,1813372000.0,175884000.0,1.09,661174000.0,0.3646102399287074,10238308000.0,3953415000.0,2761919000.0,2319203000.0,6284893000.0,942176000.0,8031526000.0,10095028174.0,13315886174.0,25.417352449530668,1.1908914398610213,0.3551747026950156,0.9198093294025546,0.01720726828786236,25.417352449530668,0.04356916741601881,5.5669924174410985,14.65196516339907,2.553495692711238,0.39777761005997203,1.2229116428353088,0.006787103395755219,0.17711637508854003,0.7394596333309331,0.016823775959855868,281.88953909304144,0.3646102399287074,0.05825242718446607,0.03779255185451763,0.038163086951891655,-0.08243527300073922,0.06691904522158966,0.06878172273861084,0.071927450908692,0.1738833823558954,0.05008529396215886,0.15114882302551624,Specialty Industrial Machinery,Industrials,DOV
2016Q4,2016,Q4,2017-02-10,2016-12-31,161162000.0,1777961000.0,164082000.0,1.03,619704000.0,0.3485475778152614,10115991000.0,3799746000.0,2589191000.0,2136586000.0,6316245000.0,870487000.0,7927795000.0,9404132400.0,12676173400.0,24.45516682113068,1.2118356106423986,0.35796660949975145,0.9530076484059724,0.016494721305337166,24.45516682113068,0.04241388766512288,5.28927934864713,14.588011441903179,2.474937114217634,0.4255345552921905,1.330585063303645,0.007292538756685306,0.17575747151218304,0.7555731433230396,0.015931409982472305,39.2506110387659,0.3485475778152614,0.24096385542168683,-0.3151754948098987,0.15025372616600705,-0.088678863492226,-0.01912666907253699,0.2389071676762707,-0.22142294515672895,-0.09076172172005297,-0.11928517782670559,-0.22675610107636004,Specialty Industrial Machinery,Industrials,DOV
2016Q3,2016,Q3,2016-10-19,2016-09-30,130084000.0,1707763000.0,210746000.0,0.83,631788000.0,0.36995063132296463,9298283000.0,3788900000.0,2738967000.0,1891071000.0,5509383000.0,828286000.0,7835213000.0,9237709900.0,11850695900.0,24.397295556986478,1.4483681469389569,0.3363783399580331,0.8255010689118214,0.021876977558641784,24.397295556986478,0.03433291984480984,5.409245837976346,17.75335533193936,2.438098102351606,0.5266289474493404,1.2990380134398023,0.007415907269398014,0.18366433888923364,0.9063075897203225,0.013990109786935932,48.99368280924322,0.36995063132296463,0.09210526315789468,-0.09678083313063043,-0.07286976233150744,-0.07110181541394685,0.0009109444830825728,0.09970411700059177,0.08742943829269048,-0.4691735186290472,-0.16736070256539282,-0.21262722557880903,Specialty Industrial Machinery,Industrials,DOV
2016Q2,2016,Q2,2016-07-21,2016-06-30,118290000.0,1686345000.0,193802000.0,0.76,631213000.0,0.37430834141293745,8979092000.0,3713735000.0,2379756000.0,1640367000.0,5265357000.0,833907000.0,7773634000.0,8689071330.0,11385154330.0,23.931788890320917,1.4507460830411731,0.32867722036927566,0.7946778647372524,0.020909594334105067,23.931788890320917,0.03185203036834885,5.1526059792035435,18.363917765660663,2.3397122654147373,0.5521430382957139,1.2652873761702443,0.007516683603977274,0.18780796543793069,0.8749785871088605,0.01317393785474077,50.38720138478132,0.37430834141293745,0.1875,-0.4309900881730868,-0.06063885380094574,-0.09180672330775483,0.07118880501778489,0.1905672531100286,0.3290859713611675,-0.6048046804702759,-0.16569523924884955,-0.1778563414575395,Specialty Industrial Machinery,Industrials,DOV
2016Q1,2016,Q1,2016-04-21,2016-03-31,99356000.0,1622273000.0,145816000.0,0.64,589264000.0,0.3632335617987848,8980895000.0,3698133000.0,2345756000.0,1648809000.0,5282762000.0,849830000.0,7720658000.0,8057559619.2,10830339619.2,23.849075220554095,1.4226972317594093,0.3358796645545906,0.8156818589271938,0.01690614722521768,23.849075220554095,0.026866529678624324,4.966833337668814,20.27446661298764,2.1788182359044415,0.6636740609525343,1.215547815445442,0.008183619249043409,0.18063600565422488,0.8557892393843071,0.011063039930875486,83.77321999937618,0.3632335617987848,-0.2967032967032967,-0.38636648661276046,-0.003166095850975197,-0.06163506670819105,-0.03998800929930972,-0.29944650096950465,-0.2688875072702112,-0.47079137510099167,-0.11030121044240761,-0.13129679864431681,Specialty Industrial Machinery,Industrials,DOV
2015Q4,2015,Q4,2016-02-12,2015-12-31,141825000.0,1694600000.0,199444000.0,0.91,613809000.0,0.3622146819308391,8619763000.0,3644575000.0,2420779000.0,1562277000.0,4975188000.0,802895000.0,7686642000.0,7675433672.400001,10081712672.400002,23.515511078419987,1.5495197074526477,0.32117634788798716,0.7596123004739922,0.025059998706875385,23.515511078419987,0.0389140023185145,4.529348325504544,13.529761453199367,2.105988674234993,0.4598977613255773,1.3461174873426787,0.00849789116601213,0.19659473236097094,0.949047448051786,0.0164534686162485,30.53392026382999,0.3622146819308391,-0.23529411764705876,-0.13884479371284256,0.08817089224106246,-0.030305608895493608,-0.08741941814548741,-0.23790153574998119,-0.27977755308392316,0.014667870365626036,0.15654952360619717,-0.15265418627966332,Specialty Industrial Machinery,Industrials,DOV
2015Q3,2015,Q3,2015-10-20,2015-09-30,186098000.0,1787582000.0,276920000.0,1.19,672608000.0,0.3762669348874625,8478820000.0,3566304000.0,2814829000.0,1668699000.0,4912516000.0,810715000.0,7610042000.0,7172903219.999999,9196478220.0,22.963966516419834,1.6868404667348635,0.316818613910898,0.7532302349995962,0.03366910932741073,22.963966516419834,0.05218231536066471,4.0126289143658855,9.635921960472439,2.011298874128509,0.3497350858150007,1.3752971142756703,0.009073731793637668,0.21082910121927342,1.1125535521984493,0.02194857303256821,44.53532028237748,0.3762669348874625,-0.4251207729468599,-3.9368372616867476e-05,0.19260003486826335,-0.01991890470573082,0.027560161816648537,-0.44013165020036343,0.09944297324445256,-0.09640087202257303,-0.05275250654844463,-0.1992582210477291,Specialty Industrial Machinery,Industrials,DOV
2015Q2,2015,Q2,2015-07-21,2015-06-30,332396000.0,1758628000.0,251873000.0,2.07,654568000.0,0.37220378613328114,8466817000.0,3592482000.0,2737125000.0,1613705000.0,4874335000.0,844355000.0,7489029000.0,8993016048.0,11004862048.0,22.64549924357035,1.6961743317396922,0.30790957215680936,0.7256860298812909,0.02859304720481661,22.64549924357035,0.09252544619569424,5.113654535239971,6.7637817903945905,2.503287712506284,0.1901858024765641,1.3075779737195847,0.007029566016849167,0.2077082804553352,1.081103423488184,0.03925867300545175,55.39822863971811,0.37220378613328114,0.6171874999999999,1.3043940363342128,0.15915352132340507,0.035667100411638564,0.04370343086840817,0.5865400219559925,0.308261264770809,0.7957515912924368,-0.05673856951706794,-0.18686916405890233,Specialty Industrial Machinery,Industrials,DOV
2015Q1,2015,Q1,2015-04-21,2015-03-31,209510000.0,1715501000.0,192525000.0,1.28,627159000.0,0.365583581705869,8646705000.0,3579110000.0,2671551000.0,1782054000.0,5067595000.0,861952000.0,7219850000.0,9025242800.0,11330132800.0,22.141107330652645,1.4991414401583791,0.32883925148365767,0.7944366057483564,0.02133275020134574,22.141107330652645,0.05853689883797927,5.260995359373151,10.769465419311727,2.5216444311574664,0.307584363514868,1.262648036085536,0.0071401957186126895,0.19839939028797676,0.9380742671097508,0.024230039072687226,85.06916384681365,0.365583581705869,0.2549019607843137,1.2426239182902392,0.25405857659607967,0.021164370234464193,-0.01972862588917145,0.23755124221768048,-0.17058701889523611,0.2145909068134908,-0.05499079542389609,-0.20070750312600874,Specialty Industrial Machinery,Industrials,DOV
2014Q4,2014,Q4,2015-02-13,2014-12-31,169294000.0,1727876000.0,232122000.0,1.02,639781000.0,0.3702702045748653,9090385000.0,3700725000.0,2896822000.0,2039354000.0,5389660000.0,863737000.0,7074782000.0,9534986406.9,11884402406.9,22.484643566702513,1.4204605968360569,0.33342889217563393,0.8190278931830925,0.026098629382725606,22.484643566702513,0.04574617135831492,5.518327939562792,14.08051438163786,2.5765184948624933,0.3889919311966165,1.2597526793456804,0.006906564644113672,0.19007731795738025,0.9161366785756666,0.018623413639796336,25.654717964247467,0.3702702045748653,-0.26086956521739124,0.9429095730345165,0.30362823440112463,0.030147707327704696,-0.2021108896765198,-0.2697934818239851,-0.3536600646557125,-0.32088809987443984,0.05527857526989707,-0.16211035978399596,Specialty Industrial Machinery,Industrials,DOV
2014Q3,2014,Q3,2014-10-16,2014-09-30,231844000.0,2092467000.0,359133000.0,1.38,801842000.0,0.38320413177364326,8959186000.0,3921939000.0,3116331000.0,1393964000.0,5037247000.0,908048000.0,6971224000.0,10772588024.9,12789677024.9,23.62315008342318,2.2355892978584815,0.30396991423104736,0.6943817841123995,0.038280453695179656,23.62315008342318,0.05911463691811627,5.1482714063829915,11.616203163441797,2.746750529495742,0.28554976622211486,1.4213180360509576,0.0061455055968887805,0.23355548149128727,1.4669101928026835,0.025877797380253073,42.25704320754717,0.38320413177364326,0.08661417322834636,1.432083670065306,0.5644992134272248,0.08835434728447586,0.006811758161867464,0.0835907814113919,0.055336142602746975,0.5058217079285094,0.06262540160434914,-0.1005764890850019,Specialty Industrial Machinery,Industrials,DOV
2014Q2,2014,Q2,2014-07-17,2014-06-30,213959000.0,2047738000.0,340302000.0,1.27,796417000.0,0.3889252433660947,8795074000.0,3896626000.0,2903529000.0,1231700000.0,4898448000.0,890606000.0,6804943000.0,12230062352.2,14329767352.2,23.406814277304566,2.3573345782252173,0.3009745000440019,0.6793295019845373,0.03596951035174135,23.406814277304566,0.054908785190059296,5.972474189666842,14.290193859804917,3.1386287398893296,0.29185498156188805,1.4050219738021077,0.005105861131506587,0.232827830669759,1.502654055370626,0.024327140396999503,52.520870185217795,0.3889252433660947,0.3655913978494623,1.4633761628442479,0.646213376067787,0.11562719525615377,0.08178112465346117,0.3360913711923466,0.1985545580378055,-0.040617721531209426,0.06328548665975726,-0.11172911256835848,Specialty Industrial Machinery,Industrials,DOV
2014Q1,2014,Q1,2014-04-17,2014-03-31,160138000.0,1884647000.0,283927000.0,0.93,736209000.0,0.39063495710337265,8664390000.0,3748078000.0,2701709000.0,1231409000.0,4916312000.0,840490000.0,6653429000.0,11209254525.0,13402644525.0,22.0799882179676,2.1939980948653126,0.3092461211926056,0.7148808002394827,0.03104305954816522,22.0799882179676,0.042725364840326165,5.947667931978773,17.499366991282518,2.9906673567092255,0.3995616280957674,1.366391033801711,0.005708229736178642,0.21751640911824144,1.4003527666274975,0.018482316700887194,-226.14805562280597,0.39063495710337265,-0.17699115044247776,2.2845714526096423,0.4975034352412584,0.08843685460595643,-0.11359605662224266,-0.17438892984744514,-0.10444705889774508,-0.09653658339422103,0.057864584363014504,-0.1312415060278501,Specialty Industrial Machinery,Industrials,DOV
2013Q4,2013,Q4,2014-02-14,2013-12-31,193963000.0,2209128000.0,317041000.0,1.13,830557000.0,0.3759659920113275,10838172000.0,5377396000.0,3240162000.0,1615580000.0,5460776000.0,926998000.0,7954536000.0,11003161283.400002,13027758283.400002,31.62671810947673,2.0055719927208804,0.2609738062839379,0.5259941800827017,0.02807851028823799,31.62671810947673,0.03607006067620833,4.980771274186014,14.182036372143141,2.0461876498215865,0.32845955156395806,1.4871348158248454,0.005790063269918169,0.20382846849081193,1.3388275418116093,0.017896283616831325,32.022890613295,0.3759659920113275,-0.2756410256410257,0.7576614163932796,0.3997091633522701,0.5510480629323251,-0.05257856613243598,-0.2792534019040258,-0.19607420517995974,0.07354958824090911,0.2930798987790292,0.3041711514382919,Specialty Industrial Machinery,Industrials,DOV
2013Q3,2013,Q3,2013-10-17,2013-09-30,269114000.0,2252349000.0,394366000.0,1.56,876650000.0,0.38921588084262254,10665130000.0,5284425000.0,3263170000.0,2018537000.0,5380705000.0,949618000.0,7824282000.0,10269528667.199999,12391995667.199999,30.985698705319447,1.6166015287309572,0.26837844451966364,0.5416466313742744,0.03514399652245516,30.985698705319447,0.050925881245357824,4.559474871434222,9.540128595316482,1.943357823642118,0.23734551156758846,1.4486867350871613,0.006219662271746212,0.21118814304185696,1.0786708393257096,0.02523307263952713,35.17226868873682,0.38921588084262254,-0.18324607329842926,0.5682025987553454,0.2528991166500601,0.47631919985631765,0.024181262500700972,-0.18462410126981146,0.12571790685194278,0.3167778082730514,0.3683573859483023,0.3224412909613605,Specialty Industrial Machinery,Industrials,DOV
2013Q2,2013,Q2,2013-07-18,2013-06-30,330049000.0,2228763000.0,350324000.0,1.91,855952000.0,0.3840480122830467,10349256000.0,4980872000.0,3048885000.0,1975099000.0,5368384000.0,917217000.0,7619041000.0,8928383757.9,11178025757.9,29.109011109747474,1.5436618620129927,0.275922443120549,0.5733116610906684,0.04144495206689362,29.109011109747474,0.06626329686850013,4.005981684862859,6.762922897736397,1.792534270685936,0.1816124272456514,1.4967134276839613,0.006713533112525891,0.21535490087403383,1.0150270948443596,0.031891084731114974,35.37520655609748,0.3840480122830467,0.5916666666666667,1.6962334205704326,0.22477521517313942,0.3911766689960839,0.10214750547885587,0.5716394527697224,0.19891444587800863,1.121358882148355,0.3619640259140869,0.331268735019915,Specialty Industrial Machinery,Industrials,DOV
2013Q1,2013,Q1,2013-04-17,2013-03-31,210003000.0,2039573000.0,292201000.0,1.2,776622000.0,0.3807767606258761,10234914000.0,4761781000.0,2919863000.0,1951458000.0,5473133000.0,905952000.0,7348933000.0,8344583280.0,10665343280.0,27.453651814953187,1.4962469087215815,0.28257384478267233,0.6073607753065502,0.02820050966473532,27.453651814953187,0.04410177620516357,4.091338373277152,9.933885801631405,1.7524080338848005,0.2871244696504336,1.394059508671541,0.007225885101358831,0.1992760271361342,0.9637947626851308,0.020518296489838606,280.84892568659126,0.3807767606258761,0.34831460674157294,0.5829909988272057,0.21974983137488624,0.3251265357948545,0.17276590346927126,0.31366820968347303,0.07415385859595852,1.0949979594180745,0.38954467345706434,0.26618288090049913,Specialty Industrial Machinery,Industrials,DOV
2012Q4,2012,Q4,2013-02-15,2012-12-31,159860000.0,1675768000.0,272029000.0,0.89,662214000.0,0.3951704531892243,10443943000.0,4919230000.0,3027844000.0,1986628000.0,5524713000.0,872841000.0,7199227000.0,7807763158.9,9807803158.9,27.751964661480223,1.5241122142645729,0.2681090848542548,0.5692183532788668,0.0264834632582656,27.751964661480223,0.03249695582438715,4.659214854860577,12.210313960496684,1.587192133504634,0.3867509070436632,1.1612126378114684,0.007918529128220941,0.16045357581901779,1.0198054190316457,0.015306479554704579,15.527979568990034,0.3951704531892243,-0.3206106870229008,-0.06379650188606353,-0.02197117332408023,0.35324630927753814,-0.21810066947681628,-0.3368070824655875,-0.265495184376156,0.7035239437426212,0.173957812717508,0.27147324728777095,Specialty Industrial Machinery,Industrials,DOV
2012Q3,2012,Q3,2012-10-17,2012-09-30,241046000.0,2208699000.0,370357000.0,1.31,846930000.0,0.3834519778385375,9910145000.0,5212666000.0,3277107000.0,1275979000.0,4697479000.0,923389000.0,7101193000.0,7255706315.5,8656903315.5,28.6783668843494,2.5683079423720923,0.22152006857619136,0.42114649202538584,0.03603885092209736,28.6783668843494,0.04624236427194837,3.285058903680402,7.525229951440804,1.391937698578808,0.2630991594965276,1.4747511612115805,0.008740568766478485,0.22287252103778502,1.7291899004607443,0.024323155715683272,31.767958053301925,0.3834519778385375,0.13913043478260884,0.525613174809098,0.32367768412295495,0.47385591359635054,0.03587708859010001,0.12585181760010464,0.1446775893455974,1.3096178269499277,0.5083801532324952,0.3212558512043252,Specialty Industrial Machinery,Industrials,DOV
2012Q2,2012,Q2,2012-07-18,2012-06-30,214101000.0,2156508000.0,323547000.0,1.15,817597000.0,0.3791300565543926,9804405000.0,5110264000.0,3205314000.0,1261709000.0,4694141000.0,921040000.0,6923566000.0,6594168829.8,8003355829.8,27.84976075512006,2.5404542568849076,0.2238944637639918,0.4295574553486865,0.03210598254955258,27.84976075512006,0.04189626993830456,3.057799382056547,7.699834225202125,1.2903773327170573,0.2698305939720039,1.4536947363849562,0.008760922186117607,0.21995297011904344,1.6693310422609333,0.02183722520642507,36.66482529774812,0.3791300565543926,0.09523809523809511,0.3852417303253666,0.29242320063957866,0.4241934823702799,0.0477660561510347,0.09200104048188593,0.08049251279037149,1.2363687641012786,0.5728501820846237,0.32738911462698134,Specialty Industrial Machinery,Industrials,DOV
2012Q1,2012,Q1,2012-04-18,2012-03-31,196063000.0,2063364000.0,299444000.0,1.05,780324000.0,0.37818048584738323,9698579000.0,5089677000.0,3238769000.0,1205634000.0,4608902000.0,880443000.0,6767236000.0,7752047767.0,9047338767.0,27.700882239287676,2.6863616984922456,0.22634934457924197,0.4313175472628224,0.030324691033784986,27.700882239287676,0.03852169793878865,3.756994775037269,9.884638824000449,1.5230922840486736,0.29553255841234705,1.457266398846944,0.007474541145974339,0.212749104791537,1.8029236069984755,0.0202156418997051,119.08822132268223,0.37818048584738323,-0.30674999730495994,0.6921686916129013,0.2897798472562679,0.4673256442363749,0.09045479635827527,-0.2954698173481525,0.0842192161747241,2.7152934268885875,0.5147006812018633,0.3655198017635339,Specialty Industrial Machinery,Industrials,DOV
2011Q4,2011,Q4,2012-02-10,2011-12-31,278289000.0,1827853000.0,276184000.0,1.514605114919695,715595000.0,0.3914948302735504,9501450000.0,4930555000.0,3397130000.0,1202981000.0,4570895000.0,803346000.0,6629116000.0,7149739507.3,8130236507.3,26.834850901016125,2.8239265624311605,0.23020191654957928,0.4436117232238561,0.030496332937839394,26.834850901016125,0.05644171903568665,3.9115506046164543,6.422944769017101,1.4500881761383861,0.2088045161684436,1.3845316961807241,0.00812728910482274,0.19237621626172846,1.9925667986443676,0.02928910850449142,26.57520315828991,0.3914948302735504,0.664401225186478,1.6128216164456304,0.197819269430815,0.43965925955532503,-0.1295004811137022,0.6153296958439749,-0.18216410374858233,1.3336388051664285,0.0717153779671503,0.3160437123138309,Specialty Industrial Machinery,Industrials,DOV
2011Q3,2011,Q3,2011-10-21,2011-09-30,172280000.0,2203388000.0,337701000.0,0.91,822051000.0,0.37308499456291855,9513036000.0,4879206000.0,3292748000.0,1286654000.0,4633830000.0,848934000.0,6408935000.0,5803027529.0,7073034529.0,26.264768261829143,2.5591557637095907,0.22989832057820447,0.4482350202061565,0.03553623389355258,26.264768261829143,0.035309023640321804,2.633683912683558,8.420924554504294,1.1893384966734342,0.339215231019271,1.6271429816687752,0.010070605336258089,0.2316177506318698,1.7540457652173778,0.018109886265541306,17.724959082814845,0.37308499456291855,-0.3106060606060606,0.1275409048792485,0.4624371066539071,0.4091503993695781,0.00759201673822741,-0.3102426642217409,-0.01178133422293234,-0.07835938595125229,0.12520657601177312,0.25138961794844106,Specialty Industrial Machinery,Industrials,DOV
2011Q2,2011,Q2,2011-07-22,2011-06-30,249769000.0,2156871000.0,341727000.0,1.32,815857000.0,0.3782595250249088,9482038000.0,4912957000.0,3753415000.0,1263966000.0,4569081000.0,882512000.0,6295095000.0,8473610618.4,9310177618.4,26.35098662862108,2.969553769642538,0.23560188221139802,0.45471311879994064,0.0381472217408528,26.35098662862108,0.050838832906536735,3.9286589779360934,8.481447475867702,1.7247475641248233,0.20524965067722575,1.5195419439055786,0.006049959374895131,0.227469136909175,2.1526599607900847,0.026341278109199732,62.656560743572484,0.3782595250249088,0.28155339805825247,2.798463525061224,0.42490779042268895,0.4793822755695665,0.08951624211264314,0.2814909827864857,0.26422276974983905,0.8726190985811489,0.08779865656955109,0.25936527574067225,Specialty Industrial Machinery,Industrials,DOV
2011Q1,2011,Q1,2011-04-21,2011-03-31,194905000.0,1959021000.0,270306000.0,1.03,748825000.0,0.3822444986551956,9360143000.0,4744044000.0,3591317000.0,1273850000.0,4616099000.0,845230000.0,6096591000.0,8225670146.1,9073145146.1,25.41556528214552,2.819262079522707,0.23777350410137965,0.46913435035594103,0.02952335184414631,25.41556528214552,0.04108414677435538,4.198867774311761,10.550871124522203,1.7338941515087127,0.263415510120315,1.4317948960637932,0.006241558327541504,0.2092939178386484,2.034358048435844,0.020822865633569915,110.41316186928684,0.3822444986551956,-0.03069972976788275,0.04155392388455964,0.27900259057810733,0.4556826685471539,0.039864300017497134,-0.01735838022062234,0.003374202385327231,0.3652000280959131,0.08865674012536082,0.22675264495245054,Specialty Industrial Machinery,Industrials,DOV
2010Q4,2010,Q4,2011-02-11,2010-12-31,198348000.0,1875541000.0,269397000.0,1.0626222148409668,720118000.0,0.3839521503395554,8562894000.0,4526562000.0,3261871000.0,1194386000.0,4036332000.0,714110000.0,5953027000.0,7313504944.900001,7933954944.900001,24.250435285734948,2.731002372767263,0.2111214970079041,0.39937838032484696,0.0334425534595121,24.250435285734948,0.04381868623471853,3.8994108605996884,9.218022043201847,1.6156864624631233,0.2594581241051082,1.6179902255954965,0.0070367081703947175,0.21903120603851922,2.0067206079106756,0.023163664060304845,19.471369890283093,0.3839521503395554,-0.10704015559582622,0.8604467370431166,0.2821072961598414,0.48084320203058734,0.042449702805756856,-0.11356414714045021,-0.08013876606104478,0.10309454407845209,0.03948633585999456,0.18250410192920122,Specialty Industrial Machinery,Industrials,DOV
2010Q3,2010,Q3,2010-10-22,2010-09-30,223759000.0,1802158000.0,292867000.0,1.19,690794000.0,0.3833148924789058,8354000000.0,4375000000.0,3103000000.0,1199000000.0,3978000000.0,725000000.0,5806000000.0,6534917574.3,7509097574.3,23.430679998500437,2.5879899916597164,0.22027531721331098,0.42061257142857145,0.04025033469522119,23.430679998500437,0.051144914285714285,3.6261623976921005,7.301290198718263,1.4936954455542857,0.22952819774847044,1.5329158620689656,0.007859165692002078,0.21572396456787168,1.8874061718098416,0.026784654057936317,41.496546086829525,0.3833148924789058,0.32222222222222213,0.9787594250485996,0.2510882358606016,0.45231425380442486,0.003043423968125361,0.3172367104256196,0.1056215999909396,0.3785970075090549,0.0513586548416722,0.20416362670286783,Specialty Industrial Machinery,Industrials,DOV
2010Q2,2010,Q2,2010-07-23,2010-06-30,169870000.0,1786696000.0,264889000.0,0.9,688698000.0,0.3854589700766107,8083000000.0,4085000000.0,2846000000.0,1260000000.0,3998000000.0,672000000.0,5634000000.0,5233547428.2,6369252428.2,21.865616117929804,2.2587301587301587,0.23193183224050476,0.45892411260709914,0.031485319697908534,21.865616117929804,0.04158384332925336,2.92917621587556,7.702283258079708,1.281162161126071,0.28598928592453055,1.6339255952380953,0.009282613880258406,0.22104367190399604,1.626984126984127,0.02101571198812322,28.467173043596507,0.3854589700766107,0.5517241379310346,0.06547745419138476,0.22501245885763874,0.4010068145302984,0.12503675533687492,0.5710374932948598,0.304955489760428,0.07948120084254946,0.051709661057476285,0.1181736258700554,Specialty Industrial Machinery,Industrials,DOV
2010Q1,2010,Q1,2010-04-23,2010-03-31,108126000.0,1583270000.0,202987000.0,0.58,612156000.0,0.38664030771757185,8026901000.0,4056591000.0,2755702000.0,1186454000.0,3970310000.0,619528000.0,5512452000.0,5863157852.6,7160995852.6,21.68221686540918,2.322637034389871,0.24768375740525517,0.49009944556895185,0.023040608643844263,21.68221686540918,0.026654400209436938,3.7031951926077045,13.556308965003792,1.4453411380639558,0.4503634648465679,1.5675062305497087,0.008305421962740762,0.19724548739295528,1.6877257778219805,0.013470453914904394,125.53597800235522,0.38664030771757185,0.09556921896454239,0.19932672493429554,0.1893324885139816,0.40667893527060245,0.08263033351372574,0.09165253210564575,0.23172470706739726,-0.08353215674500923,-0.02807265124544837,0.14851478576327953,Specialty Industrial Machinery,Industrials,DOV
2009Q4,2009,Q4,2010-02-19,2009-12-31,99048000.0,1506661000.0,164799000.0,0.5294051621386155,565434000.0,0.3752894645842694,7882403000.0,4083608000.0,2522707000.0,969176000.0,3798795000.0,570858000.0,5453022000.0,5218528921.1,6365047921.1,21.82662098528539,2.602940023277506,0.23608079921820796,0.45569604134383124,0.02017209847847573,21.82662098528539,0.02425502153977561,3.463638417069268,13.171717049057024,1.2779211229628311,0.4890860996688474,1.6487935703800245,0.009282884263442738,0.19114234580495312,1.8747141901986843,0.012565711243132329,23.604281273633553,0.3752894645842694,-0.07121901379190247,0.11017321158153359,0.15397010347720344,0.42527880805204565,0.012839757391637677,-0.07331312450881329,-0.08516661948140623,-0.08673142730868269,-0.03037309355572135,0.17097341521211246,Specialty Industrial Machinery,Industrials,DOV
2009Q3,2009,Q3,2009-10-23,2009-09-30,106884000.0,1499611000.0,180141000.0,0.57,558266000.0,0.3722738763586023,7772311000.0,4040414000.0,2589568000.0,943453000.0,3731897000.0,567322000.0,5402417000.0,4836534565.599999,6099894565.599999,21.705384962502954,2.7447768993261987,0.23942222589909232,0.46056270471293287,0.021202823109816204,21.705384962502954,0.02645372479156839,3.225192777060184,11.312578509412074,1.1970393542839917,0.4528086523707945,1.6592781524425282,0.010006751599426635,0.19294274251249083,1.9772601284854678,0.013751894385080576,21.513589363604414,0.3722738763586023,0.09615384615384602,-0.029197648727819506,0.13424335921045816,0.49281860064947125,0.13167379538221402,0.10098887515451174,0.4035356998161249,-0.30188439154359525,-0.006696325289333004,0.1645315726174763,Specialty Industrial Machinery,Industrials,DOV
2009Q2,2009,Q2,2009-07-24,2009-06-30,97080000.0,1390331000.0,128348000.0,0.52,493310000.0,0.3548147887085881,7670454000.0,3903908000.0,2480318000.0,1000490000.0,3766546000.0,592160000.0,5343931000.0,4127293098.0,5412518098.0,20.98085666684581,2.4791032394126877,0.25797495167821877,0.5068728566349412,0.021578103967819326,20.98085666684581,0.02486738929298539,2.9685687063008737,10.6285875,1.0572208919882333,0.47929542645241036,1.5148287624966226,0.011273732903182346,0.1812579802968638,1.7074603444312286,0.012656356455563126,26.876346964822943,0.3548147887085881,0.7931034482758622,-0.055349347345852506,0.10029164182917662,0.4922345906648662,0.02316117832261383,0.8171268132896584,0.11847184823054735,0.47934312522786315,-0.07965528927734772,0.17789545858919087,Specialty Industrial Machinery,Industrials,DOV
2009Q1,2009,Q1,2009-04-22,2009-03-31,53425000.0,1379085000.0,114753000.0,0.29,482143000.0,0.34961079266325135,7596833000.0,3773412000.0,2415914000.0,1010944000.0,3823421000.0,617568000.0,5293380000.0,3289325518.4999995,4797074518.5,20.28596158291714,2.3897604615092427,0.2643284379161685,0.532160018572051,0.012887722402414595,20.28596158291714,0.014158273732102405,2.385150674904012,15.39225792466074,0.8717112042098768,0.8704351895180159,1.452377713871185,0.014137548788788264,0.18153419984354008,1.6182380032919728,0.007032535794850301,42.929817132378844,0.34961079266325135,-0.5531803987509007,-0.2981788809998883,0.21194306664567625,0.48206232391315923,-0.20503908497788126,-0.5574726448930231,-0.5034938408885389,-0.7135072625976042,-0.0964885208005225,0.16188337199057667,Specialty Industrial Machinery,Industrials,DOV
2008Q4,2008,Q4,2009-02-20,2008-12-31,120727000.0,1726648000.0,231121000.0,0.6490315088892592,606499000.0,0.35125804448851183,7867304000.0,3792866000.0,2614185000.0,1237580000.0,4074438000.0,636121000.0,5286458000.0,4104797742.5,5643061742.5,20.390546795619613,2.112336172207049,0.2651064456133893,0.5498936687982122,0.030920507713100995,20.390546795619613,0.03183001983196875,2.377321690639899,8.50016512979698,1.0822416986257886,0.3851665327557216,1.760905550987941,0.011328207360511626,0.21947137164141617,1.486807317506747,0.015345409304127564,19.183449277021722,0.35125804448851183,-0.3509684911107408,0.7270995568246684,0.7021148022579806,0.5098695277810558,-0.1389152728145236,-0.3566373567812417,-0.14193375929549176,0.1363291074541547,0.1844368931411938,0.2451406439595695,Specialty Industrial Machinery,Industrials,DOV
2008Q3,2008,Q3,2008-10-22,2008-09-30,187650000.0,1965776000.0,269351000.0,1.0,704343000.0,0.3583027771221136,8316482000.0,3914100000.0,2826853000.0,1537028000.0,4402382000.0,695922000.0,5217993000.0,5069135464.799999,6762452464.799999,20.988481832611214,1.8391681869165688,0.2728616499139901,0.5797626529725863,0.03237822909481807,20.988481832611214,0.047942055644975855,2.57869435011924,6.753444530775379,1.2950960539587644,0.24658140154543032,1.8126068726092868,0.009127986482370638,0.23637110018394797,1.2945522137527747,0.0225636272645092,16.68988547139682,0.3583027771221136,0.4084507042253522,1.4163380226409295,0.8507394171855751,0.6352570670909259,-0.04769482666075371,0.38716402022531715,-0.08098932743749318,0.6615114022149602,0.366379627268136,0.3009383992768166,Specialty Industrial Machinery,Industrials,DOV
2008Q2,2008,Q2,2008-07-23,2008-06-30,135276000.0,2010978000.0,293088000.0,0.71,739619000.0,0.3677906968649085,8386761000.0,3956607000.0,2836099000.0,1546421000.0,4430154000.0,709097000.0,5076614000.0,6131202765.400001,7730972765.400001,20.92402191502639,1.833976000067252,0.2792951891677848,0.592017857725066,0.03287842930491062,20.92402191502639,0.034189900589065327,3.048866156367698,11.330913771474616,1.5496112617199536,0.2802566604571395,1.7929267787058751,0.006183452325854798,0.23978005334836655,1.2802781390061309,0.016129707285088963,30.868699164241626,0.3677906968649085,-0.06578947368421058,0.9902476416653629,0.9154057285172776,0.6664100690937389,0.08490530058556392,-0.08085557427841496,0.2568096054888508,-0.1616971869225195,0.3622278436005165,0.3406755671657122,Specialty Industrial Machinery,Industrials,DOV
2008Q1,2008,Q1,2008-04-23,2008-03-31,147176000.0,1855062000.0,233200000.0,0.76,681736000.0,0.3675003854318616,8203445000.0,3986594000.0,2653265000.0,1323694000.0,4216851000.0,711746000.0,4979248000.0,5389141998.4,6937927998.4,20.717758699538518,2.00443984788025,0.2662876389126763,0.5479554727669785,0.026655831055057932,20.717758699538518,0.03691772977132861,2.90510074509639,9.154247293036908,1.351816111297012,0.26083057020166334,1.6485178701390664,0.00712321182321734,0.2261320701241978,1.3500030973925998,0.017940755377771168,48.67976440662656,0.3675003854318616,-0.21105371053710534,1.603451768756058,0.8987639539403133,0.722394369336615,0.01440054281029316,-0.20601627068902267,-0.054936860704501614,0.5872402580143651,0.35489309518593204,0.34410770492540776,Specialty Industrial Machinery,Industrials,DOV
2007Q4,2007,Q4,2008-02-28,2007-12-31,185364000.0,1860022000.0,246756000.0,0.9633101899970897,672058000.0,0.3613172317316677,8069770000.0,3946173000.0,2544238000.0,1681192000.0,4123597000.0,681600000.0,4870460000.0,5945093419.2,7433333419.2,20.507696545129505,1.5133536205263884,0.2590720677293157,0.5297922822947702,0.031015026093654714,20.507696545129505,0.04697310533521972,3.196248979420673,8.018133805917007,1.506546575428903,0.20985736173151207,1.7429049295774648,0.006543210889566571,0.23049256670264456,1.0112521353896522,0.022970171392741056,20.80493508122371,0.3613172317316677,0.12012812790359273,11.975171007472278,0.951150592935049,0.7336313563041493,0.0012932254652184925,0.061704211557296766,-0.07461757415067523,1.020080731850272,0.3851454902651784,0.33915301445149704,Specialty Industrial Machinery,Industrials,DOV
2007Q3,2007,Q3,2007-10-24,2007-09-30,174591000.0,1843829000.0,266653000.0,0.86,671190000.0,0.3640196569204628,7949063000.0,3908150000.0,2495274000.0,1614508000.0,4040913000.0,719729000.0,4723996000.0,6910907054.999999,8430989054.999999,19.458053273587254,1.5455321373446276,0.24733795668747374,0.5030781827718998,0.033389445572434506,19.458053273587254,0.04467356677711961,3.748127974448823,9.895852385002662,1.7683320893517391,0.22760050632621384,1.6292785201096525,0.005749896458417933,0.2319555147568965,1.00222730392169,0.021963720755515462,35.598276749289155,0.3640196569204628,0.023809523809523832,2.120957113039223,0.7287745901814979,0.6744488757074206,0.006020927105863097,0.013920345656643088,0.016177098259199416,0.46969261537984636,0.2925126656512328,0.3382551799666305,Specialty Industrial Machinery,Industrials,DOV
2007Q2,2007,Q2,2007-07-25,2007-06-30,172194000.0,1858965000.0,262408000.0,0.84,667173000.0,0.35889486891899525,7807817000.0,3997599000.0,2432513000.0,1362528000.0,3810218000.0,740728000.0,4589142000.0,7009448355.599999,8356048355.599999,19.55475930754142,1.7852939535921464,0.22496211168883698,0.4393794875373943,0.033302410999096387,19.55475930754142,0.04307435538181793,3.7706187881966575,10.176673338792293,1.7534145759992434,0.219903132513328,1.608946873886231,0.005402136955577686,0.2380902370022248,1.1224613365743676,0.022054051727902948,34.39713590931396,0.35889486891899525,0.33333333333333326,2.0923001364897296,0.6796352646160295,0.6988811997889968,0.04916096749387886,0.33555157409777325,0.21778355299795804,0.5250675505475972,0.3390303643116239,0.39080537626235634,Specialty Industrial Machinery,Industrials,DOV
2007Q1,2007,Q1,2007-04-25,2007-03-31,128931000.0,1780187000.0,215480000.0,0.63,635911000.0,0.35721584305469034,7847336000.0,3859838000.0,2451271000.0,1476769000.0,3987498000.0,742444000.0,4454814000.0,6689649028.7,8194870028.7,18.878483006206682,1.6598879039308112,0.2484378138007599,0.5050924417035119,0.026556465394972244,18.878483006206682,0.03340321536810612,3.7578350076143683,12.971374279071751,1.733142434656584,0.29385485259557437,1.54122869873014,0.005663525819883347,0.22685239933653917,1.0499231768814214,0.016429906913632854,392.9309267958884,0.35721584305469034,0.08680315558555528,1.5154529979691207,0.7471876301105492,0.7100353394617003,0.05667284253204942,0.08784171447856902,-0.0410239521491068,0.5409051137728947,0.4232901781890979,0.3792340225910229,Specialty Industrial Machinery,Industrials,DOV
