Quarters,Year,Quarter,FillingDate,Date,NetIncome,Revenue,OperatingIncome,EPSDiluted,GrossProfit,GrossProfitRatio,TotalAssets,CommonStockEquity,CurrentAssets,CurrentLiability,TotalLiability,Inventory,RetainedEarnings,MarketCap,EnterpriseValue,bookValuePerShare,currentRatio,debtToAssets,debtToEquity,roic,shareholdersEquityPerShare,roe,priceToSalesRatio,peRatio,pbRatio,payoutRatio,inventoryTurnover,dividendYield,assetTurnover,quickRatio,returnOnAssets,priceToFreeCashFlowsRatio,grossProfitMargin,epsdilutedGrowth,fiveYNetIncomeGrowthPerShare,fiveYRevenueGrowthPerShare,fiveYShareholdersEquityGrowthPerShare,grossProfitGrowth,netIncomeGrowth,operatingIncomeGrowth,threeYNetIncomeGrowthPerShare,threeYRevenueGrowthPerShare,threeYShareholdersEquityGrowthPerShare,Industry,Sector,Symbol
2023Q1,2023,Q1,2023-02-16,2023-03-31,17245000.0,72457000.0,14195000.0,0.36,33864000.0,0.4673668521,683365000.0,404546000.0,561571000.0,74453000.0,278819000.0,64536000.0,215965000.0,1262198700.0,1269009700.0,9.086429181079017,7.542624205874847,0.2868306102887915,0.4845184478402951,0.02111423152092132,9.086429181079017,0.04262803241164169,17.419969085112548,18.298038561902004,3.1200375235449123,0.0,0.5980073137473658,0.0,0.10602972057392462,6.473923146145891,0.02523541591975006,52.495370986524705,0.46736685206398276,-0.20000000000000004,2.936606841350468,1.1431713836703343,2.6937464845600094,-0.15225554498573074,-0.20430950952798413,0.1038961038961039,4.387183290517759,1.0850614207814044,1.5102480353710082,Semiconductor Equipment & Materials,Technology,CAMT
2022Q4,2022,Q4,2022-12-31,2022-12-31,21673000.0,82175000.0,12859000.0,0.45,39946000.0,0.4861089139,677087000.0,384102000.0,556964000.0,88500000.0,292985000.0,65541000.0,198720000.0,974958120.0,1022539120.0,8.651530508818164,6.293378531073446,0.29100248564807774,0.5129731165159255,0.019641053935692463,8.651530508818164,0.056425116245164046,11.864412777608761,11.24622940986481,2.5382792070856177,0.0,0.6443142460444607,0.0,0.1213654966053107,5.426745762711865,0.032009180504130194,2074378.9787234042,0.4861089139032552,0.046511627906976785,5.081825893356467,1.55277648380437,2.6580248568381712,0.0021826939963370882,0.0462466811489259,-0.376865671641791,3.095401227506152,1.154686970523875,1.4532396625411317,Semiconductor Equipment & Materials,Technology,CAMT
2022Q3,2022,Q3,2022-09-30,2022-09-30,20715000.0,81990000.0,20636000.0,0.43,39859000.0,0.4861446518,642737000.0,360058000.0,536093000.0,79587000.0,282679000.0,69809000.0,177047000.0,1028052900.0000001,1135250900.0,8.114897453234168,6.735936773593678,0.30411039040851856,0.5428653161435102,0.03395113148241659,8.114897453234168,0.05753239755817118,12.538759604829858,12.407107168718321,2.8552424887101524,,0.6035181710094687,,0.1275638402643694,5.725105858997073,0.03222935664198576,0.0,0.4861446517868033,0.07499999999999993,0.41527939082190785,1.7473227204974118,2.3725783210384503,-0.008309904709775334,0.07986237814731793,-0.011449101796407186,3.3222718345084856,1.1933712567256654,1.3925662694698442,Semiconductor Equipment & Materials,Technology,CAMT
2022Q2,2022,Q2,2022-06-30,2022-06-30,19183000.0,79578000.0,20875000.0,0.4,40193000.0,0.50507678,625152000.0,336782000.0,541727000.0,86265000.0,288370000.0,70075000.0,156332000.0,1093989160.0,1234178160.0,7.653092760078171,6.279800614385904,0.31389166154791154,0.582661781211585,0.03553332486195068,7.653092760078171,0.05695969499557577,13.747381939732087,14.257274148986081,3.2483599479782175,0.0,0.5620406707099537,0.0,0.12729384213759215,5.430151278038602,0.030685337325962327,63.893771755636024,0.5050767800145769,0.05263157894736847,4.976780424963974,1.8198276226434846,2.6979458158857463,0.00840483717196046,0.043802372401784744,0.00399191996921893,1.2324037844913307,0.9383917883608397,1.1308849540936883,Semiconductor Equipment & Materials,Technology,CAMT
2022Q1,2022,Q1,2022-03-31,2022-03-31,18378000.0,77166000.0,20792000.0,0.38,39858000.0,0.5165228209,606654000.0,314670000.0,526500000.0,90824000.0,291984000.0,63844000.0,137149000.0,1335731920.0,1454413920.0,7.175727446866733,5.796925922663613,0.321329786006521,0.6194934375695172,0.03719555096727176,7.175727446866733,0.058404042330060066,17.309850452271725,18.170256828817063,4.24486579591318,,0.5843618820875885,,0.12719935910749786,5.017869726063595,0.03029403910631101,0.0,0.5165228209314984,0.35714285714285704,3.4904655873954713,1.020712814835861,2.303606634520445,0.06061734965407131,0.44028213166144203,0.06342062193126023,1.536383138051531,0.887727606989524,1.4175364313731755,Semiconductor Equipment & Materials,Technology,CAMT
2021Q4,2021,Q4,2021-12-31,2021-12-31,12760000.0,74171000.0,19552000.0,0.28,37580000.0,0.5066670262,583757000.0,293627000.0,520180000.0,89687000.0,290130000.0,58759000.0,118771000.0,2018623800.0,1974255800.0,6.696932375413388,5.7999487105154595,0.3384541855600875,0.6728774942358843,0.02598108446153703,6.696932375413388,0.043456494123496815,27.21580941338259,39.54983934169279,6.874789443750064,0.0,0.622730134958049,0.0,0.12705800530015057,5.116170682484641,0.021858410263174574,99.81821688176828,0.5066670261962223,-0.3170731707317072,3.3831098658106478,1.0386939605834893,2.22664984128825,0.04992596317715754,-0.3104566333423399,-0.029436584760486474,0.8369926166806889,0.8582091229467206,1.4065026651026442,Semiconductor Equipment & Materials,Technology,CAMT
2021Q3,2021,Q3,2021-09-30,2021-09-30,18505000.0,70686000.0,20145000.0,0.41,35793000.0,0.506366182836771,365634000.0,279233000.0,327679000.0,82672000.0,86401000.0,56968000.0,106011000.0,1775391260.0,1658175260.0,6.371400538493132,3.9636031546351846,0.0017394443623951822,0.002277667754169457,0.06484687055768402,6.371400538493132,0.06627082042595252,25.116589706589707,23.985291272629016,6.358099723170255,0.0,0.6125017553714366,0.0,0.1933244720129966,3.246092994000387,0.050610720009627116,116.42673355629877,0.506366182836771,0.17142857142857143,12.845330924527227,1.0036556764983682,2.1761756957558425,0.022832485568954678,0.18227702530028111,0.18221830985915494,2.0094712853766206,0.8146379452526742,1.4396561169956088,Semiconductor Equipment & Materials,Technology,CAMT
2021Q2,2021,Q2,2021-06-30,2021-06-30,15652000.0,67450000.0,17040000.0,0.35,34994000.0,0.5188139362490733,344147000.0,259163000.0,308355000.0,81328000.0,84984000.0,54346000.0,87506000.0,1644495390.0,1564867390.0,5.942878763557981,3.7914986228605154,0.0020659776200286505,0.002743447174172239,0.0594508081723186,5.942878763557981,0.06039442358670026,24.380954633061528,26.266537662918477,6.345409607081258,0.0,0.5972104662716667,0.0,0.19599182907304147,3.1066176470588234,0.045480564991122976,86.20303978612989,0.5188139362490733,0.16666666666666663,8.873143060373875,1.004131925739185,2.0133818931352923,0.20764744452496808,0.17155688622754492,0.1834155149663171,1.9908346921518147,0.8324591178670823,1.4238692513709237,Semiconductor Equipment & Materials,Technology,CAMT
2021Q1,2021,Q1,2021-03-31,2021-03-31,13360000.0,57352000.0,14399000.0,0.3,28977000.0,0.5052482912540103,308670000.0,241996000.0,272965000.0,63360000.0,66674000.0,44645000.0,71854000.0,1294341100.0,1239394100.0,5.590242324840029,4.308159722222222,0.0,0.0,0.05376619136900465,5.590242324840029,0.055207524091307296,22.568369019389035,24.220454715568863,5.348605348848741,,0.6355694926643521,,0.18580360903229987,3.5410511363636363,0.04328246995172838,0.0,0.5052482912540103,0.6666666666666666,453.55088667636886,0.9147625272308272,1.8929637024880364,0.24332789839526303,0.7427602400208714,0.7942679127725857,2.1366236605419338,0.7447059108134919,1.2725030398315786,Semiconductor Equipment & Materials,Technology,CAMT
2020Q4,2020,Q4,2020-12-31,2020-12-31,7666000.0,48619000.0,8025000.0,0.18,23306000.0,0.47935992101853186,287908000.0,227264000.0,261918000.0,57384000.0,60644000.0,39736000.0,58494000.0,895987540.0,791587540.0,5.557392282486428,4.564303638644918,0.004914764438640121,0.006226239087580963,0.03409429574203694,5.557392282486428,0.03373169529709941,18.428752956663033,29.2195258283329,3.9424965678682065,0.0,0.6370293940004027,0.0,0.16886991677897106,3.85633626097867,0.02662656126262556,122.92324598710385,0.47935992101853186,0.2,1.5583003889494793,0.6219190607307193,1.8653139529830907,0.1997940797940798,0.27257636122177953,0.26957759848125296,1.335488856561957,0.63973298087845,1.3497667941892297,Semiconductor Equipment & Materials,Technology,CAMT
2020Q3,2020,Q3,2020-09-30,2020-09-30,6024000.0,40061000.0,6321000.0,0.15,19425000.0,0.4848855495369561,200940000.0,153998000.0,177257000.0,44751000.0,46942000.0,34436000.0,50828000.0,602526880.0,577191880.0,3.930927098223402,3.9609617662175145,0.0035184632228525926,0.004590968713879401,0.03696610598594852,3.930927098223402,0.0391173911349498,15.040235640648012,25.005265604249672,3.912563020298965,0.0,0.5992565919386689,0.0,0.1993679705384692,3.171571584992514,0.029979098238280082,141.04093632958802,0.4848855495369561,0.15384615384615377,4.432092051024984,0.3647739379891133,0.7371178072007214,0.14649117629699582,0.13489073097211757,0.16839186691312386,-0.5338651798589605,0.5203371753507121,0.6337063517379569,Semiconductor Equipment & Materials,Technology,CAMT
2020Q2,2020,Q2,2020-07-07,2020-06-30,5308000.0,37000000.0,5410000.0,0.13,16943000.0,0.4579189189189189,197323000.0,146492000.0,174057000.0,48731000.0,50831000.0,29537000.0,44804000.0,491035140.0,459338140.0,3.753029487869239,3.5717920830682726,0.003912367032733133,0.005269912350162467,0.03411567607681477,3.753029487869239,0.03623406056303416,13.27122,23.127126036171816,3.3519587417742946,0.0,0.6790466194941938,0.0,0.18750981892632893,2.948923683076481,0.026900057266512265,46.15425697903938,0.4579189189189189,0.857142857142857,5.837207576627093,0.2134307855736852,0.5557912279588433,0.24976027144648522,0.9093525179856116,0.8863319386331938,2.2405833913370032,0.47812522117752604,0.8134498204383607,Semiconductor Equipment & Materials,Technology,CAMT
2020Q1,2020,Q1,2020-04-06,2020-03-31,2780000.0,30179000.0,2868000.0,0.07,13557000.0,0.44921965605222175,180047000.0,139957000.0,157286000.0,37903000.0,40090000.0,26476000.0,39496000.0,325559300.0,276473300.0,3.6197336092072936,4.14969791309395,0.0,0.0,0.017566383892047403,3.6197336092072936,0.019863243710568246,10.787610590145466,29.276915467625898,2.326138028108633,,0.6278138691645264,,0.16761734436008374,3.3698387990396537,0.015440412781107155,0.0,0.44921965605222175,-0.4127418245272571,41.163614479403954,0.09431402483162916,0.6763126137738577,-0.14418281674136735,-0.3965704362925982,-0.3748910200523104,-0.22961234976040093,-0.10369701449108763,0.6664757761661314,Semiconductor Equipment & Materials,Technology,CAMT
2019Q4,2019,Q4,2020-01-21,2019-12-31,4607000.0,33201000.0,4588000.0,0.119198,15841000.0,0.477124183006536,170369000.0,136302000.0,147702000.0,31606000.0,34067000.0,23803000.0,36716000.0,418579272.57,381358272.57,3.526573714309133,4.673226602543821,0.004848299866759798,0.0060600724860970494,0.03034603492727215,3.526573714309133,0.033799944241463806,12.607429672901418,22.714308257542868,3.07096941035348,0.0,0.7293198336344159,0.0,0.19487700227154,3.898437005631842,0.02704130446266633,66.25186333808168,0.477124183006536,0.0836181818181818,52.45504198074726,0.2716374798859239,0.6360808345685056,0.04093836246550138,0.10665385539274562,0.049165332723530755,0.7952325198017807,0.035237222273519005,0.6991389307353539,Semiconductor Equipment & Materials,Technology,CAMT
2019Q3,2019,Q3,2019-11-07,2019-09-30,4163000.0,32470000.0,4373000.0,0.11,15218000.0,0.4686787804126886,164036000.0,130720000.0,140425000.0,30941000.0,33316000.0,26479000.0,32109000.0,361514580.00000006,302474580.00000006,3.391712721517345,4.538476455188908,0.0,0.0,0.030534005311382194,3.391712721517345,0.03184669522643819,11.133802894979983,21.70997958203219,2.7655644124847005,1.5736247898150373,0.6515351788209525,0.018120984221438593,0.19794435367846083,3.60783426521444,0.025378575434660683,84.68366830639495,0.4686787804126886,-0.42105263157894735,4.326634797104651,0.14402723952708474,0.575938967845138,-0.0815378115758344,-0.42092085130059814,-0.3117721120553982,2.5418447231989023,0.04660023744005962,0.6907861070710656,Semiconductor Equipment & Materials,Technology,CAMT
2019Q2,2019,Q2,2019-06-30,2019-06-30,7189000.0,34346000.0,6354000.0,0.19,16569000.0,0.4824142549350725,166791000.0,132225000.0,143928000.0,32071000.0,34566000.0,29809000.0,34497000.0,318458400.0,233190400.0,3.591509126466754,4.487792709924854,0.0,0.0,0.044625694497437834,3.591509126466754,0.054369446020041595,9.272066616199849,11.074502712477397,2.408458309699376,0.0,0.5963635143748532,0.0,0.20592238190310028,3.481494184777525,0.043101846022866944,46.92873563218391,0.4824142549350725,0.1875,1.9568793102964135,0.22719040287137657,0.6874210985421243,-0.03421543483329447,0.19279907084785133,-0.04551599819738621,4.371475521554662,0.20881556820252825,0.821102028378856,Semiconductor Equipment & Materials,Technology,CAMT
2019Q1,2019,Q1,2019-04-08,2019-03-31,6027000.0,34002000.0,6657000.0,0.16,17156000.0,0.5045585553790953,144998000.0,108268000.0,121982000.0,34416000.0,36730000.0,32401000.0,27308000.0,333755400.0,272730400.0,2.9681982673538765,3.544339841933984,0.0,0.0,0.055525621948859544,2.9681982673538765,0.05566741788894226,9.815757896594318,13.844176207068193,3.0826781689880667,,0.5199222246226969,,0.23449978620394765,2.513394932589493,0.04156609056676644,0.0,0.5045585553790953,0.0,6.8677809629278395,0.28288371080901736,0.4394174438706533,0.026260692708021775,0.043997921358046074,0.07336343115124154,242.35909913367695,0.347228190086842,0.5360496648038185,Semiconductor Equipment & Materials,Technology,CAMT
2018Q4,2018,Q4,2019-01-14,2018-12-31,5773000.0,33174000.0,6202000.0,0.16,16717000.0,0.5039187315367456,141547000.0,101407000.0,119301000.0,38720000.0,40140000.0,30109000.0,21281000.0,246698799.99999997,191763799.99999997,2.782848518111965,3.081120867768595,0.0,0.0,0.05483362523063503,2.782848518111965,0.05692900884554321,7.436510520286971,10.683301576303482,2.4327590797479464,,0.54658075658441,,0.2343673832719874,2.2884039256198347,0.040785039598154674,0.0,0.5039187315367456,0.14285714285714277,6.244574435352426,0.17755856681596946,0.35693988505133156,0.03299759006364704,0.13351659139996072,0.1166726683471372,1.4718260307542355,0.2419445909400316,0.4347978840926825,Semiconductor Equipment & Materials,Technology,CAMT
2018Q3,2018,Q3,2018-10-03,2018-09-30,5093000.0,32264000.0,5554000.0,0.14,16183000.0,0.5015807091495165,129547000.0,94801000.0,108399000.0,33873000.0,34746000.0,25789000.0,15508000.0,310365000.0,262037000.0,2.6115977961432506,3.200159419006288,0.0,0.0,0.05319627140474526,2.6115977961432506,0.05372306199301695,9.619545003719315,15.234881209503243,3.273857870697567,,0.6235604327426422,,0.24905246744424803,2.3344256487467896,0.039313916956780166,0.0,0.5015807091495165,0.16666666666666682,35.55364629905613,0.22879254219662398,0.3052775863816638,0.08618028055574199,0.17594089124913415,0.1771937261551505,3.9564336835693616,0.18623466070369307,0.1540923867494155,Semiconductor Equipment & Materials,Technology,CAMT
2018Q2,2018,Q2,2018-07-31,2018-06-30,4331000.0,30462000.0,4718000.0,0.12,14899000.0,0.4891011752347187,121082000.0,88486000.0,99944000.0,31726000.0,32596000.0,23693000.0,10415000.0,265261500.0,224057500.0,2.451814907176503,3.150223791212255,0.0,0.0,0.04747642300982492,2.451814907176503,0.048945595913477837,8.707947606854441,15.311792888478411,2.997779309721312,1.1690140845070423,0.6568606761490736,0.01908682564186661,0.2515815728184206,2.373290046019038,0.03576914818057184,-144.87247405789185,0.4891011752347187,0.1999999999999999,9.75894459539377,0.13852482181175407,0.22537705797815233,0.14634146341463414,0.22552348613469156,0.3256532733914021,5.033663479974287,0.08048003973486194,0.016382135417112413,Semiconductor Equipment & Materials,Technology,CAMT
2018Q1,2018,Q1,2018-04-23,2018-03-31,3534000.0,27274000.0,3559000.0,0.1,12997000.0,0.47653442839334165,116650000.0,88354000.0,95458000.0,27411000.0,28296000.0,21907000.0,11147000.0,242439750.0,195267750.0,2.459949327616449,3.4824705410236767,0.0,0.0,0.03698455573325973,2.459949327616449,0.039998189102926865,8.88904267800836,17.150519949066215,2.74395896054508,,0.6517094992468161,,0.2338105443634805,2.580752252745248,0.030295756536648094,0.0,0.47653442839334165,0.25000000000000006,4.396848752072153,0.2561634255703685,0.23366778575440703,0.05452332657200811,0.235232436211115,-0.03366820526744502,56.70022980332861,0.06464278721791201,0.13921203390186332,Semiconductor Equipment & Materials,Technology,CAMT
2017Q4,2017,Q4,2018-01-04,2017-12-31,2861000.0,25844000.0,3683000.0,0.08,12325000.0,0.4768998607026776,113036000.0,84301000.0,91448000.0,27897000.0,28735000.0,21336000.0,7613000.0,203883680.0,160139680.0,2.365082482325216,3.2780585726063736,0.0,0.0,0.038935844815659724,2.365082482325216,0.03393791295476922,7.889014084507043,17.815770709542115,2.4185203022502697,,0.6336239220097488,,0.22863512509289077,2.4485428540703302,0.025310520542128172,0.0,0.4768998607026776,-0.75,1.7304936810765539,0.2284314489994577,0.1700959142796298,0.04893617021276596,-0.7550303964380513,0.293642430628732,34.99574344663239,0.07333357484422545,0.09723103356823858,Semiconductor Equipment & Materials,Technology,CAMT
2017Q3,2017,Q3,2017-10-02,2017-09-30,11679000.0,23813000.0,2847000.0,0.32,11750000.0,0.4934279595179104,120737000.0,85187000.0,97706000.0,34724000.0,35550000.0,21891000.0,9753000.0,181268480.0,162582480.0,2.406140549090498,2.813788734016818,0.02484739557882008,0.035216641036777914,0.03134578242287102,2.406140549090498,0.1370983835561764,7.6121647839415445,3.880222621799812,2.127888997147452,,0.5510483760449499,,0.19723034363948086,2.1143589448220252,0.09673091098834657,0.0,0.4934279595179104,3.909090909090909,3.1537668293303236,-0.15224271897953937,0.1322591016759113,0.053339309726580006,4.012380706732009,1.2585361423901198,15.26757494353663,-0.08664663042003196,0.1179987707589879,Semiconductor Equipment & Materials,Technology,CAMT
2017Q2,2017,Q2,2017-07-20,2017-06-30,-3877000.0,22682000.0,-11012000.0,-0.11,11155000.0,0.4917996649325456,125372000.0,73198000.0,98077000.0,51246000.0,52174000.0,20681000.0,-1926000.0,170832270.0,143710270.0,2.0695524329214847,1.9138469343948796,0.0,0.0,-0.07698765332279485,2.0695524329214847,-0.052965928030820515,7.531622872762543,-11.015751225174105,2.333837946391978,0.0,0.5573715004110052,0.0,0.18091758925437898,0.9600944463958162,-0.03092397026449287,60.64333333333333,0.4917996649325456,-2.2222222222222223,-2.445467202331381,-0.2345077587013737,0.01302803256821839,-0.24785921380891376,-2.175204607456805,-3.841806451612903,-2.6598725243045385,-0.15641091654705752,-0.027649292572882272,Semiconductor Equipment & Materials,Technology,CAMT
2017Q1,2017,Q1,2017-04-03,2017-03-31,3299000.0,30782000.0,3875000.0,0.09,14831000.0,0.4818075498668053,114590000.0,76779000.0,92725000.0,36791000.0,37811000.0,29250000.0,1951000.0,134675880.0,110398880.0,2.1720889442118367,2.52031746894621,0.0,0.0,0.04561615824247034,2.1720889442118367,0.04296747808645593,4.37515041257878,10.205810851773265,1.7540718165123275,,0.5453333333333333,,0.2686272798673532,1.6066701095376588,0.028789597696134043,0.0,0.4818075498668053,0.28571428571428553,3.044507484233613,0.424088474388154,0.10038835093619988,0.1056359027881318,0.4056242011077972,0.36203866432337434,3.444017347392162,0.19845580216605901,0.05334699178447883,Semiconductor Equipment & Materials,Technology,CAMT
2016Q4,2016,Q4,2017-01-09,2016-12-31,2347000.0,29331000.0,2845000.0,0.07,13414000.0,0.45733183321400567,105540000.0,73365000.0,84906000.0,31305000.0,32175000.0,25448000.0,-1348000.0,116294920.0,96554920.0,2.0755063935724793,2.7122184954480115,0.0,0.0,0.03725486306907419,2.0755063935724793,0.03199073127513119,3.9649149364153966,12.387613975287602,1.5851553192939414,,0.6254715498270984,,0.27791358726549176,1.838620028749401,0.022238014023119198,0.0,0.45733183321400567,1.3333333333333337,2.0476827893342517,0.16823209036579695,0.02893974881660375,0.0817741935483871,1.1771799628942485,0.7097355769230769,2.0362528333007566,0.07330973356846314,0.01203403231890597,Semiconductor Equipment & Materials,Technology,CAMT
2016Q3,2016,Q3,2016-10-31,2016-09-30,1078000.0,28454000.0,1664000.0,0.03,12400000.0,0.4357911014268644,100681000.0,70908000.0,79967000.0,28848000.0,29773000.0,24816000.0,-3695000.0,106397479.99999999,86706479.99999999,2.005997510467353,2.772011924570161,0.0,0.0,0.017579885933492186,2.005997510467353,0.015202797991763975,3.739280241793772,24.674740259740258,1.5005003666723078,,0.6469213410702772,,0.28261538919955104,1.8429700499168054,0.010707084752833206,0.0,0.4357911014268644,-0.25000000000000006,-0.6560718682209448,-0.19424561965695128,-0.03518148915281926,-0.026916738601585184,-0.16108949416342414,-0.04092219020172911,8.51070573241791,0.11287263578658481,0.0025983298872527525,Semiconductor Equipment & Materials,Technology,CAMT
2016Q2,2016,Q2,2016-06-30,2016-06-30,1285000.0,27280000.0,1735000.0,0.04,12743000.0,0.46711876832844573,118493000.0,69712000.0,97255000.0,43140000.0,48781000.0,29388000.0,-4773000.0,74230800.0,50376800.0,1.9721624985854929,2.254404265183125,0.0,0.0,0.01998826421563002,1.9721624985854929,0.018432981409226532,2.7210703812316717,14.441789883268482,1.064820977736975,0.0,0.4946576834081938,0.0,0.23022457022777718,1.3517385257301808,0.010844522461242435,-38.94585519412382,0.46711876832844573,57.91016200294551,-0.511543802119396,-0.20510134383156858,-0.009222409440982427,0.2338303640588691,52.541666666666664,3.663978494623656,2.259167273286166,0.0409994291555696,-0.014345384189491644,Semiconductor Equipment & Materials,Technology,CAMT
2016Q1,2016,Q1,2016-05-05,2016-03-31,24000.0,24458000.0,372000.0,0.000679,10328000.0,0.42227492027148583,117374000.0,68305000.0,96938000.0,43393000.0,49069000.0,29147000.0,-6058000.0,69989040.0,44212040.0,1.9323582663799932,2.2339547853340402,0.0,0.0,0.0009336275319731872,1.9323582663799932,0.00035136520020496304,2.8616011121105567,729.0525,1.0246547104897152,,0.48478402580025387,,0.2083766421865149,1.507316848339594,0.00020447458551297562,0.0,0.42227492027148583,1.0019970588235294,-0.9917828876250989,-0.26198522700435617,-0.0008982476321480538,-0.02987037384933308,1.0020326924705683,1.0264242079840886,1.0234399194443058,0.14459925049292607,-0.030919817328480165,Semiconductor Equipment & Materials,Technology,CAMT
2015Q4,2015,Q4,2016-01-07,2015-12-31,-11807000.0,25776000.0,-14078000.0,-0.34,10646000.0,0.4130198634388578,116266000.0,68202000.0,95758000.0,42524000.0,48064000.0,27599000.0,-6082000.0,76305880.0,45562880.0,1.9395404390854283,2.2518577744332613,0.0,0.0,-0.16847480135142176,1.9395404390854283,-0.17311809037858128,2.9603460583488515,-1.6156915389175912,1.1188217354329784,,0.5482082684155223,,0.22169851891352588,1.3753880161790988,-0.10155161440145873,0.0,0.4130198634388578,-12.333333333333334,-8.669252410833867,-0.13560309632062792,0.07732289539509549,-0.09825512451295951,-12.866331658291458,-8.873601789709172,-2.0558098932250553,0.24192360176420682,-0.04043585781296514,Semiconductor Equipment & Materials,Technology,CAMT
2015Q3,2015,Q3,2015-10-29,2015-09-30,995000.0,26337000.0,1788000.0,0.03,11806000.0,0.448266697042184,110351000.0,79541000.0,83869000.0,25795000.0,30810000.0,28027000.0,5725000.0,90687000.0,61505000.0,2.2629018492176387,3.2513665439038575,0.0,0.0,0.016703941928803066,2.2629018492176387,0.012509271947800505,3.4433306754755666,22.7856783919598,1.1401289900805873,,0.5184643379598245,,0.23866571213672735,2.048303934871099,0.009016683129287455,0.0,0.448266697042184,0.4999999999999999,-0.5837411095305832,-0.08316868925000785,0.25779810461480734,0.08760939659143252,0.5378670788253478,0.6358645928636779,-0.6435599147233964,-0.055611428286280615,0.06485517479201697,Semiconductor Equipment & Materials,Technology,CAMT
2015Q2,2015,Q2,2015-07-01,2015-06-30,647000.0,25412000.0,1093000.0,0.02,10855000.0,0.4271603966629939,113172000.0,78472000.0,87119000.0,29877000.0,34700000.0,28387000.0,4730000.0,89457500.0,65222500.0,2.412296341838303,2.915921946647923,0.0,0.0,0.010013069063558411,2.412296341838303,0.008244979100825773,3.52028569179915,34.56626738794436,1.1399926088286267,0.0,0.512805157290309,0.0,0.2245431732230587,1.8298356595374368,0.005716961792669565,-37.3517745302714,0.4271603966629939,10.75088131609871,0.2731784361986007,0.0983770406742905,0.39420968041998017,0.10550972604134841,11.442307692307692,-0.03954305799648506,-0.7377258794855397,-0.06752539829104033,0.18079821427586762,Semiconductor Equipment & Materials,Technology,CAMT
2015Q1,2015,Q1,2015-04-01,2015-03-31,52000.0,21750000.0,1138000.0,0.001702,9819000.0,0.451448275862069,97198000.0,65847000.0,71474000.0,26279000.0,31351000.0,26988000.0,4083000.0,97275860.0,83262860.0,2.1593428215386634,2.719814300391948,0.0,0.0,0.003088279676978972,2.1593428215386634,0.0007897094780324085,4.472453333333333,467.6724038461538,1.4773013197260314,,0.44208537127612274,,0.22377003642050247,1.5750218805890634,0.0005349904319018909,0.0,0.451448275862069,-0.23539982030548073,1.0528231171900446,0.18324188214975717,0.25989669953776273,0.03882776132035548,-0.23529411764705882,2.161111111111111,1.0373559842087396,0.16640628033559518,0.09393111770616147,Semiconductor Equipment & Materials,Technology,CAMT
2014Q4,2014,Q4,2015-04-01,2014-12-31,68000.0,20600000.0,360000.0,0.002226,9452000.0,0.4588349514563107,96511000.0,65732000.0,77559000.0,25769000.0,30779000.0,24650000.0,4031000.0,91789950.0,73659950.0,2.1555009017871782,3.0097791920524664,0.0,0.0,0.3724213472889917,2.1555009017871782,0.0010345037424694212,4.45582281553398,337.4630514705882,1.3964271587658978,,0.4522515212981744,,0.21344717182497333,1.9632892234855834,0.0007045828972863197,0.0,0.4588349514563107,-0.8887,1.016354646327563,0.14613350738251443,0.23446691264815173,-0.051860768381984154,-0.889967637540453,-0.654510556621881,1.0351853472405261,-0.048944873573900226,0.06859731356515852,Semiconductor Equipment & Materials,Technology,CAMT
2014Q3,2014,Q3,2014-10-06,2014-09-30,618000.0,22443000.0,1042000.0,0.02,9969000.0,0.44419195294746694,94864000.0,65590000.0,74797000.0,23943000.0,29274000.0,21637000.0,3963000.0,119770680.0,105352680.0,2.1521853261582886,3.1239610742179345,0.0,0.0,0.01122045607997735,2.1521853261582886,0.009422168013416679,5.336660874214677,48.45092233009709,1.8260509223967067,,0.5765124555160143,,0.2365807893405296,2.072964958442969,0.006514589306797099,0.0,0.44419195294746694,-0.7142857142857143,2.8230460286530636,0.4839027069350218,0.1429035052652286,-0.1307115451691664,-0.6928429423459245,-0.593603744149766,-0.7713115156001615,-0.26286481943034384,0.035130019163095966,Semiconductor Equipment & Materials,Technology,CAMT
2014Q2,2014,Q2,2014-07-03,2014-06-30,2012000.0,23161000.0,2564000.0,0.07,11468000.0,0.49514269677475065,94345000.0,64846000.0,73903000.0,24342000.0,29499000.0,19041000.0,3345000.0,97189730.0,85626730.0,2.1284012209932057,3.036028263906006,0.0,0.0,0.035594695151431224,2.1284012209932057,0.03102735712302995,4.1962665688010015,12.07625869781312,1.4987775653085773,,0.6140958983246678,,0.24549260692140548,2.1310081340892286,0.021325984418888125,0.0,0.49514269677475065,2.5,1.9265713139745504,0.7751358554735627,0.12466502302070301,0.13208292201382033,2.1486697965571206,1.1914529914529914,-0.11266905580792627,-0.21700343445369963,0.06926900546532454,Semiconductor Equipment & Materials,Technology,CAMT
2014Q1,2014,Q1,2014-04-07,2014-03-31,639000.0,22109000.0,1170000.0,0.02,10130000.0,0.45818444977158623,90908000.0,62743000.0,69594000.0,23203000.0,28165000.0,17445000.0,1333000.0,112275630.0,99779630.0,2.062083018371841,2.9993535318708786,0.0,0.0,0.014802175848376049,2.062083018371841,0.010184403040976682,5.07827717219232,43.926302816901405,1.7894526879492532,,0.6866723989681858,,0.24320191842302108,2.105374305046761,0.007029084349012188,0.0,0.45818444977158623,0.0,1.112505259874005,1.284939519467203,0.051031511746092814,0.5135215897206036,-0.031818181818181815,4.848684210526316,-0.7458356969444693,-0.22496926377429838,0.06617431820386697,Semiconductor Equipment & Materials,Technology,CAMT
2013Q4,2013,Q4,2013-12-31,2013-12-31,660000.0,23333000.0,-304000.0,0.02,6693000.0,0.28684695495649937,91850000.0,61896000.0,70538000.0,23338000.0,29954000.0,17911000.0,694000.0,122233050.0,105828050.0,2.0508266790364797,3.0224526523266775,0.0,0.0,0.008979408583498294,2.0508266790364797,0.010663047692904227,5.238634123344619,46.300397727272724,1.9748133966653743,,0.9290380213276758,,0.25403375068045725,2.147142000171394,0.00718562874251497,0.0,0.28684695495649937,5.926108374384237,1.1167230354294566,0.8188074515682686,-0.04611952120714157,-0.3090740167234438,6.409836065573771,-1.5066666666666666,-0.500515460756659,-0.08833998647501587,0.13913713335872036,Semiconductor Equipment & Materials,Technology,CAMT
2013Q3,2013,Q3,2013-10-30,2013-09-30,-122000.0,21733000.0,600000.0,-0.00406,9687000.0,0.44572769521004924,94012000.0,60116000.0,68706000.0,21775000.0,33896000.0,19940000.0,34000.0,51078200.0,37777200.0,2.0007987752113428,3.1552698048220438,0.008690379951495554,0.01359039190897598,0.40043982735135314,2.0007987752113428,-0.0020294098077051036,2.350259973312474,-104.66844262295082,0.849660656064941,,0.6041123370110331,,0.2311726162617538,2.1193111366245696,-0.0012977066757435222,0.0,0.44572769521004924,-1.406,0.970119448686144,0.13785761426252083,-0.11937096332289898,-0.013443324167430493,-1.364179104477612,-0.3957703927492447,-1.0597088818919869,-0.11492213576926837,0.112112267726737,Semiconductor Equipment & Materials,Technology,CAMT
2013Q2,2013,Q2,2013-07-08,2013-06-30,335000.0,22266000.0,993000.0,0.01,9819000.0,0.4409862570735651,97775000.0,60094000.0,71774000.0,26333000.0,37681000.0,19885000.0,156000.0,71778256.6,61840256.599999994,2.0008656855563696,2.7256294383473207,0.028043978522117107,0.045628515325989286,0.011006277239010067,2.0008656855563696,0.005574599793656604,3.223670915296865,53.56586313432835,1.1944329983026591,,0.6259492079456878,,0.22772692406034262,1.8501120267345157,0.003426233699821018,0.0,0.4409862570735651,1.3333333333333335,1.67752865360356,-0.010014845048211792,-0.17131687197141013,0.19700109715957576,1.3868360277136258,7.490196078431373,-0.28599592963131937,0.042379090745762474,0.15641940819634179,Semiconductor Equipment & Materials,Technology,CAMT
2013Q1,2013,Q1,2013-04-11,2013-03-31,-866000.0,18073000.0,-153000.0,-0.03,8203000.0,0.45388148066176065,98455000.0,59615000.0,71189000.0,27170000.0,38840000.0,18774000.0,-179000.0,43051680.0,32897680.0,1.994012777201726,2.6201324990798676,0.059184398963993703,0.09774385641197685,-0.00281594306038931,1.994012777201726,-0.014526545332550532,2.3820992640956122,-12.428314087759814,0.7221618720120775,,0.5257270693512305,,0.18356609618607486,1.8200220831799778,-0.00879589660250876,0.0,0.45388148066176065,0.7272727272727273,-2.776216395696896,-0.14170082924383925,-0.17949310900548027,0.37819220430107525,0.7359756097560975,0.9710720363017583,0.10272543075859884,0.0028392084357159062,0.163432731372618,Semiconductor Equipment & Materials,Technology,CAMT
2012Q4,2012,Q4,2013-02-12,2012-12-31,-3280000.0,17619000.0,-5289000.0,-0.11,5952000.0,0.3378171292354844,99008000.0,60337000.0,70406000.0,27212000.0,38671000.0,18335000.0,687000.0,41791400.0,29266400.0,2.021272319185287,2.5873144201087754,0.06314641241111829,0.10361801216500655,-0.07481973247828551,2.021272319185287,-0.054361337156305416,2.3719507350019864,-3.1853201219512193,0.6926330444006166,,0.636323970548132,,0.17795531674208145,1.8392620902542995,-0.03312863606981254,0.0,0.3378171292354844,-2.375,-114.25121667500309,-0.16102249249390027,-0.1713188267022163,-0.4782608695652174,-2.3816343723673126,-2.6886973180076628,0.19410986211436487,0.0014263113579468262,0.15759348438082518,Semiconductor Equipment & Materials,Technology,CAMT
2012Q3,2012,Q3,2012-10-10,2012-09-30,2374000.0,23717000.0,3132000.0,0.08,11408000.0,0.4810051861533921,109287000.0,63525000.0,84162000.0,35188000.0,45762000.0,26714000.0,3967000.0,52611680.0,40133680.0,2.1250794500384704,2.3917812890758214,0.06109601324951733,0.10510822510822511,0.04163282452308783,2.1250794500384704,0.0373711137347501,2.2183109162204326,5.540404380791913,0.828204329004329,,0.4607696338998278,,0.21701574752715327,1.331618733659202,0.02172262025675515,0.0,0.4810051861533921,0.0,27.259224174063963,0.19003565315680973,-0.11671128729848872,-0.05500331345261763,0.04766107678729038,-0.04044117647058824,8.139673244829636,0.598721199865728,0.1285091125267908,Semiconductor Equipment & Materials,Technology,CAMT
2012Q2,2012,Q2,2012-07-19,2012-06-30,2266000.0,25033000.0,3264000.0,0.08,12072000.0,0.4822434386609675,108213000.0,61045000.0,82966000.0,36553000.0,47168000.0,25794000.0,1593000.0,67680465.0,59789465.0,2.042936983367357,2.269745301343255,0.054910223355789045,0.09733802932263085,0.0458144507756413,2.042936983367357,0.03712015726103694,2.7036497822873806,7.466953331862313,1.1086979277582114,,0.5024811971776382,,0.23133080129004832,1.2387218559352173,0.020940182787650283,0.0,0.4822434386609675,2.6,1.6574757051551594,0.6546058998028912,-0.14884898803574906,0.5815537796410324,2.6698599852616063,3.896184560780834,2.0640091061177315,0.9562382850320927,0.07950500439786608,Semiconductor Equipment & Materials,Technology,CAMT
2012Q1,2012,Q1,2012-05-07,2012-03-31,-1357000.0,18178000.0,-1127000.0,-0.05,7633000.0,0.4199031796677302,106671000.0,58679000.0,81342000.0,36743000.0,47992000.0,25280000.0,-673000.0,74317500.0,59016500.0,1.9739294244289702,2.213809433089296,0.059688200166868224,0.10850559825491232,-0.01867486361518409,1.9739294244289702,-0.023125820140084186,4.088321047419958,-13.69150700073692,1.2665093133829821,,0.417128164556962,,0.17041182701952734,1.309174536646436,-0.012721358194823335,0.0,0.4199031796677302,0.1666666666666666,0.6806491332979737,0.2767577081196513,-0.21456755903540228,-0.0574215855766856,0.2793414763674987,-0.5718270571827058,0.7554543916280362,0.9229135506349234,0.006100146576914565,Semiconductor Equipment & Materials,Technology,CAMT
2011Q4,2011,Q4,2012-01-05,2011-12-31,-1883000.0,21104000.0,-717000.0,-0.06,8098000.0,0.38371872630780895,104757000.0,59933000.0,79946000.0,33041000.0,44824000.0,24355000.0,684000.0,51996000.0,36603000.0,2.01713112547119,2.41959989104446,0.06483576276525674,0.11332654797857608,-0.011203743236296148,2.01713112547119,-0.03141841723257638,2.4637983320697496,-6.903345724907063,0.8675687851434102,,0.5340176555122151,,0.2014567045638955,1.5061892799854726,-0.01797493246274712,0.0,0.38371872630780895,-1.6666666666666667,0.13980807512418844,0.02116629907674152,-0.23984426877099588,-0.4005477829595085,-1.7148823082763858,-1.1808322824716266,0.6617290551662536,0.6710238978658927,-0.0617919966516047,Semiconductor Equipment & Materials,Technology,CAMT
2011Q3,2011,Q3,2011-10-11,2011-09-30,2634000.0,29676000.0,3965000.0,0.09,13509000.0,0.4552163364334816,110384000.0,61761000.0,84670000.0,38373000.0,48623000.0,25339000.0,2567000.0,53469000.0,46700000.0,2.079144925096785,2.2064993615302426,0.0646832874329613,0.11560693641618497,0.05171512975977564,2.079144925096785,0.04264827318210521,1.8017589971694299,5.074886104783599,0.8657405158595232,,0.6380283357669995,,0.2688433106247282,1.3542334453912908,0.02386215393535295,0.0,0.4552163364334816,0.28571428571428553,-0.36579553255468156,0.14409172158945568,-0.2368578082842985,0.03707968678028558,0.19401631912964643,0.41556586933238127,1.6525317567943516,0.5715590671626821,-0.0848877882251489,Semiconductor Equipment & Materials,Technology,CAMT
2011Q2,2011,Q2,2011-07-11,2011-06-30,2206000.0,28778000.0,2801000.0,0.07,13026000.0,0.45263743137118634,104859000.0,59001000.0,74154000.0,36638000.0,45858000.0,25469000.0,-67000.0,97815300.0,90314300.0,1.9905198879929826,2.023964190185054,0.04593787848444101,0.0816426840223047,0.03968127343690998,1.9905198879929826,0.03738919679327469,3.398961011884078,11.085142792384406,1.6578583413840442,,0.6184773646393655,,0.2744447305429195,1.2632512691740816,0.021037774535328395,0.0,0.45263743137118634,-0.12499999999999993,-0.5820655252805639,0.016057750612631958,-0.25071694590426724,0.017100023424689623,-0.08880627839735647,-0.055311973018549745,5.520731283827662,0.29648474453947354,-0.1756017112530604,Semiconductor Equipment & Materials,Technology,CAMT
2011Q1,2011,Q1,2011-04-05,2011-03-31,2421000.0,27470000.0,2965000.0,0.08,12807000.0,0.46621769202766655,99938000.0,56669000.0,69337000.0,34452000.0,43269000.0,24227000.0,-2273000.0,116989040.0,110290040.0,1.9340955631399317,2.012568210844073,0.025205627489043207,0.04445111083661261,0.047430215074142884,1.9340955631399317,0.04272177028004729,4.258792864943575,12.080652622883106,2.0644274647514513,,0.605233830024353,,0.2748704196601893,1.2403924300476024,0.0242250195120975,0.0,0.46621769202766655,0.8315018315018317,-0.4886482418808842,0.031221563161880076,-0.07865581873923148,0.09583297681184222,0.8438690022848438,0.6942857142857143,4.066788347444427,0.3311503014479634,-0.20414816016111406,Semiconductor Equipment & Materials,Technology,CAMT
2010Q4,2010,Q4,2010-12-31,2010-12-31,1313000.0,25432000.0,1750000.0,0.04368,11687000.0,0.45953916325888644,96271000.0,53992000.0,65280000.0,33011000.0,42279000.0,24034000.0,-4694000.0,85171600.0,78194600.0,1.8003334444814938,1.9775226439671625,0.02700709455599298,0.04815528226403912,0.026782340735668094,1.8003334444814938,0.024318417543339754,3.3489933941491037,16.216984006092915,1.5774855534153207,0.0,0.5718981442955813,0.0,0.26417093413385134,1.1746993426433614,0.013638582750776455,-44.130362694300516,0.45953916325888644,-0.3760000000000001,-0.412918601165582,0.2079513959295482,-0.05531935075194715,0.07259544787077826,-0.3402010050251256,-0.24340683095546908,44.12489220544779,0.20540224460084125,-0.26189934085600847,Semiconductor Equipment & Materials,Technology,CAMT
2010Q3,2010,Q3,2010-10-04,2010-09-30,1990000.0,23915000.0,2313000.0,0.07,10896000.0,0.455613631611959,93953000.0,52647000.0,62740000.0,30431000.0,41306000.0,20989000.0,-6007000.0,73450130.0,67455130.0,1.799097836858832,2.061713384377773,0.021095654210083765,0.03764696943795468,0.040508123327001586,1.799097836858832,0.03779892491499991,3.0712996027597743,9.227403266331658,1.3951436928979808,,0.6202772881032922,,0.25454216469937097,1.2746541355854228,0.02118080316754122,0.0,0.455613631611959,2.5,0.2121072807450404,0.25569940392263996,-0.029803641927424563,0.23523410044212675,3.3544857768052516,0.9275,23.19821054895662,0.22580463559192676,-0.2522054588056257,Semiconductor Equipment & Materials,Technology,CAMT
2010Q2,2010,Q2,2010-07-12,2010-06-30,457000.0,20806000.0,1200000.0,0.02,8821000.0,0.4239642410843026,85744000.0,50616000.0,58433000.0,25509000.0,35128000.0,16556000.0,-7997000.0,71087220.0,58617220.0,1.730224926505777,2.2906817201771923,0.019429930957268148,0.03291449344080923,0.01689093354193821,1.730224926505777,0.009028765607712977,3.416669230029799,38.88797592997812,1.404441678520626,,0.7239067407586374,,0.24265254711699943,1.5675643890391626,0.005329818996081358,0.0,0.4239642410843026,1.6666666666666667,-0.7170499724302785,0.15370057318264313,-0.038842441231093434,0.25744832501781895,1.4841101694915255,3.912621359223301,1.1354396661351367,0.4046888456962169,-0.2791345454553608,Semiconductor Equipment & Materials,Technology,CAMT
2010Q1,2010,Q1,2010-04-06,2010-03-31,-944000.0,17627000.0,-412000.0,-0.03,7015000.0,0.397969024791513,81373000.0,50118000.0,53282000.0,21794000.0,31255000.0,14308000.0,-8454000.0,88895680.0,74337680.0,1.713904657684153,2.4448013214646234,0.020473621471495458,0.03324154994213656,-0.008898794335639913,1.713904657684153,-0.018835548106468734,5.043154251999773,-23.54228813559322,1.7737276028572568,,0.7416829745596869,,0.21661976331215513,1.703771680278976,-0.01160089956127954,0.0,0.397969024791513,0.7797518537552309,0.633038548417715,0.790059508242543,-0.019103058552891985,0.8791856415751407,0.7630522088353414,0.8720099409754583,0.7741582366173458,0.2585915286500642,-0.3180321939550187,Semiconductor Equipment & Materials,Technology,CAMT
2009Q4,2009,Q4,2010-01-05,2009-12-31,-3984000.0,17222000.0,-3219000.0,-0.13621,3733000.0,0.2167576355823946,79415000.0,51021000.0,50793000.0,19105000.0,28394000.0,14176000.0,-7510000.0,73050000.0,58914000.0,1.7460985626283367,2.6586233970164876,0.020978404583516966,0.03265322122263382,-0.06375304195985974,1.7460985626283367,-0.07808549420826719,4.2416676344210895,-4.583960843373494,1.4317633915446581,0.0,0.9515378103837472,0.0,0.21686079456022161,1.853703219052604,-0.05016684505446074,23.04416403785489,0.2167576355823946,-12.620999999999999,-2.2606679607075493,-0.07112890114843333,-0.02760663460186652,-0.38763123359580054,-11.258461538461539,-17.084269662921347,-0.85061486283829,-0.15264195888622936,-0.3419828721533384,Semiconductor Equipment & Materials,Technology,CAMT
2009Q3,2009,Q3,2009-10-05,2009-09-30,-325000.0,14500000.0,-178000.0,-0.01,6096000.0,0.4204137931034483,75378000.0,55020000.0,46638000.0,16057000.0,20358000.0,14334000.0,-3526000.0,30094540.0,17959540.0,1.8830857690464782,2.904527620352494,0.02210193955796121,0.030279898218829517,-0.004082136682778816,1.8830857690464782,-0.0059069429298436935,2.0754855172413795,-23.149646153846156,0.5469745547073791,,0.5862983117064322,,0.19236381968213537,1.9115027713769694,-0.004311602854944413,0.0,0.4204137931034483,0.8571428571428571,-1.0922356244845806,-0.30279484512482924,0.0943441921133746,0.45454545454545453,0.8439000960614793,0.916274694261524,-1.07955655325216,-0.43166741738478315,-0.3088205715568957,Semiconductor Equipment & Materials,Technology,CAMT
2009Q2,2009,Q2,2009-08-04,2009-06-30,-2082000.0,12510000.0,-2126000.0,-0.07,4191000.0,0.3350119904076739,76287000.0,55283000.0,44438000.0,15252000.0,21004000.0,13915000.0,-3202000.0,14313880.0,5617880.0,1.892475694919896,2.9135851035929714,0.04369027488300759,0.06028978166886746,-0.03719904315034278,1.892475694919896,-0.037660763706745294,1.144195043964828,-1.7187656099903939,0.25892010202051263,,0.5978440531800215,,0.16398600023595108,1.8882113821138211,-0.02729167485941248,0.0,0.3350119904076739,0.631578947368421,-1.5996073991265092,-0.3348242793268193,0.1784851408983775,0.2109216989309448,0.6181217901687455,0.5732637494981935,-1.4002349160502947,-0.551826004374098,-0.28762331034970157,Semiconductor Equipment & Materials,Technology,CAMT
2009Q1,2009,Q1,2009-04-01,2009-03-31,-5452000.0,9288000.0,-4982000.0,-0.19,3461000.0,0.3726313522825151,75421000.0,57303000.0,40949000.0,16205000.0,18118000.0,11614000.0,-1120000.0,10222450.0,2111450.0,1.9619611736912383,2.52693613082382,0.044191935932962965,0.05816449400554945,-0.08358825694389488,1.9619611736912383,-0.09514336073154983,1.1006083118001722,-0.46874770726338955,0.17839292881699037,,0.5017220595832615,,0.12314872515612363,1.7055846960814562,-0.07228755916787102,0.0,0.3726313522825151,-0.0132252559726963,-4.863747538904491,-0.3420256085968023,0.32042032071719456,0.1486890142714902,0.0023787740164684353,0.1098802930141147,-2.155211439572835,-0.6502190099563191,-0.06538149112687475,Semiconductor Equipment & Materials,Technology,CAMT
2008Q4,2008,Q4,2009-02-17,2008-12-31,-5465000.0,12399000.0,-5597000.0,-0.18752,3013000.0,0.24300346802161465,84735000.0,62715000.0,46279000.0,20083000.0,22020000.0,9792000.0,4332000.0,10063650.0,-1052350.0,2.149982859101817,2.3043867948015735,0.05703664365374402,0.07706290361157618,-0.09250821101120812,2.149982859101817,-0.08714023758271545,0.811650133075248,-0.46036825251601093,0.16046639559913894,0.0,0.9585375816993464,0.0,0.1463267835015047,1.7554150276353135,-0.06449519088924294,-2.356826697892272,0.24300346802161465,-0.33942857142857125,-9.134539267514118,0.10132881365282387,0.49692508143173003,-0.5392261813732987,-0.33716662588695867,-0.46633481791983233,-3.5122554508305965,-0.3945258004077841,0.12815057090351525,Semiconductor Equipment & Materials,Technology,CAMT
2008Q3,2008,Q3,2008-11-10,2008-09-30,-4087000.0,19119000.0,-3817000.0,-0.14,6539000.0,0.34201579580521996,95203000.0,68333000.0,79047000.0,24902000.0,26870000.0,35526000.0,9797000.0,25263840.0,11906840.0,2.272010905705546,3.174323347522287,0.03500940096425533,0.04877584768706189,-0.0538672471758564,2.272010905705546,-0.05981004785389197,1.3213996547936608,-1.5453780278933202,0.3697165352026107,,0.3541068513201599,,0.2008235034610254,1.6080636093486467,-0.04292931945421888,0.0,0.34201579580521996,-6.0,-20.247158681427646,1.028223892011998,0.6094873139399338,-0.2585327134595759,-7.206827309236948,-6.837782340862423,-3.422096222597543,-0.023259384470543966,0.22522336532032455,Semiconductor Equipment & Materials,Technology,CAMT
2008Q2,2008,Q2,2008-07-07,2008-06-30,-498000.0,22653000.0,-487000.0,-0.02,8819000.0,0.38930825939169206,102592000.0,73039000.0,85422000.0,25912000.0,29553000.0,33431000.0,13884000.0,30855000.0,15185000.0,2.414512396694215,3.2966193269527633,0.048736743605739236,0.0684565779925793,-0.007210565696983742,2.414512396694215,-0.006818275168060899,1.362071248841213,-15.489457831325304,0.42244554279220686,,0.4138075438963836,,0.2208066905801622,1.9027863538129053,-0.004854179663131628,0.0,0.38930825939169206,-2.0,0.5742175939825862,2.1565746595963318,0.7218875409982496,-0.0694312546164398,-2.0101419878296145,-5.271929824561403,-1.2981829186429112,0.2147589773965391,0.34128621387430047,Semiconductor Equipment & Materials,Technology,CAMT
2008Q1,2008,Q1,2008-04-08,2008-03-31,493000.0,21292000.0,114000.0,0.02,9477000.0,0.445096749953034,99397000.0,73468000.0,82219000.0,22305000.0,25929000.0,32215000.0,14382000.0,38695680.0,23937680.0,2.4302206344480832,3.6861241874019277,0.050303329074318136,0.06805684107366472,0.0012348983024927358,2.4302206344480832,0.006710404529863342,1.8173811760285554,19.622555780933062,0.5267011487994773,,0.36675461741424803,,0.21421169653007635,2.121093925128895,0.004959908246727768,0.0,0.445096749953034,19.0,1.3299730197647646,2.28285705694455,0.6870174956691899,0.03156634374659845,16.0,-0.09523809523809523,1.1853744730621671,1.0915106543995148,0.39085682315187054,Semiconductor Equipment & Materials,Technology,CAMT
2007Q4,2007,Q4,2007-12-31,2007-12-31,29000.0,21028000.0,126000.0,0.001,9187000.0,0.4368936655887388,98465000.0,72906000.0,80730000.0,21958000.0,25559000.0,34243000.0,13889000.0,51410800.0,37809800.0,2.4391435262629644,3.676564350122962,0.050779464784441175,0.06858146105944642,0.00024428477909275276,2.4391435262629644,0.0003977724741447892,2.444873501997337,443.1965517241379,0.7051655556469975,0.0,0.34579330082060566,0.0,0.2135581170974458,1.9923034884780035,0.0002945208957497588,-10.961791044776119,0.4368936655887388,-0.6441281138790036,1.0077158218136482,3.0881631165809864,0.6450122154749974,0.21056792726314402,-0.6588235294117647,-0.4166666666666667,-0.9910291482377791,0.10872574047304155,0.3583465635649584,Semiconductor Equipment & Materials,Technology,CAMT
2007Q3,2007,Q3,2007-11-07,2007-09-30,85000.0,20165000.0,216000.0,0.00281,7589000.0,0.3763451524919415,96756000.0,72768000.0,80778000.0,18731000.0,23988000.0,35174000.0,13860000.0,91645380.0,81374380.0,2.4058718508232495,4.312530030430836,0.05167638182645004,0.06871152154793315,0.0011745613051909467,2.4058718508232495,0.0011680958663148637,4.544774609471857,269.5452352941176,1.2594187005277044,,0.35753681696707795,,0.208410847906073,2.3046286904062785,0.0008784984910496507,0.0,0.3763451524919415,1.0255454545454545,1.0235182111268086,1.394379965409042,0.4077434216601592,0.21501761127121358,1.0243762546601662,1.0684193854925563,-0.9766967339125641,-0.06335859871273178,0.398158241220554,Semiconductor Equipment & Materials,Technology,CAMT
2007Q2,2007,Q2,2007-07-25,2007-06-30,-3487000.0,15307000.0,-3157000.0,-0.11,6246000.0,0.4080486052133011,94816000.0,72563000.0,79611000.0,17011000.0,22253000.0,38898000.0,13775000.0,90091360.0,79634360.0,2.400205080709182,4.679971782963965,0.052733715828552144,0.06890564061574081,-0.040913593977169475,2.400205080709182,-0.04805479376541764,5.8856314104658,-6.459088041296243,1.2415605749486653,,0.23294256774127203,,0.16143899763752953,2.2727058961848217,-0.03677649341883227,0.0,0.4080486052133011,0.21428571428571436,-0.4567753554088429,0.8155773594642671,0.2765323485982889,0.03996003996003996,0.19245020842982863,0.2802097583219334,-1.9703594030377354,-0.21356365814378947,0.4946591019993471,Semiconductor Equipment & Materials,Technology,CAMT
2007Q1,2007,Q1,2007-04-26,2007-03-31,-4318000.0,14468000.0,-4386000.0,-0.14,6006000.0,0.41512303013547136,104427000.0,75918000.0,91672000.0,23287000.0,28509000.0,43554000.0,17262000.0,115394560.0,104072560.0,2.5131753177966103,3.9366169966075493,0.04788033746061842,0.06586053373376538,-0.05504436543625212,2.5131753177966103,-0.05687715693247978,7.975847387337573,-6.681018990273274,1.5199894623146024,,0.19428755108600818,,0.13854654447604547,1.9874608150470219,-0.04134945943099007,0.0,0.41512303013547136,-0.9045027887362264,-0.019226336802966818,1.2519928581118485,0.28210317005112995,-0.3569593147751606,-0.9406741573033708,-0.7960687960687961,-3.9586971291319233,-0.00903055830119582,0.691393185370841,Semiconductor Equipment & Materials,Technology,CAMT
