Quarters,Year,Quarter,FillingDate,Date,NetIncome,Revenue,OperatingIncome,EPSDiluted,GrossProfit,GrossProfitRatio,TotalAssets,CommonStockEquity,CurrentAssets,CurrentLiability,TotalLiability,Inventory,RetainedEarnings,MarketCap,EnterpriseValue,bookValuePerShare,currentRatio,debtToAssets,debtToEquity,roic,shareholdersEquityPerShare,roe,priceToSalesRatio,peRatio,pbRatio,payoutRatio,inventoryTurnover,dividendYield,assetTurnover,quickRatio,returnOnAssets,priceToFreeCashFlowsRatio,grossProfitMargin,epsdilutedGrowth,fiveYNetIncomeGrowthPerShare,fiveYRevenueGrowthPerShare,fiveYShareholdersEquityGrowthPerShare,grossProfitGrowth,netIncomeGrowth,operatingIncomeGrowth,threeYNetIncomeGrowthPerShare,threeYRevenueGrowthPerShare,threeYShareholdersEquityGrowthPerShare,Industry,Sector,Symbol
2023Q1,2023,Q1,2023-05-05,2023-03-26,8222000.0,112498000.0,8370000.0,0.45,49678000.0,0.4415900727,479433000.0,252578000.0,91215000.0,43487000.0,226855000.0,1614000.0,156017000.0,627111103.1999999,737645103.1999999,14.016199609842914,2.0975233977970427,0.4028341812098875,0.7646430013698738,0.011776894666606348,14.016199609842914,0.03255232047129995,5.574420018133655,19.06808268061299,2.482841352770233,0.0,38.921933085501855,0.0,0.23464801129667753,1.9411778232575252,0.017149424424267833,107.91793205988641,0.4415900727124038,2.214285714285714,1.4277701209035383,0.12661947160289203,0.24542209716582614,0.13718667734920453,2.3193379087605974,-0.04178591871780195,1.6119023910685326,0.09895378323232162,0.28538802408875735,Restaurants,Consumer Cyclical,CHUY
2022Q4,2022,Q4,2023-02-21,2022-12-25,2477000.0,104101000.0,8735000.0,0.14,43685000.0,0.4196405414,474781000.0,244561000.0,87818000.0,44358000.0,230220000.0,2069000.0,147795000.0,522346909.14,640487909.14,13.568334867088174,1.979755624690022,0.41317786516309624,0.8021270766802556,0.012439320247235855,13.568334867088174,0.010128352435588668,5.017693481714873,52.71971226685507,2.135855304566141,0.0,29.200579990333495,0.0,0.2192610909029637,1.8245186888498128,0.0052171422192547725,299.1677601030928,0.41964054139729684,-0.48148148148148145,-0.8536111907290234,0.01761801346099689,0.21478602732993668,-0.032554534381574574,-0.5035077169773502,0.11915438821268418,2.5975666034465514,-0.05900458829548063,0.15708204721102664,Restaurants,Consumer Cyclical,CHUY
2022Q3,2022,Q3,2022-11-04,2022-09-25,4989000.0,106682000.0,7805000.0,0.27,45155000.0,0.4232672803,479400000.0,248959000.0,92453000.0,43042000.0,230441000.0,1622000.0,145318000.0,430511639.03999996,544231639.04,13.323717269969213,2.147971748524697,0.4126950354609929,0.7946931020770488,0.010493997717070411,13.323717269969213,0.020039444245839675,4.035466517688082,21.573042645820806,1.7292471412561907,0.0,37.9327990135635,0.0,0.22253233208176887,1.9927744993262395,0.010406758448060075,677.9710851023622,0.4232672803284528,-0.34146341463414626,0.41277664002252445,0.04694547815216155,0.30906468799656467,-0.05543353205731618,-0.36615423707279887,-0.09149109533232452,3.441634931715759,-0.13031854385787034,0.13360905678364166,Restaurants,Consumer Cyclical,CHUY
2022Q2,2022,Q2,2022-08-05,2022-06-26,7871000.0,110946000.0,8591000.0,0.41,47805000.0,0.4308852955,488616000.0,255750000.0,107007000.0,43232000.0,232866000.0,1759000.0,140329000.0,392389870.02,496498870.02,13.517818387436057,2.4751804219096964,0.4100704847978781,0.7834486803519062,0.011885865210650976,13.517818387436057,0.030776148582600197,3.5367644621707854,12.463151760259178,1.5342712415249264,0.0,35.89596361569073,0.0,0.22706174173584165,2.3145123982235383,0.0161087643466444,49.75147331304678,0.4308852955491861,0.41379310344827586,0.31929696151932924,0.04897927899127636,0.3594278743770033,0.07625287045792246,0.4264226168901776,0.41229656419529837,0.11947171542861972,-0.12895249800746358,0.14558179839845106,Restaurants,Consumer Cyclical,CHUY
2022Q1,2022,Q1,2022-05-06,2022-03-27,5518000.0,100486000.0,6083000.0,0.29,44418000.0,0.4420317258,479849000.0,248234000.0,98689000.0,39376000.0,231615000.0,1614000.0,132458000.0,506716473.62,620654473.62,12.996711894823358,2.506323648923202,0.42440642785542954,0.8203993006598612,0.00845646427199388,12.996711894823358,0.02222902583852333,5.042657421133292,22.95743356379123,2.0412855355027917,0.0,34.73853779429987,0.0,0.20941171076734555,2.375,0.011499450868919181,119.5650008541765,0.442031725812551,-0.03333333333333337,0.0702330747584209,0.020408014960951324,0.35334441077309153,-0.0009896091044037606,-0.07910547396528705,-0.16591251885369532,0.515032358223536,-0.13079082311909102,0.12483663374410339,Restaurants,Consumer Cyclical,CHUY
2021Q4,2021,Q4,2022-02-24,2021-12-26,5992000.0,98665000.0,7293000.0,0.3,44462000.0,0.4506359905,495324000.0,262794000.0,114464000.0,42372000.0,232530000.0,1676000.0,126940000.0,576484533.62,671601533.62,13.3429084934832,2.7014065892570565,0.4072849286527606,0.7676659284458549,0.009025527612901053,13.3429084934832,0.02280112940173672,5.842847348299802,24.052258578938584,2.1936746410496437,0.0,32.34069212410501,0.0,0.19919285154767385,2.5846077598414046,0.012097132382036808,58.04899140267848,0.45063599047281205,0.0,1.1946097433359883,0.06646105764286601,0.42967151338928505,-0.05782882329257697,-0.0013333333333333333,0.00013713658804168953,0.5081433180921343,-0.12549874549722678,0.16351661196770903,Restaurants,Consumer Cyclical,CHUY
2021Q3,2021,Q3,2021-11-05,2021-09-26,6000000.0,101939000.0,7292000.0,0.3,47191000.0,0.4629337152610875,499427000.0,264195000.0,113424000.0,42611000.0,235232000.0,1423000.0,120948000.0,689002083.0,788351083.0,13.267226943927831,2.661847879655488,0.40938115079881543,0.7738829273831829,0.00900527387838119,13.267226943927831,0.022710497927667064,6.758964508186268,28.708420125,2.607930063021632,0.0,38.47364722417428,0.0,0.20411191225144015,2.5364107859472904,0.012013767777873443,-333.8188386627907,0.4629337152610875,-0.47368421052631576,0.1008676028832892,0.004914413824666501,0.448831536865437,-0.09737576986343292,-0.47961838681699914,-0.47376777080176086,1.6799912048131638,-0.1424506186637959,0.17327807324579614,Restaurants,Consumer Cyclical,CHUY
2021Q2,2021,Q2,2021-08-06,2021-06-27,11530000.0,108153000.0,13857000.0,0.57,52282000.0,0.48340776492561466,515905000.0,263339000.0,121157000.0,47684000.0,252566000.0,1431000.0,114948000.0,741476837.43,845309837.43,13.179791730072196,2.5408313060984815,0.42135664511877186,0.825475907480472,0.016541350152342288,13.179791730072196,0.04378386794208226,6.855813869518182,16.07712136665221,2.815674235225318,0.0,39.04332634521314,0.0,0.20963743324836936,2.407369348209043,0.022349075895756,49.75019038043478,0.48340776492561466,0.7272727272727271,0.6551640205686312,0.020809725753236814,0.47830037244290435,0.232078050619786,0.7327923053802224,1.325,0.513877344330349,-0.1378817896153171,0.1257373699886979,Restaurants,Consumer Cyclical,CHUY
2021Q1,2021,Q1,2021-05-07,2021-03-28,6654000.0,87710000.0,5960000.0,0.33,42434000.0,0.48379888268156424,498165000.0,249348000.0,103516000.0,44821000.0,248817000.0,1269000.0,103418000.0,816388514.24,936042514.24,12.62334373921679,2.309542401999063,0.43542199873535875,0.869916742865393,0.009777592854343592,12.62334373921679,0.026685596034457866,9.307815690799226,30.672847694619776,3.274092891220302,0.0,35.678486997635936,0.0,0.17606616281754037,2.208562950402713,0.013357020264370238,77.04685864854662,0.48379888268156424,2.666666666666667,0.2266771109706198,-0.06116058689800229,0.5091595584209021,0.17578276530894985,2.734006734006734,2.0864836872087,0.7924483564631516,-0.19866275630514038,0.12165862862712697,Restaurants,Consumer Cyclical,CHUY
2020Q4,2020,Q4,2021-03-11,2020-12-27,1782000.0,78708000.0,1931000.0,0.09,36090000.0,0.45853026375971945,493675000.0,241858000.0,94561000.0,43318000.0,251817000.0,1449000.0,96764000.0,520732132.59,656082132.5899999,12.275614543327984,2.182949351308925,0.45002683951992706,0.9185844586492901,0.00262274721797371,12.275614543327984,0.007367959711897063,6.616000058316816,73.05445182239058,2.1530490312083947,0.0,29.4120082815735,0.0,0.15943282523927685,2.0660695322960434,0.0036096622271737477,60.40275288133627,0.45853026375971945,-0.3571428571428572,5.808087877873519,-0.07197277305374708,0.5208427016958753,-0.05824330671676844,-0.36942675159235666,-0.4209895052473763,-0.9036541516306449,-0.2961304210324844,0.09904753753496005,Restaurants,Consumer Cyclical,CHUY
2020Q3,2020,Q3,2020-11-06,2020-09-27,2826000.0,82032000.0,3335000.0,0.14,38322000.0,0.4671591574019895,487686000.0,238950000.0,84236000.0,41831000.0,248736000.0,1401000.0,94982000.0,393252854.57,536675854.57,12.13425775438485,2.0137218809017234,0.4535664341399999,0.9257083071772337,0.0041891240032247215,12.13425775438485,0.011826741996233521,4.7938957305685586,34.78882294497523,1.6457537332914836,0.0,31.199143468950748,0.0,0.16820659194645735,1.8873801725992685,0.00579471217135616,37.3140577445678,0.4671591574019895,-0.4615384615384615,-0.41889465058157216,-0.07135333469882196,0.5122707774358373,0.16250568785075079,-0.37227898711683693,-0.17735569807597434,-0.2406521590086663,-0.23612056144433552,0.19219944550432524,Restaurants,Consumer Cyclical,CHUY
2020Q2,2020,Q2,2020-08-07,2020-06-28,4502000.0,65712000.0,4054000.0,0.26,32965000.0,0.5016587533479425,486081000.0,235115000.0,76361000.0,41238000.0,250966000.0,1538000.0,92156000.0,262454814.7,419184814.7,13.392664386888079,1.85171443813958,0.46076065511715125,0.9525849052591285,0.006849540294027674,13.392664386888079,0.019148076473215234,3.9940165373143413,14.5743455519769,1.1162827327052718,0.0,21.291937581274382,0.0,0.13518734531899004,1.6825015762161113,0.009261830847122187,16.09362366323277,0.5016587533479425,1.3466666666666667,-0.21389968835060136,-0.18194672361902556,0.7285890346106493,-0.09332196490456021,1.3629474363108676,1.2269368562472012,-0.1867691900595075,-0.3304305512145602,0.3468416839091059,Restaurants,Consumer Cyclical,CHUY
2020Q1,2020,Q1,2020-05-22,2020-03-29,-12404000.0,94500000.0,-17864000.0,-0.75,36358000.0,0.3847407407407407,449414000.0,181396000.0,36222000.0,32267000.0,268018000.0,1519000.0,87654000.0,162360918.4,380396918.4,10.904255638898874,1.122571047819754,0.5475107584543427,1.3564742331694193,-0.0190712894615799,10.904255638898874,-0.06838078017155835,1.7181049566137567,-3.272350016123831,0.8950633883878365,0.0,38.276497695852534,0.0,0.21027382324538177,0.9481513620727059,-0.02760038628080122,-33.114607056903935,0.3847407407407407,-7.333333333333334,-4.791519532905394,0.39827525168773975,0.4737859278485664,-0.06740881342020212,-7.674125874125874,-4.801883728483274,-3.762196190112782,0.10178334465896237,0.13545745585255412,Restaurants,Consumer Cyclical,CHUY
2019Q4,2019,Q4,2020-03-10,2019-12-29,-1430000.0,102032000.0,-3079000.0,-0.09,38986000.0,0.38209581307824997,446069000.0,194936000.0,16783000.0,36199000.0,251133000.0,1657000.0,100058000.0,431386961.25,646160961.25,11.726337730148538,0.4636315920329291,0.5040655145280214,1.153445233307342,-0.0021955020899467365,11.726337730148538,-0.007335740961135963,4.227957515779363,-75.41730091783216,2.2129671340850328,0.0,38.04828002414001,0.0,0.22873591305381005,0.3245946020608304,-0.0032057820651065195,-742.4904668674699,0.38209581307824997,0.18181818181818185,-1.6130339648852252,0.633925454113203,0.6312283509800105,-0.0637143062993828,0.21298844248761695,0.038413491567770144,-1.6205214824594556,0.30663283211821796,0.2564585163244897,Restaurants,Consumer Cyclical,CHUY
2019Q3,2019,Q3,2019-11-08,2019-09-29,-1817000.0,109082000.0,-3202000.0,-0.11,41639000.0,0.38172200729726263,448335000.0,195293000.0,20491000.0,37032000.0,253042000.0,1635000.0,101488000.0,411410352.52000004,626649352.52,11.753361699290085,0.5533322531864333,0.5034516600310036,1.1557761926950787,-0.002785193840962311,11.753361699290085,-0.0093039689082558,3.7715695762820634,-56.60571718767199,2.1066313309744844,0.0,41.24954128440367,0.0,0.24330467172984488,0.3249351911860013,-0.004052773038018446,419.378544872579,0.38172200729726263,-1.2972972972972974,-1.5786826883737262,0.6831958540536989,0.6733953710089301,-0.07682245477119545,-1.2909527622097678,-1.5045698077529153,-1.3995384943726659,0.2887291712949971,0.28351170640911655,Restaurants,Consumer Cyclical,CHUY
2019Q2,2019,Q2,2019-08-09,2019-06-30,6245000.0,113132000.0,6346000.0,0.37,45104000.0,0.39868472227132906,455193000.0,198292000.0,22340000.0,39463000.0,256901000.0,1723000.0,103305000.0,375411748.1,588970748.1,11.79995911800822,0.5660998910371741,0.49497905284132226,1.1362586488612754,0.00965877801052313,11.79995911800822,0.03149395840477679,3.3183515548209175,15.02849271817454,1.8932268982107197,0.0,39.48229831688915,0.0,0.24853633513696388,0.3424220155588779,0.013719455264030862,44.86278060468452,0.39868472227132906,0.9473684210526315,0.772475909083638,0.7484560272124335,0.7320749725496041,0.13620676625437692,0.9412496114392291,0.8825274399288046,0.06592369548158786,0.26961965592822407,0.32353259567532194,Restaurants,Consumer Cyclical,CHUY
2019Q1,2019,Q1,2019-05-08,2019-03-31,3217000.0,102111000.0,3371000.0,0.19,39697000.0,0.3887632086650802,442693000.0,194923000.0,17470000.0,32304000.0,247770000.0,1581000.0,97060000.0,364226624.86,579232624.86,11.554310648260827,0.5407999009410599,0.502269066825091,1.1407119734459248,0.005088378286628312,11.554310648260827,0.01650395284291746,3.5669675633379363,28.304835627914205,1.8685666897185043,0.0,39.4775458570525,0.0,0.23065871834431537,0.3188150074294205,0.007266886984885688,203.13810644729506,0.3887632086650802,-0.050000000000000044,0.1880293913815927,0.7738900000721621,0.7516785103774053,0.12561317945955142,-0.05659824046920821,1.336105336105336,-0.3055980053139257,0.2797559732177564,0.3813533653222952,Restaurants,Consumer Cyclical,CHUY
2018Q4,2018,Q4,2019-03-12,2018-12-30,3410000.0,96834000.0,1443000.0,0.2,35267000.0,0.3642005907016131,277084000.0,193851000.0,17730000.0,26643000.0,83233000.0,1541000.0,94192000.0,299877403.5,291678403.5,11.467742150168377,0.6654656007206395,0.0,0.0,0.017888349395178003,11.467742150168377,0.01759083007051808,3.096819335150877,21.98514688416422,1.5469479316588512,0.0,39.95262816353018,0.0,0.3494752493828586,0.4674023195586083,0.012306737307098208,-753.4608128140703,0.3642005907016131,1.4545454545454546,0.3478375849812869,0.8488850385252611,0.798064550253201,-0.06900557007470763,1.4540612516644473,1.1596238938053098,14.184444903252793,0.33075099890599596,0.4207542842319887,Restaurants,Consumer Cyclical,CHUY
2018Q3,2018,Q3,2018-11-08,2018-09-30,-7510000.0,101175000.0,-9040000.0,-0.44,37881000.0,0.3744106745737583,275080000.0,191653000.0,21750000.0,25172000.0,83427000.0,1483000.0,90782000.0,433886745.6,423073745.6,11.307828251852458,0.8640552995391705,0.0,0.0,-0.03908164620240384,11.307828251852458,-0.03918540278524208,4.2884778413639735,-14.443633342210386,2.263918360787465,0.0,42.67970330411328,0.0,0.3678020939363094,0.5522405847767361,-0.027301148756725315,767.9411426548673,0.3744106745737583,-2.1578947368421053,-3.5718242414170587,0.824518609871667,0.888484154028456,-0.09744823806914298,-2.163258983890954,-2.2573018080667593,-2.794238013733115,0.3307541134429582,0.4092743509886614,Restaurants,Consumer Cyclical,CHUY
2018Q2,2018,Q2,2018-08-10,2018-07-01,6456000.0,106340000.0,7190000.0,0.38,41971000.0,0.3946868534888095,283541000.0,198291000.0,22239000.0,26071000.0,85250000.0,1591000.0,98292000.0,533509420.5,523219420.5,11.707696734101061,0.853016761919374,0.0,0.0,0.0326444748580497,11.707696734101061,0.03255820990362649,5.017015426932481,20.65944162407063,2.690537747552839,0.0,40.45820238843495,0.0,0.3750427627750484,0.5458171915154769,0.02276919387319647,338.0921549429658,0.3946868534888095,1.0,0.9625116628154546,0.9119286214180953,1.0122479149928854,0.1402374419299628,1.0282752120640906,0.9564625850340136,0.16847066164943053,0.37219354431558654,0.5111105311447637,Restaurants,Consumer Cyclical,CHUY
2018Q1,2018,Q1,2018-05-09,2018-04-01,3183000.0,93850000.0,3675000.0,0.19,36809000.0,0.39221097496004265,274253000.0,190610000.0,21462000.0,24579000.0,83643000.0,1435000.0,91836000.0,439510582.8,431074582.8,11.254176107633874,0.8731844257292811,0.0,0.0,0.01677204006601323,11.254176107633874,0.016699018939195214,4.683117557805008,34.52015259189444,2.3058107276638165,0.0,39.74982578397213,0.0,0.34220227308361256,0.5597461247406322,0.011606071765851239,214.39540624390244,0.39221097496004265,-0.7956989247311828,0.1464799656179949,0.91176377741735,0.9900043896664231,0.03132442352413774,-0.7995844352096714,-0.33363553943789664,-0.04437415717744665,0.3639386825581151,0.5210801109423786,Restaurants,Consumer Cyclical,CHUY
2017Q4,2017,Q4,2018-03-15,2017-12-31,15882000.0,96019000.0,5515000.0,0.93,35691000.0,0.37170768285443506,271967000.0,188962000.0,26586000.0,25657000.0,83005000.0,1605000.0,88653000.0,474548469.45,465763469.45,11.169320820153791,1.0362084421405464,0.0,0.0,0.0843085259232987,11.169320820153791,0.084048644701051,4.942235072746019,7.469910424537212,2.5113433888824206,0.0,37.58753894080997,0.0,0.3530538631525148,0.7427602603577971,0.058396790787117556,-51.84622194362504,0.37170768285443506,3.8947368421052633,37.91583972165451,0.9354358000710474,1.0328369495123453,0.016519039617213977,3.9708920187793426,0.3171721996656317,5.690146562133638,0.510897345614526,0.5537427969674703,Restaurants,Consumer Cyclical,CHUY
2017Q3,2017,Q3,2017-11-03,2017-09-24,3195000.0,92193000.0,4187000.0,0.19,35111000.0,0.38084236330307075,263394000.0,172067000.0,30102000.0,28371000.0,91327000.0,1314000.0,72771000.0,344876382.0,327475382.0,10.178043447463445,1.061013006238765,0.0,0.0,0.01863957675617142,10.178043447463445,0.018568348375923333,3.740808759884156,26.985632394366196,2.0043144937727746,0.0,43.441400304414,0.0,0.3500193626278503,0.7874942723203271,0.012130116859153967,-152.66772111553786,0.38084236330307075,-0.3870967741935484,1.443886057428917,0.23968608297862645,0.225688701519986,-0.08304823587788253,-0.40045036592231187,-0.4309594998640935,0.00010987319973504812,0.39820482716012395,0.4491080277008614,Restaurants,Consumer Cyclical,CHUY
2017Q2,2017,Q2,2017-08-04,2017-06-25,5329000.0,94472000.0,7358000.0,0.31,38291000.0,0.40531586078414766,256828000.0,168042000.0,31101000.0,28659000.0,88786000.0,1278000.0,69576000.0,381078064.95,361332064.95,9.943755488779413,1.0852088349209672,0.0,0.0,0.03178141883825719,9.943755488779413,0.03171231001773366,4.033767306185959,17.877559811878402,2.2677548764594566,0.0,43.960093896713616,0.0,0.3678415126076596,0.8552287239610593,0.020749295248181664,67.96469858212947,0.40531586078414766,0.14814814814814806,-0.9645191192124508,-0.9749959387151178,-0.6435292689991513,0.08227812323346523,0.1712087912087912,0.13883299798792756,0.5040106241226199,0.4518763957966134,0.4596092955087117,Restaurants,Consumer Cyclical,CHUY
2017Q1,2017,Q1,2017-05-05,2017-03-26,4550000.0,86904000.0,6461000.0,0.27,35380000.0,0.40711589800239345,247296000.0,161868000.0,28389000.0,27055000.0,85428000.0,1201000.0,64247000.0,482060865.0,467878865.0,9.603403088943965,1.049306967288856,0.0,0.0,0.0281791062962872,9.603403088943965,0.028109323646427955,5.547050365921017,26.486860714285715,2.9781109607828604,0.0,42.900915903413825,0.0,0.3514169254658385,0.813084457586398,0.018399003623188404,481.09866766467064,0.40711589800239345,0.9285714285714285,6.7392046755138235,0.49489497479297145,28.066363325212958,0.15768463073852296,0.9502786112301758,1.3224299065420562,0.6817859706587847,0.5110440571157252,0.4559133235635501,Restaurants,Consumer Cyclical,CHUY
2016Q4,2016,Q4,2017-03-10,2016-12-25,2333000.0,79053000.0,2782000.0,0.14,30561000.0,0.38658874426017986,240728000.0,157065000.0,27689000.0,28106000.0,83663000.0,1451000.0,59697000.0,554524314.7,540830314.7,9.332849097518572,0.9851633103251974,0.0,0.0,0.014939644733532657,9.332849097518572,0.01485372298093146,7.014589132607239,59.42180826189456,3.530540315792825,0.0,33.4197105444521,0.0,0.32839137948223723,0.7482743898100049,0.009691435977534812,-1680.3767112121213,0.38658874426017986,-0.48148148148148145,3.744131432906453,0.5320439786554358,2.9507803543451914,-0.11673410404624278,-0.4927158077843009,-0.587240356083086,-0.07376140389632742,0.516091257186061,0.4633277322916032,Restaurants,Consumer Cyclical,CHUY
2016Q3,2016,Q3,2016-11-03,2016-09-25,4599000.0,85597000.0,6740000.0,0.27,34600000.0,0.40421977405750203,234756000.0,153870000.0,27907000.0,26396000.0,80886000.0,1208000.0,57364000.0,486452292.59999996,472508292.59999996,9.157190885443882,1.057243521745719,0.0,0.0,0.029959988860858038,9.157190885443882,0.029888867225580037,5.683053057934273,26.44337315720809,3.1614498771690385,0.0,42.216059602649004,0.0,0.3646211385438498,0.828761933626307,0.01959055359607422,-719.6039831360946,0.40421977405750203,-0.2058823529411765,-0.9538374684991777,-0.9704430911156663,-0.9257335124685981,-0.05988479513096403,-0.20432525951557093,-0.1908763505402161,0.5885814605757739,0.5569632434437615,0.5293131003949931,Restaurants,Consumer Cyclical,CHUY
2016Q2,2016,Q2,2016-08-04,2016-06-26,5780000.0,87909000.0,8330000.0,0.34,36804000.0,0.41866020543971605,225418000.0,147806000.0,25136000.0,29949000.0,77612000.0,1217000.0,52765000.0,559028267.64,545259267.64,8.915503219614614,0.8392934655581155,0.0,0.0,0.039180570520159004,8.915503219614614,0.039105313722041055,6.359169910248097,24.179423340830446,3.782175741444867,0.0,41.99260476581758,0.0,0.38998216646408007,0.6359477778890781,0.0256412531386136,98.908044522293,0.41866020543971605,0.25925925925925924,-0.9102754960282636,-0.9721258259671661,-0.9350832202811908,0.13676797627872497,0.27537511032656664,0.2837108953613808,0.7949894435837911,0.6147068742551072,0.5323426265840447,Restaurants,Consumer Cyclical,CHUY
2016Q1,2016,Q1,2016-05-05,2016-03-27,4532000.0,78054000.0,6489000.0,0.27,32376000.0,0.4147897609347375,206521000.0,138041000.0,14687000.0,21284000.0,68480000.0,1078000.0,46985000.0,505658844.64,500834844.64,8.364485828407124,0.6900488629956775,0.0,0.0,0.03290689333887779,8.364485828407124,0.03283082562427105,6.478320709252569,27.893802109443957,3.663106212212314,0.0,42.37291280148423,0.0,0.3779470368630793,0.4546607780492389,0.02194449959084064,-141.4826090207051,0.4147897609347375,26.0,-0.9576857034658449,-0.9684628260658664,-0.961513880301074,0.13266162888329136,19.69406392694064,104.0,0.6752624726680214,0.6317673657623233,0.47903883470794173,Restaurants,Consumer Cyclical,CHUY
2015Q4,2015,Q4,2016-03-10,2015-12-27,219000.0,70961000.0,-63000.0,0.01,28584000.0,0.4028128126717493,200461000.0,133057000.0,16236000.0,24021000.0,67404000.0,1194000.0,42453000.0,515803572.06,507274572.06,8.07158723886407,0.6759085799925065,0.0,0.0,0.0012961550313023741,8.07158723886407,0.0016459111508601576,7.268831781682897,588.8168630821917,3.8765609630459124,0.0,35.49162479061977,0.0,0.35398905522770013,0.5163398692810458,0.0010924818293832717,-268.2285866146646,0.4028128126717493,-0.9583333333333333,-0.9976502359939045,-0.9674283251451249,-0.9602737155506463,-0.0657296943945089,-0.9461784222167609,-1.0095281306715063,-0.44927567618886916,0.4679465668236938,0.46904373547659334,Restaurants,Consumer Cyclical,CHUY
2015Q3,2015,Q3,2015-11-05,2015-09-27,4069000.0,73910000.0,6612000.0,0.24,30595000.0,0.4139493979163848,195060000.0,132205000.0,17186000.0,21795000.0,62855000.0,1012000.0,42234000.0,435802684.4,425204684.4,8.023865788744095,0.7885294792383574,0.0,0.0,0.030852616953809697,8.023865788744095,0.030777958473582695,5.896396758219455,26.775785475546815,3.2964160538557543,0.0,42.801383399209485,0.0,0.37890905362452576,0.5632025693966506,0.020860248128780887,140.80862177705976,0.4139493979163848,-0.25000000000000006,0.0,0.0,0.0,-0.026659879744217862,-0.24269495626279547,-0.12965644333289456,2.1934994286229186,0.01973198680885068,-0.03372768149978856,Restaurants,Consumer Cyclical,CHUY
2015Q2,2015,Q2,2015-08-06,2015-06-28,5373000.0,75362000.0,7597000.0,0.32,31433000.0,0.41709349539555746,187589000.0,127608000.0,15102000.0,21780000.0,59981000.0,1043000.0,38165000.0,438275853.84,430641853.84,7.74774345939587,0.6933884297520662,0.0,0.0,0.0422724414203711,7.74774345939587,0.04210551062629302,5.81560804968021,20.392511345616974,3.434548412638706,0.0,42.11792905081496,0.0,0.4017399740922975,0.4773645546372819,0.02864240440537558,46.80934036526754,0.41709349539555746,0.6842105263157895,0.0,0.0,0.0,0.15822248424776153,0.6608964451313756,0.650445361720617,-0.9632945757778433,-0.9795343946228275,-0.7222534506510775,Restaurants,Consumer Cyclical,CHUY
2015Q1,2015,Q1,2015-05-08,2015-03-29,3235000.0,66829000.0,4603000.0,0.19,27139000.0,0.40609615586047976,182436000.0,121708000.0,12798000.0,16544000.0,60728000.0,905000.0,32792000.0,358767564.41999996,360488564.41999996,7.398805642565005,0.773573500967118,0.04659168146637725,0.06983928747494002,0.025101164873556264,7.398805642565005,0.026580011174285996,5.368441311705995,27.725468656877897,2.9477730668485225,0.0,43.85635359116022,0.0,0.36631476243723826,0.5796663442940039,0.017732245828674165,111.07354935603713,0.40609615586047976,0.35714285714285704,-0.9274569183161109,-0.9611631230473882,0.0,0.18863875262789068,0.40225400953619417,0.5420435510887772,4.638162083481667,0.17791570955236471,21.393767187281394,Restaurants,Consumer Cyclical,CHUY
2014Q4,2014,Q4,2015-03-12,2014-12-28,2307000.0,61759000.0,2985000.0,0.14,22832000.0,0.3696951051668583,179212000.0,118188000.0,12914000.0,17968000.0,61024000.0,926000.0,29557000.0,327831665.64000005,332766665.64000005,7.188654931790255,0.7187221727515584,0.048824855478427784,0.0740345889599621,0.018464964929143596,7.188654931790255,0.01951974819778658,5.30824115740216,35.52575483745124,2.7738151558533866,0.0,42.0377969762419,0.0,0.3446141999419682,0.4953806767586821,0.012873021895855189,975.6894810714288,0.3696951051668583,-0.26315789473684204,-0.9751812009566101,-0.9715767552316268,-0.9646192821588411,-0.05785260377981349,-0.25724404378622023,-0.2979774223894638,3.8020756407530727,0.2251592982537153,2.0431003846654767,Restaurants,Consumer Cyclical,CHUY
2014Q3,2014,Q3,2014-11-06,2014-09-28,3106000.0,64107000.0,4252000.0,0.19,24234000.0,0.378024240722542,170825000.0,115445000.0,9365000.0,15897000.0,55380000.0,848000.0,27251000.0,514793842.2,520050842.2,7.02366093686736,0.5891048625526829,0.05122201082979658,0.07579366798042358,0.02522260816966769,7.02366093686736,0.0269045865996795,8.03022824652534,41.4354348197038,4.459212977608385,0.0,47.02004716981132,0.0,0.37527879408751647,0.3915204126564761,0.018182350358554075,-241.68724985915492,0.378024240722542,-0.09523809523809519,0.0,0.0,0.0,-0.010776389909380358,-0.09866511897852583,-0.13804986823434015,-0.9681281145905684,-0.9773699236480332,-0.9430368293160933,Restaurants,Consumer Cyclical,CHUY
2014Q2,2014,Q2,2014-08-08,2014-06-29,3446000.0,63284000.0,4933000.0,0.21,24498000.0,0.387112066241072,165957000.0,111970000.0,10762000.0,16984000.0,53987000.0,850000.0,24144000.0,596615438.0999999,599676438.0999999,6.812614525939804,0.6336552048987282,0.04519242936423291,0.06698222738233456,0.028955586945040364,6.812614525939804,0.030776100741269984,9.42758735383351,43.28318616511898,5.32835079128338,0.0,45.63058823529412,0.0,0.3813276933181487,0.4450070654733867,0.020764414878552878,2268.499764638783,0.387112066241072,0.31249999999999994,0.0,0.0,0.0,0.12826417353659098,0.30927051671732525,0.3043363299841354,-0.9460418760228732,-0.9797595142834264,-0.9503950606493403,Restaurants,Consumer Cyclical,CHUY
2014Q1,2014,Q1,2014-05-09,2014-03-30,2632000.0,55951000.0,3782000.0,0.16,21713000.0,0.38807170559954246,155442000.0,108161000.0,9241000.0,14183000.0,47281000.0,744000.0,20698000.0,707393715.0600001,710587715.0600001,6.596136551205055,0.6515546781357964,0.051466141712021206,0.07396381320438976,0.0227907817597989,6.596136551205055,0.02433409454424423,12.643093332737575,67.19165226633739,6.540192075332143,0.0,46.01881720430107,0.0,0.3599477618661623,0.4533596559261087,0.016932360623254976,-216.32835322935782,0.38807170559954246,0.06666666666666674,-0.9407915010151772,-0.9673815259566788,0.0,0.10600040749796251,0.0734094616639478,0.1474514563106796,-0.9752673358670993,-0.9772478075196471,-0.9696502921915425,Restaurants,Consumer Cyclical,CHUY
2013Q4,2013,Q4,2014-03-11,2013-12-29,2452000.0,50760000.0,3296000.0,0.15,19632000.0,0.3867612293144208,151162000.0,104488000.0,10423000.0,15947000.0,46674000.0,705000.0,18066000.0,594539541.77,595216541.77,6.377825617302507,0.6536025584749483,0.03969251531469549,0.05742286195543986,0.022389449841875773,6.377825617302507,0.023466809585789755,11.71275693006304,60.617816248980425,5.690027005684863,0.0,44.1531914893617,0.0,0.33579867956232384,0.4948893208753998,0.016221007925272226,-149.90911290216843,0.3867612293144208,-0.11764705882352951,-0.9735280700851654,-0.9765562552857587,-0.9686099763103111,-0.06785052941455771,-0.12926136363636365,-0.1857707509881423,-0.9735280700851654,-0.9765562552857587,-0.9686099763103111,Restaurants,Consumer Cyclical,CHUY
2013Q3,2013,Q3,2013-11-08,2013-09-29,2816000.0,53476000.0,4048000.0,0.17,21061000.0,0.39384022739172714,144605000.0,97867000.0,11310000.0,15095000.0,46738000.0,670000.0,15614000.0,586602454.0600001,587379454.0600001,5.987780319856509,0.7492547201059954,0.027661560803568342,0.04087179539579225,0.027801853677554347,5.987780319856509,0.028773743958637743,10.969452727578728,52.07763264026988,5.993873870252486,0.0,48.38059701492537,0.0,0.36980740638290516,0.5224246439218284,0.019473738805712112,-2517.6070989699574,0.39384022739172714,-0.1052631578947368,0.0,0.0,0.0,-0.04454929002404391,-0.10886075949367088,-0.15754422476586888,0.0,0.0,0.0,Restaurants,Consumer Cyclical,CHUY
2013Q2,2013,Q2,2013-08-09,2013-06-30,3160000.0,53427000.0,4805000.0,0.19,22043000.0,0.4125816534710914,141381000.0,94658000.0,13648000.0,14060000.0,46723000.0,679000.0,12798000.0,629782396.53,630512396.53,5.818217848242847,0.9706970128022759,0.03182888789865682,0.04753956348116377,0.032028306240658874,5.818217848242847,0.033383337911217226,11.787717755629176,49.8245566875,6.653240048701641,0.0,46.220913107511045,0.0,0.3778937763914529,0.7416073968705548,0.02235095239105679,568.3956647382671,0.4125816534710914,0.1875,0.0,0.0,0.0,0.15010956902848796,0.19651647103369935,0.48992248062015503,0.0,0.0,0.0,Restaurants,Consumer Cyclical,CHUY
2013Q1,2013,Q1,2013-05-10,2013-03-31,2641000.0,46698000.0,3225000.0,0.16,19166000.0,0.41042442931174783,132238000.0,91115000.0,11309000.0,13534000.0,41123000.0,642000.0,9638000.0,506055493.26,507959493.26,5.65535240327805,0.8355992315649475,0.037810614195616994,0.054875706524721506,0.027761572818275727,5.65535240327805,0.0289853481863579,10.836770167030707,47.903776340401365,5.554030546671789,0.0,42.88473520249221,0.0,0.3531360123413845,0.6462982119107433,0.019971566418124895,-141.63321949622167,0.41042442931174783,7.000000000000001,-0.9395331399988803,-0.972292016717161,0.0,1.9017596687682319,5.877604166666667,-0.12837837837837837,-0.9395331399988803,-0.972292016717161,0.0,Restaurants,Consumer Cyclical,CHUY
2012Q4,2012,Q4,2013-03-28,2012-12-30,384000.0,46680000.0,3700000.0,0.02,-21254000.0,-0.4553127677806341,129721000.0,87463000.0,12983000.0,15663000.0,42258000.0,621000.0,6997000.0,355617659.18,354762659.18,5.4944499227216355,0.8288961246249122,0.03854426037418768,0.05716703063009501,0.028759745811123325,5.4944499227216355,0.004390427952391297,7.618201781919452,231.52191352864585,4.06592112298915,0.0,109.39452495974236,0.0,0.3598492148534162,0.678797165294005,0.0029601991967376138,136.9340235579515,-0.4553127677806341,-0.6666666666666666,-0.9957333208204158,-0.9778114029549776,-0.9729577251582198,-1.6490761948389068,-0.5139240506329114,0.08313817330210772,-0.9957333208204158,-0.9778114029549776,-0.9729577251582198,Restaurants,Consumer Cyclical,CHUY
2012Q3,2012,Q3,2012-11-07,2012-09-23,790000.0,44939000.0,3416000.0,0.06,32745000.0,0.7286543981842053,121586000.0,84831000.0,9959000.0,13459000.0,36755000.0,597000.0,4442000.0,230876063.0,232309063.0,8.303938377535482,0.73995096218144,0.04107380783971839,0.05886998856550082,0.026563489327292508,8.303938377535482,0.009312633353373177,5.137543403280001,73.06204525316456,2.7216001579611233,0.0,20.42546063651591,0.0,0.36960669813958846,0.5823612452633925,0.006497458588982284,-278.4994728588661,0.7286543981842053,-0.6666666666666666,0.0,0.0,0.0,1.7030708271421495,-0.5436164067013287,-0.21543408360128619,0.0,0.0,0.0,Restaurants,Consumer Cyclical,CHUY
2012Q2,2012,Q2,2012-08-30,2012-06-24,1731000.0,43545000.0,4354000.0,0.18,12114000.0,0.27819497071994487,120893000.0,5433000.0,10391000.0,14462000.0,115460000.0,585000.0,3651000.0,2933175.96,82687175.96,27.895012476510274,0.7185036647766561,0.6979312284416799,15.530093870789619,0.03397609907884458,27.895012476510274,0.31860850358917725,0.06735965001722356,0.4236244887348354,0.5398814577581447,0.0,53.728205128205126,0.0,0.3601945522073238,0.5777900705296639,0.014318446891052418,-6.294369012875537,0.27819497071994487,5.0,0.0,0.0,0.0,-0.5599389712292938,3.5672823218997363,1.3870614035087718,0.0,0.0,0.0,Restaurants,Consumer Cyclical,CHUY
2012Q1,2012,Q1,2012-03-31,2012-03-31,379000.0,37476000.0,1824000.0,0.03,27528000.0,0.7345501120717259,113128000.0,3590000.0,8719000.0,11653000.0,109538000.0,520000.0,1919000.0,163638300.42000002,242688300.42000002,0.3303957561355366,0.7482193426585428,0.7276624708295029,22.93008356545961,0.0148465687476137,0.3303957561355366,0.10557103064066853,4.366482560038425,107.94083141160951,45.58169928133705,0.0,19.130769230769232,0.0,0.33127077292977863,0.63880545782202,0.003350187398345237,-45.304069883720935,0.7345501120717259,0.08303249097472924,-0.9871335586650796,-0.967029154431287,0.0,0.13540936275520726,0.19558359621451105,-0.05541170378042465,-0.9871335586650796,-0.967029154431287,0.0,Restaurants,Consumer Cyclical,CHUY
2011Q4,2011,Q4,2011-12-31,2011-12-31,317000.0,33262000.0,1931000.0,0.0277,24245000.0,0.7289098671156274,105938000.0,25627000.0,7025000.0,11283000.0,80311000.0,617000.0,1540000.0,163377175.08,215750175.08,2.36227991952375,0.6226180980235753,0.5210594876248371,2.153978226089671,0.010772828629420325,2.36227991952375,0.012369766262145393,4.911826561241056,128.8463525867508,6.375197060912319,0.0,14.614262560777957,0.0,0.31397609922785025,0.47629176637419124,0.002992316260454228,-46.047681815107104,0.7289098671156274,-0.7481818181818182,-0.9948316517897462,-0.9768003680754931,-0.9883734634521272,-0.04302348529701993,-0.7375827814569537,-0.3427501701837985,-0.9948316517897462,-0.9768003680754931,-0.9883734634521272,Restaurants,Consumer Cyclical,CHUY
2011Q3,2011,Q3,2011-09-30,2011-09-30,1208000.0,35115000.0,2938000.0,0.11,25335000.0,0.7214865442118753,101609000.0,25122000.0,8057000.0,11131000.0,76487000.0,456000.0,-11138000.0,3068384.64,52076384.64,123.30179048217371,0.7238343365375977,0.5181824444685018,2.09585224106361,0.02646957867154741,123.30179048217371,0.04808534352360481,0.08738102349423324,0.6350133774834437,0.1221393455935037,0.0,21.44736842105263,0.0,0.34558946550010333,0.49420537238343365,0.011888710645710518,3.3644568421052634,0.7214865442118753,0.8333333333333334,0.0,0.0,0.0,1.887837683802576,0.7922848664688428,0.5561440677966102,0.0,0.0,0.0,Restaurants,Consumer Cyclical,CHUY
2011Q2,2011,Q2,2011-06-30,2011-06-30,674000.0,32997000.0,1888000.0,0.06,8773000.0,0.26587265508985664,97363000.0,23822000.0,8343000.0,9446000.0,73541000.0,430000.0,-12347000.0,2612247.36,51402247.36,137.33742274697906,0.8832309972475122,0.5430707763729549,2.2195869364453027,0.019359881187894067,137.33742274697906,0.028293174376626647,0.07916620783707609,0.9689344807121663,0.10965692888926203,0.0,56.334883720930236,0.0,0.33890697698304284,0.7037899640059284,0.006922547579676057,-18.658909714285713,0.26587265508985664,-0.5384615384615385,0.0,0.0,0.0,-0.5692330354512423,-0.46677215189873417,-0.3012583271650629,0.0,0.0,0.0,Restaurants,Consumer Cyclical,CHUY
2011Q1,2011,Q1,2011-03-31,2011-03-31,1264000.0,29209000.0,2702000.0,0.13,20366000.0,0.6972508473415728,89700000.0,42330000.0,6382000.0,7510000.0,47370000.0,400000.0,5989000.0,2933175.96,30875175.96,217.33772835094422,0.8498002663115846,0.3438015607580825,0.7285376801322939,0.02574586543207134,217.33772835094422,0.02986061894637373,0.10042028005066932,0.5801376503164557,0.06929307725017718,0.0,22.1075,0.0,0.3256298773690078,0.6992010652463382,0.014091415830546265,-6.201217674418604,0.6972508473415728,0.18181818181818185,1.393939393939394,0.4336409148915283,0.0,1.6632363956101215,0.10877192982456141,0.09083568833266048,1.393939393939394,0.4336409148915283,0.0,Restaurants,Consumer Cyclical,CHUY
2010Q4,2010,Q4,2010-12-31,2010-12-31,1140000.0,26648000.0,2477000.0,0.11,-30707000.0,-1.1523191233863705,88642000.0,40968000.0,9258000.0,8397000.0,47674000.0,413000.0,4725000.0,3036608.04,30431608.04,203.18001924278644,1.1025366202215077,0.34669795356602967,0.7501464557703573,0.024941902215532843,203.18001924278644,0.027826596367896896,0.11395256829780846,0.6659228157894737,0.07412146162858817,0.0,138.87409200968523,0.0,0.30062498589833264,0.939740383470287,0.012860720651609847,17.155977627118645,-1.1523191233863705,0.0,0.0,0.0,0.0,-2.6723123842718657,0.5159574468085106,0.25608519269776875,0.0,0.0,0.0,Restaurants,Consumer Cyclical,CHUY
2010Q3,2010,Q3,2010-09-30,2010-09-30,752000.0,25194000.0,1972000.0,0.0,18362000.0,0.7288243232515679,,,,,,,,0.0,,0.0,0.0,0.0,0.0,0.0,0.0,0.0,0.0,0.0,0.0,0.0,0.0,,0.0,0.0,0.0,0.0,0.7288243232515679,0.0,0.0,0.0,0.0,0.08247361905323351,-0.13662456946039037,-0.0916628281897743,0.0,0.0,0.0,Restaurants,Consumer Cyclical,CHUY
2010Q2,2010,Q2,2010-06-30,2010-06-30,871000.0,22692000.0,2171000.0,0.0,16963000.0,0.7475321699277279,,,,,,,,0.0,,0.0,0.0,0.0,0.0,0.0,0.0,0.0,0.0,0.0,0.0,0.0,0.0,,0.0,0.0,0.0,0.0,0.7475321699277279,-1.0,0.0,0.0,0.0,0.18423624685841944,0.6496212121212122,0.28995840760546643,0.0,0.0,0.0,Restaurants,Consumer Cyclical,CHUY
2010Q1,2010,Q1,2010-03-31,2010-03-31,528000.0,20374000.0,1683000.0,0.06,14324000.0,0.703052910572298,,,,,,,,2933175.96,,,0.0,0.0,0.0,0.0,,0.0,0.14396662216550504,1.388814375,0.0,0.0,0.0,0.0,0.0,0.0,0.0,-2.8841454867256635,0.703052910572298,0.0,0.0,0.0,0.0,0.0,0.0,0.0,0.0,0.0,0.0,Restaurants,Consumer Cyclical,CHUY
