Quarters,Year,Quarter,FillingDate,Date,NetIncome,Revenue,OperatingIncome,EPSDiluted,GrossProfit,GrossProfitRatio,TotalAssets,CommonStockEquity,CurrentAssets,CurrentLiability,TotalLiability,Inventory,RetainedEarnings,MarketCap,EnterpriseValue,bookValuePerShare,currentRatio,debtToAssets,debtToEquity,roic,shareholdersEquityPerShare,roe,priceToSalesRatio,peRatio,pbRatio,payoutRatio,inventoryTurnover,dividendYield,assetTurnover,quickRatio,returnOnAssets,priceToFreeCashFlowsRatio,grossProfitMargin,epsdilutedGrowth,fiveYNetIncomeGrowthPerShare,fiveYRevenueGrowthPerShare,fiveYShareholdersEquityGrowthPerShare,grossProfitGrowth,netIncomeGrowth,operatingIncomeGrowth,threeYNetIncomeGrowthPerShare,threeYRevenueGrowthPerShare,threeYShareholdersEquityGrowthPerShare,Industry,Sector,Symbol
2023Q4,2023,Q4,2023-06-28,2023-05-28,614900000.0,5030000000.0,818200000.0,1.03,1728200000.0,0.3435785288,31451700000.0,10449600000.0,5176400000.0,7535700000.0,20751700000.0,2172000000.0,19838600000.0,50070264000.00001,61190664000.00001,17.568258238063216,0.6869169420226389,0.3721865590731185,1.1202246975960803,0.02940708670616794,17.568258238063216,0.058844357678762824,9.954326838966205,20.357075947308505,4.7915962333486455,0.5212229630834282,1.5201657458563536,0.006401004795980304,0.15992776225132505,0.31661292248895256,0.0195506125265089,121.11820029027578,0.34357852882703777,0.11956521739130432,0.7125840713573319,0.2762541757801761,0.6795564982766792,0.03808265257087939,0.11173386367745435,0.4392260334212841,0.009340043522472159,0.028499233050496457,0.33181720638243084,Packaged Foods,Consumer Defensive,GIS
2023Q3,2023,Q3,2023-03-23,2023-02-26,553100000.0,5125900000.0,568500000.0,0.92,1664800000.0,0.3247819895,31199800000.0,10234500000.0,5116000000.0,9418300000.0,20716100000.0,2083300000.0,19226500000.0,47980650000.0,58949150000.0,17.27341772151899,0.5431978170158096,0.37138699607048764,1.1321705994430602,0.021734624595533013,17.27341772151899,0.0540426987151302,9.360434265202208,21.687149701681435,4.688128389271581,0.5776532272645092,1.6613545816733069,0.006658934382923115,0.16429271982512708,0.25364450059989596,0.017727677741523985,68.37772552372809,0.32478198950428216,-0.08910891089108908,-0.4323029978692297,0.27575762812313515,0.991507903489935,-0.02363497742067914,-0.0871430929196237,-0.2891972993248312,0.2496717297719697,0.25807481364014917,0.3861877246388025,Packaged Foods,Consumer Defensive,GIS
2023Q2,2023,Q2,2022-12-20,2022-11-27,605900000.0,5220700000.0,799800000.0,1.01,1705100000.0,0.3266037121,31319800000.0,10121200000.0,5330600000.0,9208200000.0,20947700000.0,2121300000.0,18991900000.0,49417987000.00001,60514087000.00001,16.984728981372715,0.5788970700028235,0.374849136967669,1.159961269414694,0.02921289679150504,16.984728981372715,0.05986444295142868,9.465777960809854,20.390323073114377,4.882621329486622,0.5329262254497442,1.657285626738321,0.0065340581355529505,0.16669008103500021,0.2691188288699203,0.019345589690866482,73.09271853276144,0.3266037121458808,-0.2518518518518519,0.349331426380694,0.1920781599613938,1.2935626886941245,0.17779926780410307,-0.26109756097560977,2.5233480176211454,0.0633488040637654,0.20373052115016616,0.3376715614389725,Packaged Foods,Consumer Defensive,GIS
2023Q1,2023,Q1,2022-09-21,2022-08-28,820000000.0,4717600000.0,227000000.0,1.35,1447700000.0,0.3068721384,31107200000.0,10574800000.0,5134000000.0,8595500000.0,20281600000.0,2089900000.0,19027600000.0,46347444000.0,57314944000.0,17.618793735421526,0.5972892792740387,0.37167922538833453,1.0933445549797631,0.008081073038226297,17.618793735421526,0.0775428376896017,9.824369170764795,14.130318292682926,4.382819911487688,0.39634146341463417,1.5646203167615675,0.007012252930280254,0.151656208209032,0.2704671048804607,0.026360456743133424,155.58054380664652,0.30687213837544514,0.0,0.9461843169483001,0.2021959286767866,1.6018839562658207,-0.18204418328719138,-0.003403014098201264,-0.7765967916543647,0.5903265949383246,0.19005328434140537,0.4461977845350605,Packaged Foods,Consumer Defensive,GIS
2022Q4,2022,Q4,2022-06-30,2022-05-29,822800000.0,4891200000.0,1016100000.0,1.35,1769900000.0,0.3618539418,31090100000.0,10542400000.0,5089800000.0,8019900000.0,20302100000.0,1867300000.0,18532600000.0,42276461000.0,53327461000.0,17.42833526202678,0.6346463172857517,0.3737652821959402,1.102253756260434,0.03867180477461838,17.42833526202678,0.07804674457429048,8.64337197415767,12.845302929022848,4.010136306723327,0.3772484200291687,1.6715578642960425,0.007342147205746478,0.15732339233389406,0.31313358021920473,0.026465016194865888,48.599219450511555,0.36185394177298,0.31067961165048547,0.9260703763481094,0.2299095035684558,1.331617208510711,0.2608819548336539,0.300458353089932,0.49558433912275535,0.44013982848709127,0.1729574074184344,0.4914573673095992,Packaged Foods,Consumer Defensive,GIS
2022Q3,2022,Q3,2022-03-23,2022-02-27,632700000.0,4537700000.0,679400000.0,1.03,1403700000.0,0.309341737,31143800000.0,9812900000.0,5028600000.0,6839000000.0,21068100000.0,1710000000.0,17713100000.0,40916524000.00001,52341824000.00001,16.171555702043506,0.7352829361017693,0.3939692651506881,1.2503643163590783,0.0257518732357061,16.171555702043506,0.06447635255632891,9.017018313242394,16.167426900584797,4.169666867083126,0.49138612296507034,1.832748538011696,0.007598397165898061,0.145701552154843,0.37941219476531657,0.02031543999126632,67.74258940397353,0.3093417370033277,0.06185567010309284,0.6922469972324095,0.14481758583221932,1.311075059353414,-0.1394678764100049,0.05944407233757535,-0.15085614298212724,0.40113435377863177,0.06944245929595987,0.4009872508811787,Packaged Foods,Consumer Defensive,GIS
2022Q2,2022,Q2,2021-12-21,2021-11-28,597200000.0,5024000000.0,800100000.0,0.97,1631200000.0,0.3246815287,32481600000.0,9524500000.0,6612400000.0,7813200000.0,22115300000.0,1797300000.0,17363200000.0,38658272000.0,50309572000.0,15.649852119618798,0.8463113705012031,0.3901378010935422,1.3304950391096646,0.028214823398016307,15.649852119618798,0.06270145414457452,7.69471974522293,16.18313462826524,4.058824295238595,0.5205961152042867,1.8877204695932788,0.008042263244461625,0.15467218363627408,0.35671683817129984,0.018385793803260924,38.36287784062717,0.3246815286624204,-0.049019607843137296,0.19919237026993875,0.18201181203380593,1.2041412543729484,0.021159383998998374,-0.047527910685805426,-0.05235106004974535,0.7127907103598183,0.12170246059652062,0.4102230013679768,Packaged Foods,Consumer Defensive,GIS
2022Q1,2022,Q1,2021-09-22,2021-08-29,627000000.0,4539900000.0,844300000.0,1.02,1597400000.0,0.3518579704,32332200000.0,9692300000.0,6320200000.0,8135400000.0,21762400000.0,1935200000.0,17384500000.0,35146832000.0,47389132000.0,15.878604193971167,0.7768763674803943,0.40061919696154297,1.3364113781042684,0.029189699973077483,15.878604193971167,0.06469052753216471,7.741763474966409,14.013888357256779,3.626263322431208,0.49808612440191385,1.520514675485738,0.008885580356147036,0.14041420008536382,0.2952897214642181,0.019392432312060424,132.2303686982694,0.35185797043987754,0.5223880597014925,0.5068879439351165,0.14193023058410056,0.9410310120373041,0.009160401794175248,0.5043186180422264,0.5409746304070085,0.5657985687124591,0.08638836938754474,0.525341811054402,Packaged Foods,Consumer Defensive,GIS
2021Q4,2021,Q4,2021-06-30,2021-05-30,416800000.0,4523600000.0,547900000.0,0.67,1582900000.0,0.3499204174,31841900000.0,9470400000.0,5754500000.0,8265800000.0,21463800000.0,1820500000.0,17069800000.0,38495464000.0,49996664000.0,15.464402351404312,0.696181857775412,0.40846808764552367,1.373373880723095,0.018605108866196058,15.464402351404312,0.04401081263726981,8.509917764612256,23.0898896353167,4.064819226220645,0.753358925143954,1.615325460038451,0.008156805175799415,0.1420643868613368,0.44524425947881635,0.013089671156557868,65.14717211034016,0.3499204173666991,-0.30208333333333326,0.07379317085123117,0.1262710054812456,0.8785506811602047,0.01866271960872643,-0.30031895249286555,-0.3371642874425357,0.1274853184672525,0.11477998894608006,0.4784241618780792,Packaged Foods,Consumer Defensive,GIS
2021Q3,2021,Q3,2021-03-24,2021-02-28,595700000.0,4520000000.0,826600000.0,0.96,1553900000.0,0.3437831858,32648800000.0,8890300000.0,6612400000.0,9589700000.0,22864900000.0,1758800000.0,16655000000.0,33665100000.0,44761900000.0,14.455772357723577,0.6895314764799733,0.4242422386121389,1.5579901690606617,0.02853845609142557,14.455772357723577,0.06700561285895865,7.448030973451328,14.128378378378379,3.786722607786014,0.5282860500251805,1.686433932226518,0.009347959756543126,0.13844306682022003,0.4724235377540486,0.018245693563009972,50.93826600090785,0.34378318584070794,-0.13513513513513525,0.5949925712140728,0.0936982525931596,0.7611393422230737,-0.09714717331938877,-0.13466008134805346,-0.09818895919703251,-0.41094780131995073,0.08380142606773419,0.6666525041881641,Packaged Foods,Consumer Defensive,GIS
2021Q2,2021,Q2,2020-12-17,2020-11-29,688400000.0,4719400000.0,916600000.0,1.11,1721100000.0,0.3646861889,32307600000.0,8550000000.0,6408200000.0,8464200000.0,22867300000.0,1712500000.0,16374200000.0,37392136000.0,48773736000.0,13.906961613532856,0.7570945866118476,0.43223266352189577,1.6332631578947368,0.031628437790913407,13.906961613532856,0.08051461988304094,7.923069881764631,13.57936374201046,4.373349239766082,0.4574375363160953,1.7508321167883212,0.0084215568749536,0.14607708402976388,0.5159495286028213,0.021307679926704553,50.942964577656674,0.36468618892232063,0.07766990291262142,0.2675286281173914,0.03983925297180747,0.737717905180653,0.08218058350100603,0.07747691344498357,0.07367927843504744,0.4859290425788357,0.044485242736857805,0.877950970244007,Packaged Foods,Consumer Defensive,GIS
2021Q1,2021,Q1,2020-09-23,2020-08-30,638900000.0,4364000000.0,853700000.0,1.03,1590400000.0,0.364436297,31262200000.0,8444600000.0,5354800000.0,7612700000.0,21919400000.0,1605100000.0,16312500000.0,39271695000.0,51096295000.0,13.75118058948054,0.7034035230601495,0.43571149823109057,1.6130189707031712,0.030172065149998397,13.75118058948054,0.07565781682968999,8.999013519706692,15.366917749256537,4.650509793240651,0.47393958365941463,1.7279920254189771,0.0077103878505880635,0.13959350269654727,0.45052346736374743,0.020436821464900102,84.16565580797257,0.36443629697525204,0.00980392156862746,0.46741498980857166,0.016155672076846154,0.6718363663475058,-0.10050336519427634,0.021096372063289116,0.02917420132610006,0.4820399066867256,0.0869154790956165,1.030727908662209,Packaged Foods,Consumer Defensive,GIS
2020Q4,2020,Q4,2020-07-02,2020-05-31,625700000.0,5023000000.0,829500000.0,1.02,1768100000.0,0.3520007963,30806700000.0,8058500000.0,5121300000.0,7491500000.0,21912600000.0,1426300000.0,15982100000.0,38816586000.0,51057286000.0,13.191193321329186,0.6836147633985183,0.45180106924792335,1.727182478128684,0.030037643373250465,13.191193321329186,0.07764472296333065,7.727769460481784,15.509264024292792,4.816850034125458,0.48010228544030686,2.2820584729720257,0.007738959835365222,0.16304894714461465,0.46034839484749385,0.02031051686808389,29.295536603773584,0.3520007963368505,0.3783783783783784,2.4466210382897704,0.20232032684723825,0.6594920891363352,0.2600484606613455,0.37789033252587534,0.2745851259987707,0.4502987846011447,0.25064592820611026,0.7647591055822912,Packaged Foods,Consumer Defensive,GIS
2020Q3,2020,Q3,2020-03-18,2020-02-23,454100000.0,4180300000.0,650800000.0,0.74,1403200000.0,0.3356696888,30248700000.0,7575100000.0,4308500000.0,6696600000.0,21850000000.0,1542100000.0,15360000000.0,32656388000.0,45677388000.0,12.461095574930088,0.6433861959800495,0.45052845246241985,1.7990389565814313,0.024343334628964347,12.461095574930088,0.05994640334781059,7.81197234648231,17.978632459810612,4.311017412311388,0.6586654921823387,1.8008559756176643,0.009159004357738523,0.13819767461080973,0.34913239554400743,0.01501221540099244,55.13487759581293,0.3356696887783173,-0.22105263157894733,0.3020224963389958,-0.054541188516090196,0.3699601876283134,-0.10572939901854567,-0.21814738292011018,-0.19773175542406313,0.21235790432493498,0.05274064512843201,0.7808136536796528,Packaged Foods,Consumer Defensive,GIS
2020Q2,2020,Q2,2019-12-18,2019-11-24,580800000.0,4420800000.0,811200000.0,0.95,1569100000.0,0.3549357582,30452400000.0,7712300000.0,4478900000.0,7362300000.0,21886700000.0,1719500000.0,15501800000.0,32022128000.0,45297328000.0,12.69723411261113,0.6083560843758065,0.45432872285928205,1.7939395511066738,0.029538588464628698,12.69723411261113,0.07530827379640315,7.243514296055013,13.783629476584021,4.15208537012305,0.5127410468319559,1.6584472230299505,0.00929981917504046,0.14517082397446507,0.31687108648112683,0.01907238838318162,40.23891430007539,0.35493575823380386,0.11764705882352938,0.6648662451359553,-0.0692533272106563,0.34889785030048953,0.12925512774379272,0.11563580484056857,0.2246376811594203,0.1685648689000049,0.04214995431337717,0.7882915001448196,Packaged Foods,Consumer Defensive,GIS
2020Q1,2020,Q1,2019-09-18,2019-08-25,520600000.0,4002500000.0,662400000.0,0.85,1389500000.0,0.3471580262,30313200000.0,7382800000.0,4261400000.0,6903400000.0,22069800000.0,1700100000.0,15218800000.0,32711880000.0,46514780000.0,12.182838283828383,0.6172900309992178,0.47199569824366944,1.93797746112586,0.026962827921334465,12.182838283828383,0.07051525166603456,8.172861961274204,15.708739915482136,4.4308229939860215,0.5733768728390319,1.5369684136227282,0.009125125183878152,0.13203818798411254,0.3208998464524727,0.01717403639338638,65.12418873183357,0.347158026233604,-0.0957446808510638,0.5245362137604258,-0.05208237649741925,0.2032966371625473,-0.0491343324437145,-0.08698702209750965,-0.07498952660242983,0.2602580551453678,0.014066707727606273,0.4892535033101134,Packaged Foods,Consumer Defensive,GIS
2019Q4,2019,Q4,2019-06-28,2019-05-26,570200000.0,4161700000.0,716100000.0,0.94,1461300000.0,0.3511305476,30111200000.0,7054500000.0,4186500000.0,7087100000.0,22191800000.0,1559300000.0,14996700000.0,31881397000.0,45921397000.0,11.68543978797416,0.5907211694487167,0.4812162916124233,2.054008079948969,0.030286194874557998,11.68543978797416,0.08082784038556949,7.6606667948194245,13.978164240617328,4.51929931249557,0.5226236408277797,1.731802731995126,0.009347143727735645,0.13821103111134728,0.3417617925526661,0.01893647546427907,52.29030178776448,0.3511305476127544,0.27027027027027023,0.43520526042608715,-0.010640184121288898,0.099376932981348,0.012681912681912683,0.27618621307072516,0.09949332105020728,0.4901642715024122,0.05109866651680631,0.4194981722886949,Packaged Foods,Consumer Defensive,GIS
2019Q3,2019,Q3,2019-03-20,2019-02-24,446800000.0,4198300000.0,651300000.0,0.74,1443000000.0,0.3437105495,30285800000.0,6930400000.0,4169800000.0,7516600000.0,22487500000.0,1544500000.0,14724500000.0,27738480000.0,42212480000.0,11.542971352431712,0.5547454966341165,0.4959783132689247,2.1674217938358535,0.02442473994522231,11.542971352431712,0.06446958328523607,6.607074291975323,15.52063563115488,4.002435645850167,0.6591316025067144,1.7839430236322436,0.010617020110690996,0.13862272087909186,0.2994971130564351,0.014752788435504427,53.65276595744681,0.34371054950813423,0.2982456140350878,0.13003005302845688,-0.004014514226926706,0.14099317314412096,-0.0441809631052527,0.3011065812463599,0.1906764168190128,0.22540221549839523,0.040559658209071904,0.4062742876592063,Packaged Foods,Consumer Defensive,GIS
2019Q2,2019,Q2,2018-12-19,2018-11-25,343400000.0,4411200000.0,547000000.0,0.57,1509700000.0,0.3422424737,30384000000.0,6651800000.0,4233800000.0,7298100000.0,22857000000.0,1639200000.0,14572200000.0,25402572000.0,40125372000.0,11.09743076409743,0.5801235938120881,0.5020899157451291,2.2934393697946422,0.018854260695068,11.09743076409743,0.051625124026579275,5.7586534276387376,18.493427489807807,3.8189019513515143,0.8590564938846826,1.770070766227428,0.011612997298068872,0.14518167456556083,0.3082309094147792,0.011302001053185887,39.2015,0.3422424737033007,-0.12307692307692318,-0.340308727227561,-0.044250805761973405,0.05931998067755486,0.12429252308608876,-0.12464950293143003,-0.09060681629260182,-0.35146364494806426,-0.003096115166444422,0.3866583281217425,Packaged Foods,Consumer Defensive,GIS
2019Q1,2019,Q1,2018-09-18,2018-08-26,392300000.0,4094000000.0,601500000.0,0.65,1342800000.0,0.3279921837,30554800000.0,6225100000.0,4185500000.0,7187800000.0,23207400000.0,1685500000.0,14523800000.0,27430260000.0,42611060000.0,10.409866220735786,0.5823061298311027,0.5110064539777711,2.5081846074761853,0.0213063152150835,10.409866220735786,0.06301906796677965,6.700112359550562,17.480410400203926,4.406396684390612,0.74993627326026,1.632275289231682,0.01072538138537513,0.1339887677222564,0.29800495283675116,0.012839226569966094,55.44827167980594,0.3279921836834392,0.10169491525423738,-0.08160047243624326,0.006718257158488586,-0.01916035638334907,-0.053766471707420195,0.10694130925507901,0.07219251336898395,-0.07471337494727706,-0.021048321198039645,0.2656071821172985,Packaged Foods,Consumer Defensive,GIS
2018Q4,2018,Q4,2018-06-29,2018-05-27,354400000.0,3890200000.0,561000000.0,0.59,1419100000.0,0.3647884428,30624000000.0,6141100000.0,4123700000.0,7341900000.0,23355400000.0,1642200000.0,14459600000.0,25033944000.0,40453544000.0,10.460057911769715,0.5616665985644043,0.5165425809822362,2.5758577453550666,0.020339806598241965,10.460057911769715,0.0577095308658058,6.435130327489589,17.659384875846502,4.076459266255232,0.827313769751693,1.5047497259773475,0.011712097782115355,0.12703108672936259,0.31301161824595813,0.01157262277951933,52.05644416718653,0.3647884427535859,-0.6358024691358026,0.09638286030723431,-0.0005297927632566749,0.04299579279703717,0.1304867362383494,-0.6235394093902699,-0.053484056014847306,1.0313237095774717,-0.031082085754994538,0.31590697927400935,Packaged Foods,Consumer Defensive,GIS
2018Q3,2018,Q3,2018-03-21,2018-02-25,941400000.0,3882300000.0,592700000.0,1.62,1255300000.0,0.3233392577,22240600000.0,4965600000.0,4277100000.0,6209600000.0,16088400000.0,1452500000.0,14398400000.0,29437950000.0,38109750000.0,8.67353711790393,0.6887883277505797,0.4327626053253959,1.9383156114064766,0.07552330523707763,8.67353711790393,0.18958434026099566,7.582605671895526,7.8175987890376035,5.92837723537941,0.2988102825578925,1.808605851979346,0.009555692566907682,0.17455913959155778,0.39448595722751867,0.04232799474834312,68.36495587552253,0.3233392576565438,1.1891891891891893,1.6766362392802654,-0.007430243461658219,-0.19837119714955775,-0.13007623007623006,1.186759581881533,0.0,1.8661428527804076,-0.06764585071542195,-0.04644014115817633,Packaged Foods,Consumer Defensive,GIS
2018Q2,2018,Q2,2017-12-20,2017-11-26,430500000.0,4198700000.0,0.0,0.74,1443000000.0,0.343677805,22191500000.0,4230700000.0,4334100000.0,5349500000.0,16808400000.0,1516500000.0,13408900000.0,30878765000.0,39643465000.0,7.40539121302293,0.810187868025049,0.43831196629340063,2.299099439809015,0.0,7.40539121302293,0.10175621055617273,7.354363255293305,17.931919279907085,7.298736615690075,0.6524970963995355,1.8171447411803494,0.009096866406412303,0.18920307324876642,0.46221142162818957,0.01939931955929072,37.08715469613259,0.34367780503489176,0.0724637681159421,-0.09827876430985752,-0.02430819016297589,-0.31276629220038643,0.10144263796656744,0.06375092661230541,-1.0,0.3120079293194911,-0.06015543684502726,-0.21328407436707902,Packaged Foods,Consumer Defensive,GIS
2018Q1,2018,Q1,2017-09-20,2017-08-27,404700000.0,3769200000.0,625800000.0,0.69,1310100000.0,0.3475803884,22209600000.0,3903800000.0,4338500000.0,5889900000.0,16959200000.0,1595200000.0,13259300000.0,31292420000.0,40559320000.0,6.7715524718126625,0.7365999422740623,0.4542044881492688,2.584071929914442,0.031108569311681714,6.7715524718126625,0.10366822070802807,8.302138384803142,19.330627625401533,8.015887084379322,0.7024956758092414,1.5415621865596791,0.009085267294763397,0.16971039550464664,0.4019253298018642,0.01822185001080614,65.98991986503584,0.347580388411334,0.0,-0.16819563593006404,0.04970716170217411,-0.33723323185653475,-0.007274380541032053,-0.010271460014673514,0.027248850952068287,0.24577639670404883,-0.06165671150128218,-0.3311750408344587,Packaged Foods,Consumer Defensive,GIS
2017Q4,2017,Q4,2017-06-29,2017-05-28,408900000.0,3806600000.0,609200000.0,0.69,1319700000.0,0.3466873325,21812600000.0,4327900000.0,4061400000.0,5330800000.0,16216200000.0,1483600000.0,13138900000.0,33188280000.0,41903880000.0,7.474784110535406,0.7618743903354093,0.43468912463438564,2.1908315811363477,0.032331921686600776,7.474784110535406,0.09448000184847155,8.718615037040928,20.291195891415995,7.668448901314725,0.681829298116899,1.6762604475599892,0.008400555858875482,0.17451381311718914,0.44925714714489384,0.018746045863400052,60.85126512651265,0.346687332527715,0.13114754098360648,0.4504155905366372,0.08048823892979305,-0.22210657285908525,0.009176416609314062,0.1428172163219676,0.12294930875576036,0.07311564674635475,-0.05645340468541118,-0.2967654295223775,Packaged Foods,Consumer Defensive,GIS
2017Q3,2017,Q3,2017-03-21,2017-02-26,357800000.0,3793200000.0,542500000.0,0.61,1307700000.0,0.3447484973,21670300000.0,4063400000.0,4128000000.0,5743500000.0,16397600000.0,1461000000.0,13008800000.0,34807158000.0,43631158000.0,6.997416910625108,0.7187255158004701,0.44868322081374046,2.392848353595511,0.030316706517581275,6.997416910625108,0.08805433873111188,9.176198987662133,24.32026131917272,8.56601811291037,0.7847959754052544,1.7012320328542094,0.008067306155820018,0.17504141613175636,0.4050840080090537,0.01651107737317896,84.0346644133269,0.34474849731097756,-0.23750000000000007,0.019681931416282945,0.02719793763124919,-0.3450031182972134,-0.13938795656465944,-0.25736820257368204,-0.29444661204317857,-0.06436594026172779,-0.06959049152452354,-0.30832324876345507,Packaged Foods,Consumer Defensive,GIS
2017Q2,2017,Q2,2016-12-20,2016-11-27,481800000.0,4112100000.0,768900000.0,0.8,1519500000.0,0.3695192238,21602100000.0,4180600000.0,4111500000.0,6244400000.0,16274600000.0,1525500000.0,12931800000.0,36552704000.0,45214304000.0,7.100203804347826,0.6584299532381014,0.43844348466121347,2.265536047457303,0.03785112934524817,7.100203804347826,0.11524661531837535,8.889060090951096,18.96674138646741,8.743410993637276,0.5907015359070154,1.6995083579154375,0.007786017691057822,0.19035649311872457,0.3510985843315611,0.02230338717069174,68.38672404115997,0.36951922375428614,0.19402985074626866,0.1889630873426259,-0.02381758172390681,-0.302318319257142,0.07241160279483379,0.17799511002444987,0.1906162898730257,-0.05777162053179629,-0.09301564335020798,-0.32224062337367815,Packaged Foods,Consumer Defensive,GIS
2017Q1,2017,Q1,2016-09-21,2016-08-28,409000000.0,3907900000.0,645800000.0,0.67,1416900000.0,0.3625732491,21913100000.0,4908300000.0,4193000000.0,5215100000.0,15783500000.0,1547500000.0,12734600000.0,42852000000.0,50958200000.0,8.1805,0.8040114283522847,0.4048674080800982,1.8075301020720005,0.03239285579846692,8.1805,0.08332823992013529,10.965480181171474,26.19315403422983,8.73051769451745,0.7112469437652812,1.6096930533117932,0.006788481284420797,0.17833624635492012,0.42411459032425075,0.018664634396776358,317.893175074184,0.3625732490595972,0.08064516129032265,0.08888519066403679,0.09675659718612464,-0.18450510824242602,0.02912550842533411,0.07744994731296101,0.21368163878970117,-0.04569634951738148,-0.042247086087161954,-0.22921596354204818,Packaged Foods,Consumer Defensive,GIS
2016Q4,2016,Q4,2016-06-30,2016-05-29,379600000.0,3927900000.0,532100000.0,0.62,1376800000.0,0.3505180885,21712300000.0,4930200000.0,3937200000.0,5014700000.0,15559600000.0,1413700000.0,12616500000.0,37652843000.0,45320043000.0,8.232092168976457,0.7851317127644725,0.3883006406506911,1.7100523305342583,0.03215925635128813,8.232092168976457,0.07699484807918543,9.585998370630616,24.797710089567964,7.637183684231876,0.7299789251844047,1.8045554219424207,0.007359338045204183,0.1809066750183076,0.46431491415239196,0.017483177737964196,73.02723622963538,0.35051808854604244,0.05084745762711869,0.3151648311306519,0.19898833872243202,-0.1407741674545662,0.01421731123388582,0.04948852640309649,-0.09244414122462903,0.1512045447593954,-0.010727097516614274,-0.1791596594796263,Packaged Foods,Consumer Defensive,GIS
2016Q3,2016,Q3,2016-03-23,2016-02-28,361700000.0,4002400000.0,586300000.0,0.59,1357500000.0,0.3391714971,21631600000.0,4888800000.0,4011300000.0,5253700000.0,15541200000.0,1350200000.0,12514000000.0,35051060000.0,43036560000.0,8.208193418401612,0.7635190437215676,0.4053421845818155,1.793528064146621,0.02964058815794036,8.208193418401612,0.07398543609883816,8.757510493703778,24.226610450649712,7.169665357551956,0.7290572297484103,1.9588949785217005,0.0075233102793467585,0.18502561068067086,0.413727468260464,0.01672090830081917,67.09620980091884,0.33917149710173894,-0.32183908045977017,-0.010467949182383045,0.17749264264342257,-0.10599816314067682,-0.11884979877969622,-0.31690273843248346,-0.3526554046593795,-0.011482253729491602,-0.016411962753567728,-0.2413793618319944,Packaged Foods,Consumer Defensive,GIS
2016Q2,2016,Q2,2015-12-17,2015-11-29,529500000.0,4424900000.0,905700000.0,0.87,1540600000.0,0.3481660602,21588700000.0,4797000000.0,4047600000.0,4969400000.0,15606100000.0,1455000000.0,12416000000.0,34621344000.0,42795044000.0,8.003003003003004,0.8145047691874271,0.40870918582406535,1.8393787784031685,0.041596566173845446,8.003003003003004,0.11038148843026892,7.8242093606635175,16.34624362606232,7.21729080675422,0.49933899905571294,1.9823367697594503,0.007636907452235246,0.204963707865689,0.4248198977743792,0.024526719997035488,59.815729094678645,0.34816606024994917,0.2608695652173914,-0.07603767637975165,0.16562253576384955,-0.08881335055177167,-0.009005531969638492,0.24120956399437413,0.3254792916727645,0.057091526533919475,-0.01994881043251177,-0.2573068364554252,Packaged Foods,Consumer Defensive,GIS
2016Q1,2016,Q1,2015-09-23,2015-08-30,426600000.0,4207900000.0,683300000.0,0.69,1554600000.0,0.3694479432,22322900000.0,4949100000.0,4305100000.0,5299900000.0,16184300000.0,1795800000.0,12150900000.0,34152492000.0,43135592000.0,8.225195280039888,0.8122983452517972,0.4226019020826147,1.9061445515346225,0.031989852554147276,8.225195280039888,0.0861974904528096,8.116279379262815,20.014353023909983,6.900748014790567,0.6247069854664792,1.47750306270186,0.007803237315742582,0.18850149398151675,0.373988188456386,0.019110420241097707,120.38241804723299,0.36944794315454266,1.2999999999999998,-0.02789663558982793,0.28125353341252274,0.038902767867979075,0.02580006598482349,1.2837259100642398,0.6130783758262511,-0.15990550003265477,0.12280332032170681,-0.19495771231295636,Packaged Foods,Consumer Defensive,GIS
2015Q4,2015,Q4,2015-07-06,2015-05-31,186800000.0,4298800000.0,423600000.0,0.3,1515500000.0,0.3525402438,21964500000.0,4996700000.0,3785700000.0,4890100000.0,15792900000.0,1540900000.0,11990800000.0,35383894000.0,44273594000.0,7.948934139357302,0.7741559477311303,0.41994582166678046,1.8459983589168851,0.015560647524439652,7.948934139357302,0.03738467388476394,8.23110961198474,47.35531852248394,7.081452558688734,1.4261241970021414,1.8062820429619053,0.00752884914249404,0.19571581415465866,0.39888754831189543,0.008504632475130324,46.56388208974865,0.35254024378896437,-0.46428571428571436,-0.03276553197987335,0.32104075372370944,0.014710595405195532,0.10146086198124864,-0.4557109557109557,-0.2114668652271035,-0.3896816781558262,0.12391696814739787,-0.17276224592670394,Packaged Foods,Consumer Defensive,GIS
2015Q3,2015,Q3,2015-03-18,2015-02-22,343200000.0,4350900000.0,537200000.0,0.56,1375900000.0,0.316233423,23383100000.0,5441200000.0,4464400000.0,6702500000.0,16732500000.0,1585100000.0,12070400000.0,31997718000.0,41504618000.0,9.095954530257439,0.6660798209623275,0.44010845439655133,1.8913291185767844,0.0254454242621222,9.095954530257439,0.06307432184077041,7.354275667103358,23.308361013986016,5.88063625670808,0.7229020979020979,1.876853195381995,0.00775367793415768,0.1860702815281122,0.35352480417754567,0.014677266914994162,60.959645646789866,0.31623342296996027,0.0,0.14502665892414077,0.3299647640947145,-0.031454016097489323,-0.1502069050707183,-0.008379081190407396,-0.038998211091234344,-0.05053910133977928,0.14375476372078783,-0.1485684032371425,Packaged Foods,Consumer Defensive,GIS
2015Q2,2015,Q2,2014-12-17,2014-11-23,346100000.0,4712200000.0,559000000.0,0.56,1619100000.0,0.3435974704,24203700000.0,5672300000.0,4986400000.0,6093700000.0,17192100000.0,1893400000.0,11975300000.0,31033900000.0,40674600000.0,9.41304347826087,0.8182877397968393,0.4352722930791573,1.8573065599492269,0.023506610652647985,9.41304347826087,0.06101581369109532,6.585862229956284,22.416859289222767,5.471131639722864,0.7188673793701242,1.6336220555614238,0.008017039431073762,0.1946892417275045,0.4267193987232716,0.01429946661047691,85.07099780701755,0.34359747039599337,0.018181818181818195,-0.3323181627037332,0.2605374910542049,0.016297653534907103,0.1253909779662195,0.002607184241019699,0.0026905829596412557,-0.16547020017573721,0.09302401217200479,-0.07505359341979236,Packaged Foods,Consumer Defensive,GIS
2015Q1,2015,Q1,2014-09-18,2014-08-24,345200000.0,4268400000.0,557500000.0,0.55,1438700000.0,0.3370583825,23372800000.0,6202300000.0,4695500000.0,5793100000.0,15730900000.0,1823300000.0,11878000000.0,32375910000.0,40854610000.0,10.124551093698988,0.8105332205554884,0.39874982886089816,1.502652241910259,0.024474072006612713,10.124551093698988,0.05565677248762556,7.5850224908630866,23.4472117612978,5.219984521870919,0.7369640787949016,1.5519662151044809,0.007857694192997202,0.1826225355969332,0.42541989608327146,0.014769304490690032,179.07029867256637,0.33705838253209636,-0.1538461538461538,-0.12514171800960922,0.29302438938036157,0.22575075814106088,-0.029479222881813275,-0.14681166584280772,-0.1824314415603461,-0.099872918546165,0.17329219766746737,0.009292793625094234,Packaged Foods,Consumer Defensive,GIS
2014Q4,2014,Q4,2014-07-03,2014-05-25,404600000.0,4283800000.0,681900000.0,0.65,1482400000.0,0.3460479014,23145700000.0,6534800000.0,4393500000.0,5423500000.0,15156200000.0,1559400000.0,11787200000.0,33082388000.0,41000888000.0,10.62914769030579,0.8100857379920715,0.3795867050899303,1.3444634877884556,0.029460696830882593,10.62914769030579,0.06191467221644121,7.722673327419581,20.44141621354424,5.062494338005754,0.6275333662876915,1.7964601769911503,0.007674778495433884,0.1850797340326713,0.46798193048769243,0.017480568744950464,58.06984026680709,0.34604790139595687,0.015625000000000014,0.24796926645530643,0.3004052206564719,0.39758287214409727,-0.02003040920208898,-0.014612761811982464,0.01685058156874441,0.36552707583134647,0.2738086020615658,0.10941885561843816,Packaged Foods,Consumer Defensive,GIS
2014Q3,2014,Q3,2014-03-19,2014-02-23,410600000.0,4377400000.0,670600000.0,0.64,1512700000.0,0.3455704299,22925000000.0,6307700000.0,4557600000.0,4683600000.0,15159600000.0,1559600000.0,11636500000.0,31081475000.0,39163075000.0,10.116599839615077,0.973097617217525,0.38947437295528897,1.415523883507459,0.02915465141161548,10.116599839615077,0.06509504256702126,7.100442043222004,18.924424622503654,4.927544905433042,0.5835362883584998,1.836817132598102,0.0077087718649131035,0.1909443838604144,0.532752583482791,0.017910577971646673,54.74982385062533,0.3455704299355782,-0.23809523809523805,0.5008067267291273,0.3067286902712493,0.20293462903009987,-0.14134075041153432,-0.25331878523367884,-0.22928399034593724,0.07304647706395367,0.23018995685635885,0.10185742201330937,Packaged Foods,Consumer Defensive,GIS
2014Q2,2014,Q2,2013-12-18,2013-11-24,549900000.0,4875700000.0,870100000.0,0.84,1761700000.0,0.3613224768,23152100000.0,6633400000.0,4775800000.0,4990100000.0,15055200000.0,1752300000.0,11465500000.0,31584016000.0,39454516000.0,10.475994946304485,0.9570549688382999,0.37338729532094284,1.303208007959719,0.037997993696329335,10.475994946304485,0.0828986643350318,6.477842361096868,14.358981633024188,4.761361594355836,0.44062556828514277,1.7770929635336414,0.007671601990069913,0.21059428734326477,0.5009318450532053,0.023751625122559076,65.41842584921292,0.361322476772566,0.20000000000000004,0.5302284685946296,0.27938145654868307,0.3184021438694117,0.09218846869187848,0.19725669497060744,0.18413173652694612,-0.09166123261312961,0.21581440105627284,0.19275061263602203,Packaged Foods,Consumer Defensive,GIS
2014Q1,2014,Q1,2013-09-18,2013-08-25,459300000.0,4372700000.0,734800000.0,0.7,1613000000.0,0.3688796396,22944600000.0,6824300000.0,4693200000.0,5462900000.0,14654900000.0,1773600000.0,11157900000.0,31751340000.0,39237040000.0,10.61321928460342,0.8591041388273628,0.3593263774482885,1.2081239101446302,0.03300401133071846,10.61321928460342,0.06730360623067567,7.2612664943856196,17.282462442847812,4.652688187799482,0.5388634879163945,1.5559878213802436,0.007794946606977846,0.19057643192733803,0.43866810668326345,0.02001778196176878,123.40202098717451,0.36887963958195163,0.27138653783283084,0.725624331636656,0.3082531963448897,0.1770500180798124,0.053835097347445446,0.2538902538902539,0.22344322344322345,-0.02060681189206899,0.24591492067047063,0.3405277948259043,Packaged Foods,Consumer Defensive,GIS
2013Q4,2013,Q4,2013-07-03,2013-05-26,366300000.0,4410700000.0,600600000.0,0.55058,1530600000.0,0.3470197474,22658000000.0,6672200000.0,4298900000.0,5293900000.0,14562000000.0,1545500000.0,10702600000.0,32586393999.999996,39814094000.0,10.028859161280625,0.8120478286329549,0.3517124194544973,1.1943736698540213,0.028093181726972404,10.028859161280625,0.054899433470219715,7.388032285124809,22.240236145236146,4.88390545846947,0.5896805896805897,1.8635393076674216,0.0066285333688655464,0.194664136287404,0.4587355257938382,0.016166475417071235,56.3193812651227,0.34701974743238034,-0.0823666666666667,1.0845884170540971,0.3392596304952304,0.13134850604748766,0.0051881526236290795,-0.08057228915662651,-0.0646316773088304,0.7920439827554935,0.28065853535486035,0.28022065252646666,Packaged Foods,Consumer Defensive,GIS
2013Q3,2013,Q3,2013-03-20,2013-02-24,398400000.0,4430600000.0,642100000.0,0.6,1522700000.0,0.3436780571,22793400000.0,7016700000.0,4365800000.0,4282600000.0,14329800000.0,1606400000.0,10795800000.0,29454870000.0,36762270000.0,10.819892058596762,1.019427450614113,0.353549711758667,1.148488605754842,0.029472294293375226,10.819892058596762,0.05677882765402539,6.6480544395792895,18.483226656626506,4.197823763307538,0.544929718875502,1.8101967131474104,0.007370597799277335,0.19438082953837515,0.5470275066548358,0.017478743846903053,43.28415870683321,0.3436780571480161,-0.26829268292682923,-0.03728042303192108,0.35213116262407107,0.23044598223227009,-0.1260402915686162,-0.26440177252584934,-0.22545235223160434,0.22609487481231985,0.2492806254046815,0.15211250944060783,Packaged Foods,Consumer Defensive,GIS
2013Q2,2013,Q2,2012-12-19,2012-11-25,541600000.0,4881800000.0,829000000.0,0.82,1742300000.0,0.3568970462,22952900000.0,6983700000.0,4565500000.0,5736400000.0,14635300000.0,1770200000.0,10614500000.0,26215645000.0,33813345000.0,10.775651905570127,0.7958824349766404,0.3630303796034488,1.1931497630196028,0.03649779306856822,10.775651905570127,0.07755201397539986,5.370077635298456,12.10101781757755,3.7538332116213473,0.40011078286558344,1.7735284148683765,0.00826605639495042,0.21268772137725517,0.4198974966878181,0.02359614689211385,37.19586407491487,0.35689704617149415,0.0,0.4038458916944459,0.33426218839159433,0.24462147197006834,0.07001166861143523,-0.013299325924576425,0.06268427124727599,-0.02852031190676249,0.21422491782337902,0.16341433801208793,Packaged Foods,Consumer Defensive,GIS
2013Q1,2013,Q1,2012-09-19,2012-08-26,548900000.0,4051000000.0,780100000.0,0.82,1628300000.0,0.4019501358,22635300000.0,6645200000.0,5217400000.0,5975500000.0,14690500000.0,1808500000.0,10289600000.0,25632263999.999996,32709063999.999996,10.21709717097171,0.8731319554848966,0.3792836852173375,1.2919400469511828,0.039603416290281815,10.21709717097171,0.08260097513995064,6.327391755122191,11.674377846602294,3.857259977126346,0.3967935871743487,1.3396184683439314,0.008497103494252402,0.17896824870887507,0.49902100242657516,0.024249733822834244,73.61362435381963,0.40195013576894595,0.6840894621182558,0.9274249102823323,0.3377433798752049,0.5119296461764942,0.08836307733440278,0.6868469575906576,0.45,0.3102573696920993,0.15584688940557706,0.2369550498997956,Packaged Foods,Consumer Defensive,GIS
2012Q4,2012,Q4,2012-07-03,2012-05-27,325400000.0,4066400000.0,538000000.0,0.48691,1496100000.0,0.3679175684,21096800000.0,6421700000.0,3691400000.0,3843200000.0,13366300000.0,1478800000.0,9958500000.0,26117164000.0,33075564000.0,9.609007930570103,0.9605016652789342,0.3521671533123507,1.156952208916642,0.02727505935832055,9.609007930570103,0.05067194045190526,6.42267460161322,20.065430239704977,4.067017144992759,0.6164720344191764,1.738098458209359,0.007680772690327326,0.19274961131546017,0.5068952955870109,0.015424140153956998,52.997491883116886,0.3679175683651387,-0.16049999999999992,0.5650584639062868,0.43122463326496596,0.30071173341050456,-0.007496351333421786,-0.16883780332056195,-0.19533353275501047,-0.07666784938772916,0.1355911839401864,0.2634488948074087,Packaged Foods,Consumer Defensive,GIS
2012Q3,2012,Q3,2012-03-21,2012-02-26,391500000.0,4120100000.0,668600000.0,0.58,1507400000.0,0.3658649062,21439000000.0,6921600000.0,3836300000.0,3849000000.0,13186200000.0,1528000000.0,9833700000.0,24646116000.0,31795516000.0,10.683130112671709,0.9967004416731619,0.3561126918233127,1.1030253120665743,0.0309074403627973,10.683130112671709,0.0565620665742025,5.9819217980146115,15.738260536398466,3.560754160887656,0.5108556832694764,1.7098821989528796,0.008114868890497798,0.19217780680069033,0.4994544037412315,0.018261112925043146,71.458730066686,0.3658649061915973,-0.13432835820895533,0.557096635974319,0.43799480928409795,0.23767315145295792,-0.05474383896657679,-0.11982913669064749,-0.0673734133072953,0.3771018661296814,0.18360128450971455,0.2702990493549064,Packaged Foods,Consumer Defensive,GIS
2012Q2,2012,Q2,2011-12-20,2011-11-27,444800000.0,4623800000.0,716900000.0,0.67,1594700000.0,0.3448894848,21466800000.0,6577300000.0,4021600000.0,5142000000.0,14413700000.0,1628700000.0,9642200000.0,24882550000.0,32202450000.0,10.176852854711434,0.7821081291326332,0.36470270370991487,1.19030605263558,0.03321481384211384,10.176852854711434,0.06762653368403448,5.381407067779748,13.985246178057555,3.7830948869596948,0.447841726618705,1.859826855774544,0.008005610357459345,0.21539307209271993,0.3927460132244263,0.02072036819647083,42.871381805651275,0.34488948483930965,0.09836065573770501,0.22950999797046517,0.4192967704473482,0.26210591299504576,0.10245419979260284,0.09664694280078895,0.12208483330724683,0.21267405651975074,0.18869070529530038,0.2807551636160484,Packaged Foods,Consumer Defensive,GIS
2012Q1,2012,Q1,2011-09-21,2011-08-28,405600000.0,3847600000.0,638900000.0,0.61,1446500000.0,0.3759486433,21893200000.0,6499300000.0,4096400000.0,4884000000.0,14884200000.0,1788100000.0,9396600000.0,24328645000.0,32040145000.0,10.031331995678345,0.8387387387387387,0.36768037564175177,1.2385487667902697,0.029831147808579834,10.031331995678345,0.06240672072377025,6.323070225595176,14.995466592702169,3.7432715830935637,0.493836291913215,1.3428219898215983,0.008233093129518722,0.17574406665083223,0.3771908271908272,0.018526300403778343,78.98910714285714,0.3759486433101154,0.26571772419803297,0.6506361954178668,0.4618020349769077,0.3249639258832185,0.06017296980357666,0.26670830730793255,0.19108873974645788,0.5123445641117013,0.14244428905173503,0.11251630539724568,Packaged Foods,Consumer Defensive,GIS
2011Q4,2011,Q4,2011-07-08,2011-05-29,320200000.0,3634300000.0,536400000.0,0.48194,1364400000.0,0.3754230526,18674500000.0,6365500000.0,3902000000.0,3659200000.0,12062300000.0,1609300000.0,9191300000.0,26104276000.0,32369776000.0,9.580824804334737,1.0663533012680366,0.3686899247637152,1.0816275233681565,0.02638069219507041,9.580824804334737,0.05030241143665069,7.18275211182346,20.38122735790131,4.100899536564292,0.5680824484697065,1.410489032498602,0.006968207047764896,0.19461297491231358,0.4869643637953651,0.017146376074325953,489.76127579737334,0.3754230525823405,-0.18315254237288134,0.5890948142603771,0.40740782280139115,0.21503183589276298,-0.04640760413754543,-0.18337158888038765,-0.18081857055589493,0.8247048604564376,0.10500929746369991,0.08080606724790329,Packaged Foods,Consumer Defensive,GIS
2011Q3,2011,Q3,2011-03-23,2011-02-27,392100000.0,3646200000.0,654800000.0,0.59,1430800000.0,0.3924085349,18282000000.0,5866000000.0,3843000000.0,4511000000.0,12415000000.0,1668000000.0,9053000000.0,23728746000.0,29006746000.0,9.181405540773204,0.851917534914653,0.31823651679247345,0.99181725196045,0.038171420352180366,9.181405540773204,0.06684282304807364,6.507801546815863,15.129269319051263,4.045132287759973,0.46212700841622034,1.3281774580335732,0.0076363074559439425,0.19944207417131604,0.3826202615827976,0.021447325237938956,46.57261236506379,0.39240853491306016,-0.3586956521739131,0.7712799056304854,0.41677183358197595,0.1771032744581031,-0.12435740514075887,-0.36129662811532826,-0.20427755498845546,-0.03826724386678166,0.12946780997245627,0.044116105568121046,Packaged Foods,Consumer Defensive,GIS
2011Q2,2011,Q2,2010-12-17,2010-11-28,613900000.0,4066600000.0,822900000.0,0.92,1634000000.0,0.4018098657,18378500000.0,5639600000.0,4016600000.0,3733600000.0,12493700000.0,1706000000.0,8842100000.0,22762445000.0,29241845000.0,8.783055598816384,1.0757981572744804,0.3833664336044835,1.2493261933470459,0.050807678451765786,8.783055598816384,0.10885523796013902,5.597414301873801,9.269606206222512,4.036180757500532,0.29679100830754196,1.4259085580304807,0.008004412531254881,0.22126941807002748,0.49962502678380116,0.03340316130260903,84.2429496669134,0.40180986573550387,0.31428571428571445,0.838618476627788,0.37683266765705803,0.15816936109012206,0.07196746047366004,0.3003600932005931,0.08219358232509205,0.6061191660446748,0.12184279627982915,0.01447037112836477,Packaged Foods,Consumer Defensive,GIS
2011Q1,2011,Q1,2010-09-22,2010-08-29,472100000.0,3533100000.0,760400000.0,0.7,1524300000.0,0.4314341513,18210500000.0,5124800000.0,3953800000.0,4091500000.0,12839100000.0,1665200000.0,8410400000.0,23082717999.999996,29614417999.999996,7.917194500231732,0.9663448612978125,0.39695230773454876,1.410533093974399,0.041069284861435296,7.917194500231732,0.09212066812363409,6.533276159746397,12.223426180893878,4.50412074617546,0.3899597542893455,1.2063415805909201,0.007975663871126443,0.19401444221740205,0.45706953440058656,0.025924603937288928,512.9492888888888,0.43143415131187907,1.2783491732847283,1.112762660035949,0.4968046777674308,0.1235520966503041,0.1804383179741346,1.2279377064653139,0.607950941002326,0.665686104492303,0.17230717378920118,0.17158923705405088,Packaged Foods,Consumer Defensive,GIS
2010Q4,2010,Q4,2010-07-09,2010-05-30,211900000.0,3570400000.0,472900000.0,0.30724,1291300000.0,0.3616681604,17678900000.0,5402900000.0,3480000000.0,3769100000.0,12030900000.0,1344000000.0,8122400000.0,24563665500.0,30316365500.0,7.833695809772365,0.9232973388872675,0.36347849696530893,1.1893427603694313,0.022815248924552875,7.833695809772365,0.03921967832090174,6.879807724624692,28.980256606890045,4.546385367117659,0.780556866446437,1.6957589285714285,0.006733522730962119,0.2019582666342363,0.5133055636624128,0.011986039855420868,62.66241198979592,0.3616681604302039,-0.3599166666666666,-0.45632757783787536,0.5497863988601682,0.12343699597510667,-0.06257713248638838,-0.36270676691729326,-0.15794159544159544,-0.012458833032995772,0.21765936896558435,0.06039875597595466,Packaged Foods,Consumer Defensive,GIS
2010Q3,2010,Q3,2010-03-24,2010-02-28,332500000.0,3629100000.0,561600000.0,0.48,1377500000.0,0.3795706925,18216200000.0,6232100000.0,3677100000.0,2986400000.0,11739100000.0,1474600000.0,8075900000.0,24038910000.0,29707710000.0,9.391350210970463,1.231281810875971,0.349145266301424,1.020538823189615,0.029532310881612456,9.391350210970463,0.05335280242614849,6.623931553277672,18.07436842105263,3.8572728293833545,0.4974436090225564,1.5269225552692256,0.006880511637174897,0.19922376785498622,0.6266742566300563,0.018252983607997278,58.67442030754211,0.3795706924581852,-0.4216867469879518,0.5906503244817465,0.44051111685343486,0.2957627254398008,-0.21109902067464636,-0.4120247568523431,-0.3608740184363264,0.2911510485546951,0.23665938957712362,0.088016516640866,Packaged Foods,Consumer Defensive,GIS
2010Q2,2010,Q2,2009-12-18,2009-11-29,565500000.0,4078200000.0,878700000.0,0.83,1746100000.0,0.428154578,18561300000.0,6088900000.0,4127800000.0,3459500000.0,12227600000.0,1628700000.0,7908800000.0,22351600000.0,28192900000.0,9.262093094006692,1.193178204942911,0.3609499334637121,1.100313685558968,0.045962935312155326,9.262093094006692,0.09287391811328811,5.480751311853268,9.88134394341291,3.670876512999064,0.2770999115826702,1.4318781850555657,0.007010683798922672,0.21971521391281862,0.5983523630582455,0.030466616023662137,38.48415977961432,0.4281545780000981,0.3174603174603174,0.7377916668483473,0.451825809541548,0.3780948816285378,0.19702474806334408,0.34450784593437944,0.2681483619569924,0.536753997447639,0.2306856888482821,0.14865986838402495,Packaged Foods,Consumer Defensive,GIS
2010Q1,2010,Q1,2009-09-24,2009-08-30,420600000.0,3518800000.0,692900000.0,0.63,1458700000.0,0.4145447312,18190100000.0,5393700000.0,3873500000.0,3712300000.0,12551500000.0,1645700000.0,7500000000.0,19501845000.0,25967445000.0,8.259877488514547,1.043423214718638,0.3945662750617094,1.3306635519216865,0.03648333209774591,8.259877488514547,0.07797986539852049,5.542186256678413,11.59168152639087,3.615671060681907,0.37137422729434144,1.251807741386644,0.008009498588466887,0.19344588539920066,0.4985049699647119,0.023122467715955383,131.06078629032257,0.41454473115834944,0.1946822742474916,1.6679286019129864,0.5801199640996324,0.16526840429816247,-0.05561310371617247,0.17224080267558528,0.09740259740259741,0.6983120257411771,0.32644127694663677,0.0909856945430096,Packaged Foods,Consumer Defensive,GIS
2009Q4,2009,Q4,2009-07-13,2009-05-31,358800000.0,3645700000.0,631400000.0,0.527336860670194,1544600000.0,0.4236772088,17874800000.0,5174700000.0,3534900000.0,3606000000.0,12457800000.0,1346800000.0,7235600000.0,17408034000.0,23733734000.0,7.605379188712522,0.9802828618968386,0.3958365967731107,1.3673256420662068,0.03377025070135809,7.605379188712522,0.06933735289002262,4.774949666730669,12.12934364548495,3.3640663226853733,0.39492753623188404,1.5600683100683101,0.008139919763483917,0.20395752679750262,0.4723239046034387,0.020072951865195695,35.76013557929335,0.423677208766492,0.2263647922562652,0.4644030807100352,0.48315113818480226,0.11877910321761946,0.20908023483365948,0.24195223260643822,0.043119114488683295,0.7387864054530722,0.3786227268359665,-0.03549245215911877,Packaged Foods,Consumer Defensive,GIS
2009Q3,2009,Q3,2009-03-18,2009-02-22,288900000.0,3537400000.0,605300000.0,0.43,1277500000.0,0.361140951,19078700000.0,5537100000.0,3888900000.0,4028100000.0,13299300000.0,1360600000.0,7018500000.0,17947984000.0,24698184000.0,8.409933171324424,0.9654427645788337,0.40293625875976874,1.3883621390258438,0.02476643252701419,8.409933171324424,0.05217532643441513,5.073778481370498,15.531311872620284,3.241405067634682,0.4980962270681897,1.660958400705571,0.008017613565958159,0.18541095567308044,0.5147091680941387,0.015142541158464676,27.343059110298597,0.36114095098094645,-0.21818181818181825,0.3712219015795869,0.503189353757964,0.26190713508216173,0.047474581830108234,-0.23611845584346908,-0.018167072181670723,0.2664293334913909,0.33378756723228176,0.07819656042620818,Packaged Foods,Consumer Defensive,GIS
2009Q2,2009,Q2,2008-12-17,2008-11-23,378200000.0,4010800000.0,616500000.0,0.55,1219600000.0,0.3040789867,19109700000.0,5295200000.0,4018000000.0,4984000000.0,13572200000.0,1583300000.0,6873500000.0,21491400000.0,28769800000.0,7.945978391356543,0.8061797752808989,0.4143445475334516,1.4953165130684394,0.0310662266831098,7.945978391356543,0.07142317570630005,5.35838236760746,14.206372289793759,4.058656896812207,0.3870967741935484,1.762900271584665,0.00681202713643597,0.20988293903096333,0.37596308186195826,0.01979099619564933,856.2310756972112,0.3040789867358133,0.37500000000000006,0.37827988338192436,0.4712151527277579,0.2531292086727165,0.02341193253335571,0.3579892280071813,0.31281942078364566,0.09139809840855267,0.30842367349763,0.04778896287454937,Packaged Foods,Consumer Defensive,GIS
2009Q1,2009,Q1,2008-09-17,2008-08-24,278500000.0,3497300000.0,469600000.0,0.4,1191700000.0,0.3407485775,19162000000.0,6066500000.0,3826200000.0,4465000000.0,12853200000.0,1600700000.0,6641700000.0,22545528000.0,29253328000.0,9.01679548156956,0.8569316909294513,0.3842344222941238,1.2136652105827084,0.022740131950879375,9.01679548156956,0.04590785461139042,6.446552483344294,20.238355475763015,3.7163979230198634,0.5296229802513465,1.4403698381957892,0.006542317394385264,0.18251226385554745,0.40797312430011196,0.01453397348919737,231.71149023638233,0.3407485774740514,0.5144631228229593,0.35670771632260734,0.5359041535899904,0.5215458921042759,0.15452431699283084,0.5037796976241901,0.4009546539379475,0.1991169337334616,0.4254819224367971,0.2795996698183862,Packaged Foods,Consumer Defensive,GIS
2008Q4,2008,Q4,2008-07-11,2008-05-25,185200000.0,3471100000.0,335200000.0,0.26412,1032200000.0,0.2973697099,19041600000.0,6215800000.0,3620000000.0,4856300000.0,12583500000.0,1366800000.0,6510700000.0,21418154000.0,27756654000.0,8.864517969195665,0.7454234705434178,0.3675899084110579,1.1260819202677048,0.01593426640973955,8.864517969195665,0.02979503845040059,6.170422632594855,28.91219492440605,3.44575983783262,0.7273218142548596,1.7843868890839918,0.006289057404293572,0.18229035375178557,0.4207318328768816,0.009726073439206789,36.106126095751854,0.29736970989023653,-0.574,-0.11021360207897589,0.4737914220891221,0.6094142803952848,-0.2377787623689263,-0.5694024645431295,-0.5179752660339373,-0.5326248170837571,0.4819734235872011,0.27126808085364196,Packaged Foods,Consumer Defensive,GIS
2008Q3,2008,Q3,2008-03-20,2008-02-24,430100000.0,3405600000.0,695400000.0,0.62,1354200000.0,0.3976391825,19266800000.0,5926800000.0,3958300000.0,6141100000.0,13097700000.0,1635500000.0,6460200000.0,19401090000.0,26393890000.0,8.79347181008902,0.6445587923987559,0.39514605435256506,1.2845380306404806,0.034689807976366324,8.79347181008902,0.07256867112100965,5.696819943622269,11.27708091141595,3.2734511034622398,0.3152755173215531,1.254295322531336,0.006989298023977004,0.17676002242199015,0.2880917099542427,0.022323374924741006,54.283967543368774,0.3976391825229035,0.08771929824561413,0.9622514836795251,0.40982246330066807,0.6175429202008219,0.017277644230769232,0.10140845070422536,0.012079755494105662,1.0258113132047475,0.3309379139465876,0.21327101457774003,Packaged Foods,Consumer Defensive,GIS
2008Q2,2008,Q2,2007-12-19,2007-11-25,390500000.0,3703400000.0,687100000.0,0.57,1331200000.0,0.3594534752,19081500000.0,5679500000.0,3843900000.0,6223100000.0,13159700000.0,1567200000.0,6165700000.0,18804240000.0,25968440000.0,8.657774390243903,0.6176825055036879,0.40323349841469486,1.3547495378114272,0.03264103294191205,8.657774390243903,0.06875605246940752,5.077561160015121,12.038565941101153,3.3108970860110922,0.32599231754161334,1.5136549259826442,0.006769749801108687,0.19408327437570422,0.2815156433288875,0.020464848151350783,61.693700787401575,0.3594534751849652,0.39024390243902435,0.5873983739837397,0.4070552476605023,0.6729120376002922,0.15135789655768897,0.3516787815853236,0.34699078612036854,0.2025745250735195,0.32121189494959124,0.288179081379587,Packaged Foods,Consumer Defensive,GIS
2008Q1,2008,Q1,2007-09-19,2007-08-26,288900000.0,3072000000.0,510100000.0,0.41,1156200000.0,0.3763671875,18477900000.0,4458700000.0,3478100000.0,7505400000.0,13776900000.0,1554800000.0,5901200000.0,18916466000.0,27017166000.0,6.757653834495302,0.4634130092999707,0.46059887757807977,1.908829928005921,0.026415223605398826,6.757653834495302,0.0647946710924709,6.157703776041667,16.369389061959154,4.242596721017337,0.457251644167532,1.2321842037561102,0.0069833339906090275,0.16625265858133229,0.19641857862339115,0.015634893575568652,-398.2413894736842,0.3763671875,0.3178618495066053,0.8708561823141999,0.4823366534749067,0.38807858059013023,0.07854477611940298,0.2897321428571429,0.2564039408866995,0.8136494417086153,0.3652668911451394,-0.0466589230323025,Packaged Foods,Consumer Defensive,GIS
2007Q4,2007,Q4,2007-07-26,2007-05-27,224000000.0,3061000000.0,406000000.0,0.31111,1072000000.0,0.3502123489,18184000000.0,5319000000.0,3054000000.0,5845000000.0,11726000000.0,1174000000.0,5745000000.0,21654000000.0,27443000000.0,7.3875,0.5224978614200171,0.3412890453145623,1.1667606692987404,0.02446047520556929,7.3875,0.04211317916901673,7.074158771643254,24.16741071428571,4.071065989847716,0.5758928571428571,1.6942078364565587,0.005957328899972292,0.1683347998240211,0.26278870829769035,0.012318521777386713,54.0,0.3502123489055864,-0.15916216216216217,3.1481481481481484,3.398590392774052,0.5617869127516779,0.0,-0.16417910447761194,-0.1646090534979424,-0.1360511590727418,0.17679176128441104,0.08672827743902439,Packaged Foods,Consumer Defensive,GIS
2007Q3,2007,Q3,2007-03-30,2007-02-25,268000000.0,3054000000.0,486000000.0,0.37,1072000000.0,0.3510150622,18666000000.0,5961000000.0,3268000000.0,5649000000.0,11567000000.0,1225000000.0,5650000000.0,19958340000.0,25669340000.0,8.63162467419635,0.5785094707027792,0.33145826636665593,1.0379131018285523,0.02660068478214597,8.63162467419635,0.044958899513504444,6.535147347740668,18.617854477611942,3.3481529944640163,0.48507462686567165,1.6179591836734695,0.006513567761647512,0.1636129861780778,0.2981058594441494,0.014357655630558235,40.89823770491803,0.3510150622134905,-0.3148148148148149,2.439461513484102,0.04156643777795718,0.7793752359098876,-0.16184519155590305,-0.3038961038961039,-0.28,0.21271358239212268,0.23726235900323767,0.29517185711527577,Packaged Foods,Consumer Defensive,GIS
2007Q2,2007,Q2,2007-01-05,2006-11-26,385000000.0,3467000000.0,675000000.0,0.54,1279000000.0,0.3689068359,18763000000.0,5546000000.0,3499000000.0,7056000000.0,12080000000.0,1359000000.0,5512000000.0,,,,,,,,,,,,,,,,,,,,,,,,,,,,,,,Packaged Foods,Consumer Defensive,GIS
2007Q1,2007,Q1,2006-10-02,2006-08-27,267000000.0,2860000000.0,489000000.0,0.37,1064000000.0,0.372027972,18586000000.0,5330000000.0,3383000000.0,6941000000.0,12119000000.0,1427000000.0,5248000000.0,,,,,,,,,,,,,,,,,,,,,,,,,,,,,,,Packaged Foods,Consumer Defensive,GIS
