Quarters,Year,Quarter,FillingDate,Date,NetIncome,Revenue,OperatingIncome,EPSDiluted,GrossProfit,GrossProfitRatio,TotalAssets,CommonStockEquity,CurrentAssets,CurrentLiability,TotalLiability,Inventory,RetainedEarnings,MarketCap,EnterpriseValue,bookValuePerShare,currentRatio,debtToAssets,debtToEquity,roic,shareholdersEquityPerShare,roe,priceToSalesRatio,peRatio,pbRatio,payoutRatio,inventoryTurnover,dividendYield,assetTurnover,quickRatio,returnOnAssets,priceToFreeCashFlowsRatio,grossProfitMargin,epsdilutedGrowth,fiveYNetIncomeGrowthPerShare,fiveYRevenueGrowthPerShare,fiveYShareholdersEquityGrowthPerShare,grossProfitGrowth,netIncomeGrowth,operatingIncomeGrowth,threeYNetIncomeGrowthPerShare,threeYRevenueGrowthPerShare,threeYShareholdersEquityGrowthPerShare,Industry,Sector,Symbol
2023Q1,2023,Q1,2023-05-01,2023-03-31,1598000.0,97384000.0,-1780000.0,0.04,36021000.0,0.3698862236,514759000.0,292892000.0,237350000.0,60623000.0,221867000.0,145756000.0,-336175000.0,350944650.0,477640650.0,7.886797533457199,3.9151807069923956,0.26615561845446123,0.4677696898515494,-0.00311932675215967,7.886797533457199,0.005455935976400858,3.6037198102357677,54.90373122653316,1.198204969749942,0.5819774718397998,0.42099810642443536,0.0026499905326951134,0.18918367624461155,1.3484815993929697,0.003104365343782236,203.09296875,0.36988622360962786,1.0181818181818183,2.221850697013426,0.48546715360540116,0.44582802276110717,-0.0010261245770702757,1.019582373413068,-0.09336609336609336,34.729463757319,0.4636586689801789,0.29885768845298005,Leisure,Consumer Cyclical,CLAR
2022Q4,2022,Q4,2023-02-27,2022-12-31,-81604000.0,104182000.0,-1628000.0,-2.2,36058000.0,0.3461058532,518145000.0,292108000.0,238619000.0,64595000.0,226037000.0,147072000.0,-336843000.0,290385760.0,417358760.0,7.886498015605173,3.69407848904714,0.26833029364367117,0.4759677927341942,-0.003251403032565632,7.886498015605173,-0.27936242759527297,2.7872930064694477,-0.8896186461447968,0.9941040984841223,-0.01134748296652125,0.46320169712793735,0.0031888616025799615,0.20106726881471404,1.263998761514049,-0.15749259377201363,9.576735043862541,0.34610585321840626,-32.42857142857142,-12.045066902853385,0.6112128016610303,0.4601082517107456,-0.08537946428571429,-30.663395129043984,-23.61111111111111,-6.316557452374132,0.37781673249374886,0.301036960008756,Leisure,Consumer Cyclical,CLAR
2022Q3,2022,Q3,2022-11-07,2022-09-30,2751000.0,115715000.0,72000.0,0.07,39424000.0,0.3406991315,627941000.0,363089000.0,257485000.0,61326000.0,264852000.0,155206000.0,-254313000.0,503360430.0,660153430.0,9.716315662715084,4.198627009751166,0.26620016848716677,0.4603774832065967,0.0001359674880038717,9.716315662715084,0.007576654759576853,4.350001555545953,45.74340512540895,1.3863279526507277,0.3395129043984006,0.49154671855469506,0.0018555292477003007,0.18427686677570027,1.4299481459739751,0.004380984837747496,-36.97373512560599,0.34069913148684267,-0.22222222222222213,2.4021406956323497,1.0396362092350768,0.883747661100662,-0.09747722173893136,-0.2691285866099894,-0.9907585675779745,-0.36736465751285663,0.5435070638318431,0.7270941015141316,Leisure,Consumer Cyclical,CLAR
2022Q2,2022,Q2,2022-08-01,2022-06-30,3764000.0,114933000.0,7791000.0,0.09,43682000.0,0.3800649074,638011000.0,373026000.0,250861000.0,69173000.0,264985000.0,153056000.0,-256130000.0,707092650.0,859972650.0,10.018154961729556,3.626573952264612,0.26138734285145554,0.44706803279128,0.011155346192995727,10.018154961729556,0.01009044945928702,6.152216073712511,46.964177072263546,1.8955586205787263,0.2473432518597237,0.4655224231653774,0.0013166591393645516,0.18014266211711083,1.2298440142830296,0.005899584803396807,301.27509586706435,0.3800649073808219,-0.30769230769230776,1.8339984488818595,2.0330080205770495,0.9326624100357637,-0.012880773750338968,-0.29101525711056697,-0.03968938740293356,5.374284715389328,0.9725100889296949,0.7914383097015265,Leisure,Consumer Cyclical,CLAR
2022Q1,2022,Q1,2022-05-09,2022-03-31,5309000.0,113276000.0,8113000.0,0.13,44252000.0,0.3906564497,661082000.0,383106000.0,251795000.0,78221000.0,277976000.0,152718000.0,-258963000.0,846527580.0,982008580.0,10.309356583514976,3.2190204676493526,0.22982322919093245,0.39657953673395874,0.011616527869765959,10.309356583514976,0.013857783485510538,7.473141530421272,39.86285458655114,2.2096432318992654,0.1751742324354869,0.4519702981966762,0.001098605670945771,0.17134939387246967,1.1025044425410055,0.008030773792056054,-66.6819677038204,0.39065644973339453,-0.6388888888888888,3.960239232554619,1.2114709829970385,0.9509930409043749,0.0367836558736704,-0.6220276235227111,0.16232091690544412,0.12723358669812845,0.4878367029041011,0.816640511764367,Leisure,Consumer Cyclical,CLAR
2021Q4,2021,Q4,2022-03-07,2021-12-31,14046000.0,118183000.0,6980000.0,0.36,42682000.0,0.3611517731,631827000.0,370168000.0,226946000.0,72983000.0,261659000.0,129354000.0,-263342000.0,998945640.0,1121013640.0,10.271887227016677,3.1095734623131412,0.22400593833438584,0.38234801495537163,0.023970771278891207,10.271887227016677,0.0379449331114521,8.452532428521868,17.77989534387014,2.6986277582070843,0.06585504770041294,0.5836773505264623,0.000925976312384726,0.1870496195952373,1.1750818683803077,0.022230768865528064,44.19135766423358,0.3611517730976536,1.769230769230769,9.460201785410014,1.3883362067662097,0.9258458637392835,0.08941014318895327,2.100662251655629,25.75177304964539,2.29297943040128,0.7154074866092084,0.8525705368950106,Leisure,Consumer Cyclical,CLAR
2021Q3,2021,Q3,2021-11-08,2021-09-30,4530000.0,108971000.0,-282000.0,0.13,39179000.0,0.35953602334566076,571743000.0,268597000.0,210684000.0,67629000.0,303146000.0,118706000.0,-276463000.0,866294000.0,1046156000.0,7.946656804733728,3.1152907776249834,0.33237311169528966,0.7074985945487106,0.001961541285679404,7.946656804733728,0.01686541547373947,7.949766451624744,47.80871964679911,3.2252556804431918,0.18653421633554085,0.5879399524876586,0.0009754194303550527,0.19059437544491145,1.1607446509633441,0.007923140292054298,-43.71468940808397,0.35953602334566076,1.1666666666666667,10.992747484111332,1.4683387026123509,0.47526532168647045,0.3982013489882588,1.4619565217391304,-1.0422915416916616,-0.029937952909329893,0.7294208622528859,0.4474680258974332,Leisure,Consumer Cyclical,CLAR
2021Q2,2021,Q2,2021-08-02,2021-06-30,1840000.0,73309000.0,6668000.0,0.06,28021000.0,0.3822313767750208,294209000.0,215180000.0,154050000.0,48378000.0,79029000.0,82656000.0,-280148000.0,806131900.0,826471900.0,6.860075875920553,3.1842986481458513,0.09218616697653709,0.12604331257551818,0.025381279713302948,6.860075875920553,0.008550980574402825,10.996356518299255,109.52879076086957,3.7463142485361094,0.425,0.5479094076655052,0.0009700645762808791,0.2491732068019673,1.204493778163628,0.006254057489743685,804.5228542914172,0.3822313767750208,-0.6470588235294118,1.5689018449017071,1.4663442942463993,0.2740337576253402,0.03589648798521257,-0.6758851506077154,0.17208648268588503,3.2780556027063503,0.5370639480978613,0.26243875914913367,Leisure,Consumer Cyclical,CLAR
2021Q1,2021,Q1,2021-05-10,2021-03-31,5677000.0,75331000.0,5689000.0,0.17,27050000.0,0.35908191846650117,279555000.0,210487000.0,138819000.0,36661000.0,69068000.0,69980000.0,-281206000.0,533375150.0,555498150.0,6.728478726464853,3.7865579225880364,0.10247715118670744,0.13610341731318323,0.02542935718977136,6.728478726464853,0.02697078679443386,7.0804204112516755,23.488424784217017,2.5340051879688534,0.1379249603663907,0.6899256930551586,0.0014680098988488683,0.2694675466366189,1.5360464799105316,0.020307274060560532,-138.00133247089263,0.35908191846650117,-0.2272727272727272,2.4034982733170227,0.9561085097784241,0.2243056940502693,0.0026688412780784343,-0.19691611260432876,0.02986965966690804,12.587700113880734,0.3641043686692957,0.23348203779873852,Leisure,Consumer Cyclical,CLAR
2020Q4,2020,Q4,2021-03-08,2020-12-31,7069000.0,75947000.0,5524000.0,0.22,26978000.0,0.35522140440043715,280691000.0,204594000.0,142122000.0,39621000.0,76097000.0,68356000.0,-286100000.0,479432800.0,496264800.0,6.571823204419889,3.5870371772544862,0.12334203804183248,0.16921806113571267,0.028886700299033376,6.571823204419889,0.03455135536721507,6.312728613375117,16.95546753430471,2.34333753678016,0.1097750742679304,0.7163818830826848,0.0016185792878584862,0.2705715537726539,1.7258776911233942,0.025184277372626837,73.31897843706989,0.35522140440043715,4.5,1.3542804043427363,0.7901808253357181,0.2077061417178882,0.2450043841432461,4.97548605240913,2.552411575562701,0.13832720807532328,0.3974074937538401,0.2167090222517878,Leisure,Consumer Cyclical,CLAR
2020Q3,2020,Q3,2020-11-09,2020-09-30,1183000.0,64491000.0,1555000.0,0.04,21669000.0,0.33600037214495043,267838000.0,195287000.0,129582000.0,33646000.0,72551000.0,64897000.0,-292393000.0,423359960.0,447394960.0,6.513257512590468,3.851334482553647,0.1533090898229527,0.2102648921843236,0.004392357202719891,6.513257512590468,0.006057750899957498,6.564636305841125,89.4674471682164,2.167886034400651,0.0,0.6598456014915943,0.0,0.24078360800185186,1.787463591511621,0.004416848990807876,84.31785700059748,0.33600037214495043,1.4453797419024397,1.0269944905007051,0.8038484594313381,0.08541717243800118,1.0373260624294847,1.4312796208530805,1.3851870200644043,1.751488155901526,0.4167674036871866,0.26275576374801746,Leisure,Consumer Cyclical,CLAR
2020Q2,2020,Q2,2020-08-10,2020-06-30,-2743000.0,30014000.0,-4037000.0,-0.089811,10636000.0,0.3543679616179116,230733000.0,179560000.0,122697000.0,23247000.0,51173000.0,72514000.0,-292757000.0,345315722.5935,354298722.5935,6.009448247576149,5.2779713511420825,0.13227843438086445,0.16997660948986412,-0.013557247505337105,6.009448247576149,-0.015276230786366675,11.505155014110082,-31.47245010877689,1.9231216450963466,0.0,0.2672311553631023,0.0,0.1300810893977021,1.971007011657418,-0.011888199780698903,33.775011990757044,0.3543679616179116,-78.55699481865285,0.44604733086084813,-0.05880220563276903,-0.202717133266957,-0.42545375972342264,-77.19444444444444,-5.5257847533632285,0.2426130869094379,-0.012972949778130667,0.15931873458869017,Leisure,Consumer Cyclical,CLAR
2020Q1,2020,Q1,2020-05-11,2020-03-31,36000.0,53555000.0,892000.0,0.001158,18512000.0,0.3456633367566054,235116000.0,181509000.0,126921000.0,19905000.0,53607000.0,69084000.0,-289300000.0,291775555.852,311042555.852,6.072102897470518,6.3763376036171815,0.13637098283400534,0.17664688803310027,0.0030071357668608246,6.072102897470518,0.00019833727253194057,5.4481478078984225,2026.219137861111,1.6074991094215714,20.666666666666668,0.507252040993573,0.0025499051756665524,0.22778118035352762,2.610198442602361,0.0001531159087429184,132.8063522312244,0.3456633367566054,-0.9970921326871406,1.0236186809596863,0.17089935742621626,-0.20744485714133218,-0.14636170801438717,-0.9970937272947444,-0.7865518066523092,1.0249542738194004,0.2997855808688353,0.14911443800124732,Leisure,Consumer Cyclical,CLAR
2019Q4,2019,Q4,2020-03-09,2019-12-31,12387000.0,61022000.0,4179000.0,0.39823,21686000.0,0.3553800268755531,230265000.0,181192000.0,120872000.0,24564000.0,49073000.0,73432000.0,-288592000.0,403708584.5284,424675584.5284,6.061701748697513,4.92069695489334,0.09845178381430092,0.12511589915669566,0.06402498985141546,6.061701748697513,0.06836394542805421,6.615787495139458,8.147828056196012,2.228070690363813,0.060062969241947206,0.5356792678941061,0.0018429134987781298,0.2650077085097605,1.7771128480703469,0.05379454107224285,154.73690476366423,0.3553800268755531,2.636371937578187,159.22105398181716,0.12801229677190012,-0.22611494218032976,0.054920465048402006,2.547250859106529,0.025018395879323033,9.99494206028079,0.48672644054021924,0.1364905963186675,Leisure,Consumer Cyclical,CLAR
2019Q3,2019,Q3,2019-11-04,2019-09-30,3492000.0,60203000.0,4077000.0,0.109513,20557000.0,0.3414613889673272,224948000.0,168824000.0,122274000.0,28275000.0,56124000.0,73535000.0,-300235000.0,350448721.4472,373505721.4472,5.62581717707035,4.324456233421751,0.11072781265003467,0.14753826470170117,0.022241985121204608,5.62581717707035,0.020684262901009335,5.821117244110758,25.0893987290378,2.0758228773586693,0.2144902634593356,0.5391446250084994,0.0021372599018394402,0.2676307413268844,1.540866489832007,0.015523587673595676,-71.79854977406269,0.3414613889673272,6.500125558736377,-0.8133295919900657,0.1968774508259501,-0.29213729145594913,0.28545522761380693,6.031700288184438,4.285253827558421,9.676190419487526,0.5359606121905652,0.04441064858067174,Leisure,Consumer Cyclical,CLAR
2019Q2,2019,Q2,2019-08-05,2019-06-30,-694000.0,46994000.0,-1241000.0,-0.019911,15992000.0,0.3402987615440269,216704000.0,167940000.0,112413000.0,28373000.0,48764000.0,73024000.0,-302978000.0,428627946.9726,443308946.9726,5.592241110104814,3.9619708878158812,0.0768329149438866,0.09914255091103966,-0.003398228242059418,5.592241110104814,-0.004132428248183875,9.12090792383283,-154.40488003335733,2.5522683516291536,-1.0778097982708934,0.4245453549517967,0.0017451031956341751,0.21685801831069107,1.2305360730271737,-0.0032025251033668046,141.97679594985095,0.3402987615440269,-1.1666624814805515,0.848535728766106,0.48473152049179863,-0.23921895815895836,-0.27493652520856005,-1.1832585159757063,-1.2809599275526375,0.7758784009062956,0.6513667759884709,0.038575095074684776,Leisure,Consumer Cyclical,CLAR
2019Q1,2019,Q1,2019-05-06,2019-03-31,3787000.0,61218000.0,4417000.0,0.119469,22056000.0,0.36028619033617565,212161000.0,169569000.0,107492000.0,20482000.0,42592000.0,62091000.0,-301536000.0,380644211.753,396393211.753,5.674956887041052,5.2481203007518795,0.08611856090421896,0.10774964763606555,0.021804638525796435,5.674956887041052,0.022333091543855304,6.217847883841354,25.128347752376555,2.2447747627986248,0.1969897016107737,0.6307194279364159,0.001959835397376486,0.28854502005552385,1.9605507274680207,0.017849651915290747,81.70083961214853,0.36028619033617565,0.0,4.115318099926561,0.22532129844533016,-0.24795157218034525,0.08022333235380547,0.06736189402480271,0.1660506863780359,1.9801957062467095,0.6642664143891983,0.032608158953721295,Leisure,Consumer Cyclical,CLAR
2018Q4,2018,Q4,2019-03-04,2018-12-31,3548000.0,57307000.0,3788000.0,0.119469,20418000.0,0.3562915525153995,213128000.0,166205000.0,108501000.0,21740000.0,46923000.0,64933000.0,-304577000.0,302142551.6604,321802551.6604,5.5446672730922355,4.990846366145354,0.10390938778574378,0.1332450888962426,0.02317479826181702,5.5446672730922355,0.021347131554405704,5.272349829172701,21.28963864574408,1.8178908676658343,0.2105411499436302,0.5681086658555742,0.002472342925201769,0.2688853646634886,1.7687672493100275,0.016647273000262752,133.10244566537443,0.3562915525153995,-0.1428540680154972,4.245647589249644,0.03235270262951299,-0.26852228724261085,0.028252001812962682,-0.1402956142476375,-0.05583250249252243,1.1846763099292854,0.40291829464750895,0.018945353702157188,Leisure,Consumer Cyclical,CLAR
2018Q3,2018,Q3,2018-11-05,2018-09-30,4127000.0,55686000.0,4012000.0,0.13938,19857000.0,0.35658872966275185,212096000.0,163994000.0,107545000.0,21793000.0,48102000.0,60840000.0,-307378000.0,337389082.9276,357080082.9276,5.490039615767529,4.934841462855045,0.10700814725407362,0.13839530714538337,0.023272090051606686,5.490039615767529,0.0251655548373721,6.058777483166326,20.43791391613763,2.0573257736722077,0.0,0.5889053254437869,0.0,0.2625509203379602,1.9429633368512824,0.01945816988533494,-527.9954349414711,0.35658872966275185,5.6666889878461175,4.402725723482808,0.13617493534836306,-0.28031550163185265,0.25201765447667085,6.311454311454312,33.61788617886179,1.0945251691736515,0.5633980496706384,-0.0850993892380311,Leisure,Consumer Cyclical,CLAR
2018Q2,2018,Q2,2018-08-06,2018-06-30,-777000.0,45881000.0,-123000.0,-0.029867,15860000.0,0.3456768597022733,207256000.0,163968000.0,100908000.0,23112000.0,43288000.0,61157000.0,-310764000.0,247947122.2459,261480122.2459,5.433987055771442,4.366043613707165,0.07770100744972401,0.09821428571428571,-0.0006821821399974714,5.433987055771442,-0.004738729508196721,5.404135093958283,-79.77706635968468,1.5121677537440235,0.0,0.49088411792599373,0.0,0.22137356698961672,1.5176098996192453,-0.0037489867603350446,-49589.42444918,0.3456768597022733,-3.2456390977443608,0.6369369221845891,0.25138250245081495,-0.2845923481912482,-0.11033825096763336,-2.9280397022332507,-1.2489878542510122,0.8446174058108525,0.42470318440073057,-0.2790644666316673,Leisure,Consumer Cyclical,CLAR
2018Q1,2018,Q1,2018-05-07,2018-03-31,403000.0,53267000.0,494000.0,0.0133,17827000.0,0.3346724989205324,203234000.0,164598000.0,96010000.0,20046000.0,38636000.0,53122000.0,-309987000.0,202866375.9199,215522375.9199,5.454865592102531,4.789484186371346,0.0730783235088617,0.09023195907605196,0.0030731328181138272,5.454865592102531,0.002448389409348838,3.808481347173672,125.84762774187344,1.2324959958195116,0.0,0.6671435563420052,0.0,0.2620968932363679,1.9201336925072334,0.0019829359260753613,31.68796874725086,0.3346724989205324,-0.9332044296009843,1.1405389347508665,0.10435542792386508,-0.29020366552840565,0.03717710030253665,-0.9330453563714903,0.32085561497326204,1.2619248639072722,0.1537091149007356,-0.2880091375881292,Leisure,Consumer Cyclical,CLAR
2017Q4,2017,Q4,2018-03-12,2017-12-31,6019000.0,52677000.0,374000.0,0.199115,17188000.0,0.3262904113749834,207449000.0,162982000.0,99444000.0,19784000.0,44467000.0,58138000.0,-310390000.0,235925589.89229998,254911589.89229998,5.401310489386595,5.026486049332794,0.10046806685016559,0.12787915229902688,-0.21113767741858033,5.401310489386595,0.03693045857824791,4.47872107166885,9.799202105511712,1.44755610982992,0.0,0.6104269152705631,0.0,0.25392747133030286,1.9042155276991508,0.029014360155990147,35.05580830494799,0.3262904113749834,4.999979911207538,10.576286464643934,0.1293697050361143,-0.31242310154689285,0.12457471866003664,4.80227416298168,1.3565300285986654,77.15991202843746,-0.035388612014018495,-0.31042574285693,Leisure,Consumer Cyclical,CLAR
2017Q3,2017,Q3,2017-11-07,2017-09-30,-1583000.0,45774000.0,-1049000.0,-0.049779,15284000.0,0.33390134137283173,215793000.0,155515000.0,106484000.0,23534000.0,60278000.0,66982000.0,-316409000.0,225226667.3822,250907667.3822,5.1579709232593824,4.524687685901249,0.12675573350386712,0.17588657042728997,-0.010011782376496367,5.1579709232593824,-0.01017908240362666,4.92040606855857,-35.56959371165509,1.4482633018178313,0.0,0.4551969185751396,0.0,0.21211994828377195,1.5758477096966093,-0.007335733781911369,-23.14765337946557,0.33390134137283173,0.5833312407402758,-3.2757447316920936,-0.01984497270346517,-0.3338517958050187,0.6910820978092498,0.566776135741653,0.7285196687370601,-1.0842242849604478,-0.09425573466175709,-0.3510035691861609,Leisure,Consumer Cyclical,CLAR
2017Q2,2017,Q2,2017-08-07,2017-06-30,-3654000.0,30680000.0,-3864000.0,-0.119469,9038000.0,0.29458930899608865,186430000.0,156267000.0,143080000.0,21048000.0,30163000.0,54812000.0,-314826000.0,200073460.016435,136640460.016435,5.183603152681058,6.797795515013303,0.0,0.0,-0.025451303686891257,5.183603152681058,-0.02338305592351552,6.521299218267112,-13.688660373319307,1.2803308441093448,0.0,0.3948405458658688,0.0,0.16456578876790215,4.097633979475485,-0.019599849809580003,-19.38320674447152,0.29458930899608865,-1.3999879467245224,-0.9662051868990179,-0.01304086451765605,-0.3212068195461904,-0.2652032520325203,-1.511340206185567,-13.0,0.20557664408814766,-0.03440812432642216,-0.29481098376438036,Leisure,Consumer Cyclical,CLAR
2017Q1,2017,Q1,2017-05-08,2017-03-31,-1455000.0,41556000.0,-276000.0,-0.049779,12300000.0,0.2959861391856772,188031000.0,159309000.0,144981000.0,19732000.0,28722000.0,43526000.0,-311172000.0,163980901.852508,90399901.85250801,5.284158563034195,7.347506588282992,0.0,0.0,-0.002024708063370367,5.284158563034195,-0.009133193981507637,3.9460222796349025,-28.175412689434367,1.0293260384065432,0.0,0.6721499793227037,0.0,0.22100611069451315,4.988951956213258,-0.0077380857411809756,105.4539561752463,0.2959861391856772,0.0,-1.4805838397902644,-0.2341496923772734,-0.42683448214427405,0.020831604282513072,-0.047516198704103674,0.6150627615062761,-0.18628628283373763,-0.17562653333737482,-0.29974038238876133,Leisure,Consumer Cyclical,CLAR
2016Q4,2016,Q4,2017-03-06,2016-12-31,-1389000.0,41399000.0,-717000.0,-0.049779,12049000.0,0.291045677431822,210457000.0,160808000.0,166945000.0,40607000.0,49649000.0,45410000.0,-309717000.0,160977420.665178,88137420.665178,5.33370163231675,4.111236978846012,0.10404975838294758,0.13617481717327495,-0.0031255187684591187,5.33370163231675,-0.008637629968658276,3.8884374179370997,-28.973617830305614,1.0010535586859983,0.0,0.6463334067386038,0.0,0.19671001677302252,2.9072573694190655,-0.006599923024655868,-143.09104059126935,0.291045677431822,-2.7148507462686564,-1.3367946161768465,-0.025440520854597467,-0.2010280132441788,-0.023265239948119326,-2.4296296296296296,-2.25569176882662,-3.041772767207819,-0.2585191524145966,-0.2963538336247958,Leisure,Consumer Cyclical,CLAR
2016Q3,2016,Q3,2016-10-31,2016-09-30,-405000.0,39441000.0,571000.0,-0.0134,12336000.0,0.3127709743667757,215353000.0,162657000.0,170812000.0,43444000.0,52696000.0,45250000.0,-308328000.0,154900875.58360702,80384875.58360702,5.386594999501103,3.9317742380996226,0.09955282721856673,0.13180496381957124,-0.004584544750374606,5.386594999501103,-0.0024899020638521553,3.927407408118633,-95.6178244343253,0.9523160736003186,0.0,0.5990055248618784,0.0,0.18314581176022623,2.853305404658871,-0.0018806331929436784,-117.79534264913082,0.3127709743667757,0.865403738561829,-1.2923775626194567,-0.31796965315778564,-0.2954382461396694,0.4782504493708808,0.8722800378429517,1.29267042542286,0.6696749231121631,-0.20394853660856302,-0.2938759660322867,Leisure,Consumer Cyclical,CLAR
2016Q2,2016,Q2,2016-08-01,2016-06-30,-3171000.0,29142000.0,-1951000.0,-0.099557,8345000.0,0.2863564614645529,215682000.0,165591000.0,171026000.0,40611000.0,50091000.0,46828000.0,-306352000.0,127063675.68559301,59783675.68559301,5.3845322660107415,4.211322055600699,0.09730992850585585,0.12674601880536987,-0.012317304979473738,5.3845322660107415,-0.019149591463304166,4.3601563271427155,-10.017634475369993,0.767334430528187,0.0,0.44411463227129067,0.0,0.13511558683617547,2.9969958878136467,-0.01470220046179097,29.855186956201365,0.2863564614645529,0.23077457987251307,-1.7888530290600788,-0.26649952759746237,-0.288506343842342,-0.238177834580975,0.20981809120358832,0.4962561321972631,-0.4538147238670105,-0.2201190505783175,-0.2911032829156548,Leisure,Consumer Cyclical,CLAR
2016Q1,2016,Q1,2016-05-02,2016-03-31,-4013000.0,38207000.0,-3873000.0,-0.129425,10954000.0,0.28670138979768106,221467000.0,170568000.0,175204000.0,19522000.0,50899000.0,46186000.0,-303181000.0,140004260.473454,74226260.473454,5.495750578603929,8.974695215654133,0.09282195541547951,0.12052084799024436,-0.019590540799659172,5.495750578603929,-0.02352727358003846,3.6643615168281727,-8.72192003946262,0.8208119956466277,0.0,0.590070584159702,0.0,0.1725178017492448,6.44365331420961,-0.018120081095603407,327.11275811554674,0.28670138979768106,0.7968746076388017,-3.4274791570369834,-0.30886620437976925,-0.27054975222357397,-0.25821087560100225,0.8064158224794983,0.8753540164778579,-0.36060081869989213,-0.22987091142237512,-0.28488364195245763,Leisure,Consumer Cyclical,CLAR
2015Q4,2015,Q4,2016-03-15,2015-12-31,-20730000.0,44076000.0,-31072000.0,-0.637168,14767000.0,0.335034939649696,228593000.0,176003000.0,182382000.0,21446000.0,52590000.0,51496000.0,-299168000.0,142675714.68513998,84231714.68513998,5.441574715412039,8.504243215518045,0.08807356305748645,0.11439009562337006,-0.1586507322480488,5.441574715412039,-0.11778208325994444,3.237038630663853,-1.7206429653297153,0.8106436520124088,0.0,0.5691510020195744,0.0,0.1928143031501402,5.947449407814977,-0.09068519158504416,17.671007516118404,0.335034939649696,0.5646257759678032,-29.95620477749613,-0.1268254901392473,-0.2676063008295691,0.04412076645690448,0.5691930422494234,-36.211976047904194,-38.19540140986761,-0.11841883976158249,-0.3072975395738144,Leisure,Consumer Cyclical,CLAR
2015Q3,2015,Q3,2015-11-09,2015-09-30,-48119000.0,39256000.0,-835000.0,-1.463495,14143000.0,0.3602761361320562,264056000.0,197553000.0,186752000.0,38387000.0,66503000.0,54280000.0,-278438000.0,206335514.74598998,209028514.74598998,6.00069510413288,4.8649803318831895,0.07472278607568092,0.09987699503424398,-0.2241355930443665,6.00069510413288,-0.24357514186066523,5.256152301456847,-1.0720064566283067,1.0444564989951557,0.0,0.462656595431098,0.0,0.1486654346047808,1.7560372000937818,-0.18223028448510922,-18.037897958387095,0.3602761361320562,-7.64704457364341,-8.685382070060035,-0.2332722231351764,-0.19319023524485027,0.09985224356481842,-7.834037084633743,0.8866567123659563,-64.35349102726106,-0.23017275316374047,-0.22501457898607913,Leisure,Consumer Cyclical,CLAR
2015Q2,2015,Q2,2015-08-10,2015-06-30,-5447000.0,35079000.0,-7367000.0,-0.169248,12859000.0,0.3665725932894324,297366000.0,247743000.0,144137000.0,24205000.0,49623000.0,62230000.0,-230319000.0,303098285.17665005,290677285.17665005,7.537410495475144,5.954844040487503,0.0739425489127876,0.08875326447165005,-0.018666326640491823,7.537410495475144,-0.021986494068449967,8.64044827893184,-13.911248631202957,1.223438342058706,0.0,0.35706251004338746,0.0,0.11796573919008899,2.948605659987606,-0.018317494266325,38.18801627524884,0.3665725932894324,-2.399987946724523,-1.0541126721940755,1.5782500164395008,-0.13887032181459955,-0.32306801431880394,-2.2519402985074626,-6.938577586206897,-1.6882767427085366,0.03501662457633648,-0.012975590161984484,Leisure,Consumer Cyclical,CLAR
2015Q1,2015,Q1,2015-05-11,2015-03-31,-1675000.0,50263000.0,-928000.0,-0.049779,18996000.0,0.37793207727354117,301475000.0,251673000.0,151817000.0,24537000.0,49802000.0,60276000.0,-224872000.0,309806903.958508,304933903.958508,7.661426403176244,6.1872682071972935,0.0728750310971059,0.08729581639667346,-0.003019879743624877,7.661426403176244,-0.006655461650633958,6.163716928128206,-46.23983641171762,1.230989831879097,0.0,0.518730506337514,0.0,0.16672360892279625,3.177446305579329,-0.005556016253420682,-83.57348366833234,0.37793207727354117,-18.005913928093022,0.6331733602477838,0.0,0.634941890172345,-0.18088913802768317,-18.476744186046513,-3.9839228295819935,-1.5077599698211248,-0.1498490620576592,-0.16897546137060784,Leisure,Consumer Cyclical,CLAR
2014Q4,2014,Q4,2015-03-16,2014-12-31,-86000.0,59425000.0,311000.0,-0.002619132138992835,23191000.0,0.3902566259991586,315513000.0,257193000.0,158560000.0,32540000.0,58320000.0,64481000.0,-223197000.0,286735441.41564,278138441.41564,7.832819211906794,4.872771972956361,0.07111275922069772,0.08723798859222452,0.0035308031797399594,7.832819211906794,-0.0003343792404925484,4.825165189998149,-833.5332599291861,1.1148648735215967,0.0,0.5619329725035281,0.0,0.18834406189285385,2.612261831591887,-0.0002725719700931499,155.41216336891057,0.3902566259991586,-1.0041758323166534,0.9820569092749224,0.0,0.6256297012101502,0.020685709255754588,-1.0042150664118021,1.1013513513513513,-1.0191469338781765,0.28447477892837447,0.17333206074334165,Leisure,Consumer Cyclical,CLAR
2014Q3,2014,Q3,2014-11-04,2014-09-30,20403000.0,54861000.0,148000.0,0.627212,22721000.0,0.4141557755053681,330330000.0,260124000.0,162332000.0,46043000.0,70206000.0,67914000.0,-223111000.0,246943674.47967,229711674.47967,7.9476106159648765,3.5256607953434833,0.07738019556201374,0.09826467377097077,0.00018520840365659667,7.9476106159648765,0.078435669142409,4.501260904461639,3.025825546239156,0.9493306057098537,0.0,0.4732455752863916,0.0,0.16607937517028426,1.8874964706904416,0.061765507220052675,-10.142257042864712,0.4141557755053681,5.200005357047196,13.424966344784854,0.0,0.6031837467564377,0.8406513285806869,5.094521372667068,1.0244628099173554,12.589317314488568,-0.12474602279005668,0.039540280103074255,Leisure,Consumer Cyclical,CLAR
2014Q2,2014,Q2,2014-08-11,2014-06-30,-4983000.0,34422000.0,-6050000.0,-0.149336,12344000.0,0.35860786706176284,324511000.0,240069000.0,143046000.0,60485000.0,84442000.0,57090000.0,-243514000.0,365708471.63523,408436471.63523,7.350657814200978,2.364983053649665,0.1458594623911054,0.19716414864059917,-0.014719555363615374,7.350657814200978,-0.020756532496907138,10.624265633467841,-18.347806122578266,1.5233473361209902,0.0,0.38672271851462603,0.0,0.10607344589243507,0.5521699594940894,-0.015355411680959967,-286.3809488138058,0.35860786706176284,-2.7499937222208275,-1.8066311386439333,0.0,0.4684649537741925,-0.4100836320191159,-2.755086661642803,-1.9340446168768186,-3.1266642979126344,-0.18417687401411248,-0.02870924622308139,Leisure,Consumer Cyclical,CLAR
2014Q1,2014,Q1,2014-05-08,2014-03-31,-1327000.0,54539000.0,-2062000.0,-0.039823,20925000.0,0.38367040099745137,323265000.0,246138000.0,108353000.0,25932000.0,77127000.0,51902000.0,-238531000.0,398126100.724616,439111100.724616,7.545999269613442,4.178351072034552,0.14034924906810203,0.18432749108223842,-0.0030240390389455816,7.545999269613442,-0.005391284563943804,7.299842327960102,-75.00491724276866,1.6174914102032842,0.0,0.6476436360833879,0.0,0.16871297542264085,1.8831559463211476,-0.004104991261039704,-51.21251617244867,0.38367040099745137,-2.764891729771739,-0.14682856551214954,0.0,0.4931570700515227,-0.08803660928306821,-2.8029891304347827,-2.566869300911854,-1.763775823337952,-0.06128232214728125,0.0015794854974169716,Leisure,Consumer Cyclical,CLAR
2013Q4,2013,Q4,2014-03-04,2013-12-31,736000.0,60405000.0,1316000.0,0.022563990373024454,22945000.0,0.3798526612035428,321423000.0,247250000.0,106381000.0,29259000.0,74173000.0,54054000.0,-237204000.0,433934649.241192,467497649.241192,7.580090515937903,3.6358385454048325,0.11835182920948407,0.15385642062689586,0.007629316315267136,7.580090515937903,0.0029767441860465114,7.183753815763463,147.3962803129049,1.755044081865286,0.0,0.693010693010693,0.0,0.18792992411868473,1.5326224409583376,0.002289817467947222,53.3089249682054,0.3798526612035428,1.5666069952797241,1.7849661049446608,0.0,0.48663735504822075,0.1664972038637519,1.563552833078101,1.8832214765100672,2.089832584148312,0.1866026903240864,0.020221318893365595,Leisure,Consumer Cyclical,CLAR
2013Q3,2013,Q3,2013-11-05,2013-09-30,-1306000.0,52776000.0,-1490000.0,-0.039823,19670000.0,0.3727072911929665,327803000.0,245370000.0,112665000.0,33650000.0,82433000.0,57193000.0,-237940000.0,390349837.297131,432003837.297131,7.628397760707574,3.3481426448737,0.14047461432628744,0.18766760402657212,-0.003149758170103062,7.628397760707574,-0.00532257407180992,7.396351320621703,-74.72240377050747,1.5908621155688591,0.0,0.5788470617033553,0.0,0.16099913667660148,1.4474888558692423,-0.003984100206526481,-63.80350397141729,0.3727072911929665,0.4285693786769982,0.03791606707608309,0.0,0.4981580375439968,0.25654784719560497,0.42416225749559083,0.3996776792908944,0.7309473483667036,0.05503182096798816,0.02565881051617896,Leisure,Consumer Cyclical,CLAR
2013Q2,2013,Q2,2013-08-06,2013-06-30,-2268000.0,38855000.0,-2482000.0,-0.06969,15654000.0,0.40288251190322993,310847000.0,242890000.0,97878000.0,25165000.0,67957000.0,56715000.0,-236634000.0,296478090.389156,331199090.389156,7.595651293402851,3.8894496324259884,0.1183057903084154,0.15140598624891927,-0.0066804786099370975,7.595651293402851,-0.009337560212441845,7.630371648157405,-32.68056551908686,1.2206269932444975,0.0,0.40908049017014897,0.0,0.12499718511035976,1.3377309755612954,-0.007296193947504721,133.42848352347255,0.40288251190322993,0.2999989955502878,-0.5346192144458707,0.0,0.4810311032995533,-0.18536636136552873,0.2519788918205805,-0.22025565388397247,-1.0231589712581495,1.935346308110112,-0.13221646110118151,Leisure,Consumer Cyclical,CLAR
2013Q1,2013,Q1,2013-05-07,2013-03-31,-3032000.0,51000000.0,-2034000.0,-0.099557,19216000.0,0.3767843137254902,317404000.0,245195000.0,102481000.0,23458000.0,72209000.0,55142000.0,-234366000.0,286255133.42652804,323621133.42652804,7.685113781495348,4.368701509080058,0.13072614081738101,0.16922449478986112,-0.006608754783054191,7.685113781495348,-0.01236566814168315,5.612845753461334,-23.602830922372032,1.1674590975612391,0.0,0.5764027420115339,0.0,0.16067850436667463,1.7089265922073493,-0.009552494612544265,-151.69853387733335,0.3767843137254902,-6.0001004469891015,-2.8609643677507397,0.0,0.4862616862768205,0.08424081701743497,-6.573529411764706,0.030042918454935622,0.31633879348107924,0.0,0.6399967565959405,Leisure,Consumer Cyclical,CLAR
2012Q4,2012,Q4,2013-03-12,2012-12-31,544000.0,48801000.0,-2097000.0,0.019911,17723000.0,0.3631687875248458,320786000.0,248006000.0,104542000.0,26237000.0,72780000.0,60664000.0,-231334000.0,258363087.822164,293740087.822164,7.855572957058802,3.9845256698555476,0.1262149844444583,0.16325411481980276,0.0014244299058836986,7.855572957058802,0.0021934953186616454,5.294217082071351,118.73303668297979,1.0417614405383904,0.0,0.5122972438348938,0.0,0.1521294570211917,1.3985974006174486,0.0016958346062484024,80.94081698689348,0.3631687875248458,0.0,2.445197389684109,0.0,0.5172185852830906,-0.03987214908716615,-0.25068870523415976,-2.3661237785016285,1.1180468551217912,0.0,0.6303520320762378,Leisure,Consumer Cyclical,CLAR
2012Q3,2012,Q3,2012-11-06,2012-09-30,726000.0,48742000.0,1535000.0,0.019911,18459000.0,0.3787083008493701,311137000.0,243658000.0,118265000.0,49371000.0,67479000.0,65038000.0,-231878000.0,278566267.54293,306623267.54293,7.742978050196239,2.3954345668509855,0.13609438928831993,0.1737845668929401,0.0029013486323218904,7.742978050196239,0.0029795861412307413,5.715117712505232,95.92502325858472,1.143267479594062,0.0,0.465620099019035,0.0,0.15665767812892714,0.9866318284012882,0.002333377258249581,-25.225596988402607,0.3787083008493701,1.3333277530384706,9.728648640626835,0.0,0.4963330779013195,0.48074763356329214,1.380503144654088,1.7709693621295832,1.4598423942166117,0.0,0.5619054784378635,Leisure,Consumer Cyclical,CLAR
2012Q2,2012,Q2,2012-08-07,2012-06-30,-1908000.0,31915000.0,-1991000.0,-0.059734,12466000.0,0.3906000313332289,271469000.0,236357000.0,121033000.0,16338000.0,35112000.0,53039000.0,-232604000.0,291902822.14817,266192822.14817,7.636498571207715,7.408067082874281,0.06524870243011173,0.07494171951750953,-0.005401696223629599,7.636498571207715,-0.00807253434423351,9.14625793978286,-38.24722512423611,1.2350081535481074,0.0,0.36669243386941686,0.0,0.11756406808880572,3.8819316929856775,-0.007028426818531766,291902.82214817,0.3906000313332289,-1.5999979911005755,-13.734860390369807,0.0,0.47765726337309244,-0.3303609798023206,-1.7366795366795367,-1.4210192429689152,-0.133988122310212,0.0,0.5255682967176983,Leisure,Consumer Cyclical,CLAR
2012Q1,2012,Q1,2012-05-08,2012-03-31,2590000.0,46419000.0,4729000.0,0.099557,18616000.0,0.4010426764902303,270368000.0,237775000.0,120398000.0,16137000.0,32593000.0,45472000.0,-230696000.0,238349184.827244,212636184.827244,9.219254121920667,7.460990270806222,0.05892339330098236,0.06700031542424562,0.011255953588260367,9.219254121920667,0.01089265061507728,5.134733295143024,23.0066780721278,1.0024148242129913,0.0,0.6114312104152005,0.0,0.17168821754053734,4.428270434405404,0.00957953603976802,-219.27247914189883,0.4010426764902303,-0.27219735586054417,7.2991788083832025,0.0,0.7851516770515722,0.3064776475542143,-0.26587301587301587,4.629761904761905,3.8308629699714585,0.0,0.8242507030420989,Leisure,Consumer Cyclical,CLAR
2011Q4,2011,Q4,2012-03-06,2011-12-31,3528000.0,36339000.0,840000.0,0.1367912040464141,14249000.0,0.3921131566636396,227727000.0,172174000.0,76997000.0,17017000.0,55553000.0,47137000.0,-233286000.0,192275210.26188,227945210.26188,6.675705432394359,4.524710583534113,0.16717385290281786,0.22111352469013903,0.08865171213465182,6.675705432394359,0.020490898741970333,5.291153038385207,13.624944037831632,1.1167493945768816,0.0,0.4686339817977385,0.0,0.15957264619478587,1.4760533584062996,0.015492234122436074,54.63916176808184,0.3921131566636396,1.747970108809219,141.72344529119545,0.0,0.3001468261410583,-0.1092704882165406,2.503475670307845,-0.7156398104265402,5.758753077619373,0.0,0.30926577278052786,Leisure,Consumer Cyclical,CLAR
2011Q3,2011,Q3,2011-11-01,2011-09-30,1007000.0,42040000.0,2954000.0,0.049779,15997000.0,0.3805185537583254,228565000.0,167831000.0,80112000.0,20134000.0,60734000.0,45178000.0,-236814000.0,142842287.170998,181638287.170998,7.64531280613469,3.9789410946657395,0.17707435521624046,0.24115330302506688,0.009291128880601561,7.64531280613469,0.006000083417247112,3.3977708651521885,35.46233544463704,0.8511078833528848,0.0,0.5764531409092921,0.0,0.18393017303611664,1.5103307837488824,0.004405748911688141,-15.4374026986921,0.3805185537583254,2.2500062777791725,6.732459645916523,0.0,0.4903257917007332,0.4496601721794291,2.2416769420468556,4.296875,2.086952248552936,0.0,0.5014800210137871,Leisure,Consumer Cyclical,CLAR
2011Q2,2011,Q2,2011-08-09,2011-06-30,-811000.0,28338000.0,-896000.0,-0.039823,11035000.0,0.3894064507022373,218223000.0,166003000.0,68282000.0,20654000.0,52220000.0,44483000.0,-237821000.0,172503319.155428,201809319.155428,7.5679273025276235,3.3059939963203253,0.14187780389784763,0.18650867755402012,-0.0031804166558705984,7.5679273025276235,-0.004885453877339566,6.087349818456771,-53.176115645939575,1.0391578414572507,0.0,0.3889800597981251,0.0,0.12985798930451878,0.9651883412414061,-0.0037163818662560777,-161.82300108389117,0.3894064507022373,-1.7999959822415073,-24.70815660149006,0.0,0.4793015699542443,-0.26779908433415167,-1.6943493150684932,-1.3267687819110139,0.20001090547157346,0.0,0.4756253663577499,Leisure,Consumer Cyclical,CLAR
2011Q1,2011,Q1,2011-05-10,2011-03-31,1168000.0,39058000.0,2742000.0,0.049779,15071000.0,0.3858620513083107,216556000.0,165208000.0,66172000.0,17311000.0,51348000.0,32862000.0,-237010000.0,150563749.961612,178860749.961612,7.534099269081827,3.8225405811333832,0.15482831230720923,0.2029502203283134,0.009661298872161874,7.534099269081827,0.007069875550820784,3.8548760807417684,32.22683004315325,0.9113587112101835,0.0,0.7299312275576654,0.0,0.18035981455143243,1.7347929062445844,0.005393524076913131,-143.25761176176212,0.3858620513083107,3.40430771815859,1.6431067782203528,0.0,0.47311584381890576,0.21648236338687546,3.5726872246696035,5.186259541984733,3.1640685418469,0.0,0.45705625220602936,Leisure,Consumer Cyclical,CLAR
2010Q4,2010,Q4,2011-03-15,2010-12-31,-454000.0,34222000.0,-655000.0,-0.02070408859233905,12389000.0,0.36201858453626323,212679000.0,162922000.0,62603000.0,19516000.0,49757000.0,34942000.0,-238178000.0,173104564.927632,200101564.927632,7.42984916661027,3.2077782332445173,0.1399479967462702,0.1826886485557506,-0.0016811416598696237,7.42984916661027,-0.0027866095432169994,5.0582831198536615,-95.32189698658149,1.062499631281423,0.0,0.6248354415889188,0.0,0.16090916357515317,1.2008608321377332,-0.002134672440626484,31.17316134119071,0.36201858453626323,0.8613590253365628,-0.33901189220704414,0.0,0.4314131274866813,0.29931830099632933,0.8621736490588949,0.7273105745212323,-0.7364756891927108,0.0,0.4349946595940962,Leisure,Consumer Cyclical,CLAR
2010Q3,2010,Q3,2010-11-09,2010-09-30,-3294000.0,33946000.0,-2402000.0,-0.149336,9535000.0,0.2808872915807459,216942000.0,162344000.0,64222000.0,18722000.0,54598000.0,33338000.0,-237723000.0,142685353.66219202,174019353.66219202,7.437558847535724,3.430295908556778,0.15177328502549067,0.20281624205391022,-0.008759018491606653,7.437558847535724,-0.020290247868723205,4.203303884469216,-10.829185918502734,0.8789074660116297,0.0,0.7322274881516587,0.0,0.15647500253523983,1.5081187907274864,-0.015183781840307548,-12.002469184235533,0.2808872915807459,-1.0495048717227917,-18.466779832976147,0.0,0.43413775814219024,4.273783185840708,-1.057493934686611,0.7802981798225556,-71.17764921114522,0.0,0.4373107156261749,Leisure,Consumer Cyclical,CLAR
2010Q2,2010,Q2,2010-08-09,2010-06-30,57293000.0,7744000.0,-10933000.0,3.016592,1808000.0,0.2334710743801653,205517000.0,163748000.0,52458000.0,15581000.0,41769000.0,31327000.0,-234430000.0,128826079.771208,149101079.771208,8.752933137037168,3.36679288877479,0.11467177897692162,0.14392236851747808,0.30018097521092146,8.752933137037168,0.34988518943742825,16.635599144009298,0.5621370838113208,0.7867337602365098,0.0,0.18948510869218246,0.0,0.037680581168467814,1.1017264617161928,0.27877499184982263,-16.726315213088547,0.2334710743801653,22.64293298895107,98.12476472290382,0.0,0.6901277781998753,0.0,25.32823779193206,-3.599495161968868,631.6582595346223,0.0,0.6936865901510287,Leisure,Consumer Cyclical,CLAR
2010Q1,2010,Q1,2010-05-10,2010-03-31,-2355000.0,0.0,-2377000.0,-0.13938,0.0,0.0,81349000.0,79391000.0,80712000.0,1500000.0,1958000.0,0.0,-291723000.0,81159144.566268,24221144.566267997,4.686054256257772,53.808,0.0,0.0,,4.686054256257772,-0.02966331196231311,0.0,-8.615620442278981,1.0222713477128138,0.0,0.0,0.0,0.0,53.754666666666665,-0.0289493417251595,-45.088413647926664,0.0,0.04513867474322674,-4.81470875999559,0.0,-0.10132717874766355,0.0,0.04771532551556813,0.055246422893481716,-12.48769016375484,0.0,-0.09262533566322233,Leisure,Consumer Cyclical,CLAR
2009Q4,2009,Q4,2010-03-15,2009-12-31,-2473000.0,0.0,-2516000.0,-0.14596883999099985,0.0,0.0,83791000.0,81632000.0,83095000.0,1713000.0,2159000.0,0.0,-289368000.0,71859662.251524,13496662.251524001,4.818329294842418,48.508464681844714,0.0,0.0,,4.818329294842418,-0.030294492355938847,0.0,-7.264421982564093,0.8802879048844081,0.0,0.0,0.0,0.0,48.11908931698774,-0.0295139096084305,-52.56741935005413,0.0,-1.9323377325980808,-1.5800259735299351,0.0,-0.07361869950806785,0.0,-1.9094117647058824,-1.7770419426048565,-153.29908892099454,0.0,-0.06159197654337367,Leisure,Consumer Cyclical,CLAR
2009Q3,2009,Q3,2009-11-02,2009-09-30,-850000.0,0.0,-906000.0,-0.049779,0.0,0.0,84741000.0,83988000.0,83965000.0,319000.0,753000.0,0.0,-286895000.0,74395892.401896,15539892.401896,4.95739220912418,263.2131661442006,0.0,0.0,,4.95739220912418,-0.010120493403819594,0.0,-21.88114482408706,0.8857919274407773,0.0,0.0,0.0,0.0,262.6551724137931,-0.010030563717680933,-139.57953546321951,0.0,0.0,-0.5233844308195321,-1.0,-0.06067715978018246,0.0,0.07709011943539631,0.18962432915921287,-9.457073028124734,0.0,-0.033639347901407414,Leisure,Consumer Cyclical,CLAR
2009Q2,2009,Q2,2009-08-06,2009-06-30,-921000.0,0.0,-1118000.0,-0.049779,0.0,0.0,85352000.0,84806000.0,84492000.0,125000.0,546000.0,0.0,-286045000.0,64081907.86182,-1594092.1381800026,5.005674664082788,675.936,0.0,0.0,,5.005674664082788,-0.01086008065467066,0.0,-17.394654685618892,0.7556294113838644,0.0,0.0,0.0,0.0,674.504,-0.010790608304433406,-78.53174983066177,0.0,-0.25000627777917284,0.08812446846556986,0.0,-0.057608440481666745,0.0,-0.5324459234608985,-0.10474308300395258,-36.7993853740875,0.0,-0.021541553816898065,Leisure,Consumer Cyclical,CLAR
2009Q1,2009,Q1,2009-05-04,2009-03-31,-601000.0,0.0,-1012000.0,-0.039823,0.0,0.0,86217000.0,85620000.0,85271000.0,188000.0,597000.0,0.0,-285124000.0,65096393.14518,8782393.145180002,5.053721019017149,453.5691489361702,0.0,0.0,,5.053721019017149,-0.007019387993459472,0.0,-27.078366532936773,0.7602942436951646,0.0,0.0,0.0,0.0,452.7659574468085,-0.0069707830242295606,-69.03116982521739,0.0,-0.3853801867679671,-0.21654663955494494,0.0,-0.058508730057644114,0.0,-0.23408624229979466,0.029721955896452542,0.5716976156675058,0.0,-0.011863762678817537,Leisure,Consumer Cyclical,CLAR
2008Q4,2008,Q4,2009-03-03,2008-12-31,-487000.0,0.0,-1043000.0,-0.028745177952129775,0.0,0.0,87177000.0,86384000.0,86145000.0,383000.0,793000.0,0.0,-284523000.0,71859662.251524,52517662.251524,5.098816123648416,224.92167101827675,0.0,0.0,,5.098816123648416,-0.005637618077421745,0.0,-36.888943660946616,0.8318631025597796,0.0,0.0,0.0,0.0,224.63707571801567,-0.005586335845463826,-81.56601844667878,0.0,0.27817648213018165,-1.2649066072090795,-1.0,-0.051376826924102774,0.0,0.31888111888111886,0.16493194555644516,-0.8590596224434464,0.0,-0.017676917745437046,Leisure,Consumer Cyclical,CLAR
2008Q3,2008,Q3,2008-11-03,2008-09-30,-715000.0,0.0,-1249000.0,-0.039823,0.0,0.0,87221000.0,86266000.0,86103000.0,562000.0,955000.0,0.0,-284036000.0,87077009.269812,75211009.269812,5.091851172933115,153.2081850533808,0.0,0.0,,5.091851172933115,-0.008288317529501774,0.0,-30.446506737696502,1.0094012620245751,0.0,0.0,0.0,0.0,152.89857651245552,-0.008197567099666365,-110.64423033012962,0.0,0.20000401775849255,-0.007719787525746336,-1.0,-0.056646119803221685,0.0,0.08684546615581099,0.06929955290611028,-4.444003951823616,0.0,-0.018170319638751042,Leisure,Consumer Cyclical,CLAR
2008Q2,2008,Q2,2008-08-04,2008-06-30,-783000.0,0.0,-1342000.0,-0.049779,0.0,0.0,87694000.0,86889000.0,86490000.0,428000.0,805000.0,0.0,-283321000.0,94685665.83698401,77756665.83698401,5.128623751709659,202.07943925233644,0.0,0.0,,5.128623751709659,-0.00901149742775265,0.0,-30.23169407311111,1.0897313335057834,0.0,0.0,0.0,0.0,201.64252336448598,-0.008928775058726936,-103.82200201423686,0.0,-1.5000753352418257,0.2923539521378746,-1.0,-0.060312644040352935,0.0,-0.8776978417266187,-0.08313155770782889,-0.46571189354256487,0.0,-0.009700025009645234,Leisure,Consumer Cyclical,CLAR
2008Q1,2008,Q1,2008-05-05,2008-03-31,-417000.0,0.0,-1239000.0,-0.019911,0.0,0.0,88333000.0,87603000.0,87040000.0,370000.0,730000.0,0.0,-282538000.0,108550365.810792,86157365.810792,5.170767606037833,235.24324324324326,0.0,0.0,,5.170767606037833,-0.0047601109551042775,0.0,-65.07815696090648,1.2391169915504265,0.0,0.0,0.0,0.0,235.01891891891893,-0.004720772531217099,-127.40653264177465,0.0,-0.6699584380792081,0.8386763507367253,-1.0,-0.06328339565227804,0.0,-1.0643564356435644,-0.04030226700251889,-0.02961085049603435,0.0,-0.008370783084122483,Leisure,Consumer Cyclical,CLAR
2007Q4,2007,Q4,2008-03-07,2007-12-31,-202000.0,0.0,-1191000.0,-0.01192305122449736,0.0,0.0,88680000.0,87719000.0,87299000.0,618000.0,961000.0,0.0,-282121000.0,99758126.137728,57872126.137728006,5.17761450674101,141.26051779935275,0.0,0.0,,5.17761450674101,-0.0023028078295466207,0.0,-123.46302739817823,1.1372465046082147,0.0,0.0,0.0,0.0,140.97734627831716,-0.002277852954442941,-228.2794648460595,0.0,-6.681636621495747,0.972264417887003,-1.0,-0.08401197093487753,0.0,-6.611111111111111,-0.13428571428571429,0.7892578865131229,0.0,-0.004541830435958869,Leisure,Consumer Cyclical,CLAR
2007Q3,2007,Q3,2007-11-09,2007-09-30,36000.0,0.0,-1050000.0,0.002098524073044027,0.0,0.0,87503000.0,86629000.0,86029000.0,547000.0,874000.0,0.0,-281919000.0,111941377.597041,91219377.597041,5.174635356625375,157.27422303473492,0.0,0.0,,5.174635356625375,0.000415565226425331,0.0,777.3706777572291,1.2921928868743837,0.0,0.0,0.0,0.0,156.88848263254113,0.00041141446578974437,-371.8982644419967,0.0,-0.5535518018659583,1.0084633054787169,-1.0,-0.14927583679790557,0.0,-0.5555555555555556,-0.052104208416833664,1.0652940335213956,-1.0,-0.01951409627402369,Leisure,Consumer Cyclical,CLAR
2007Q2,2007,Q2,2007-08-08,2007-06-30,81000.0,0.0,-998000.0,0.004700487272241081,0.0,0.0,87257000.0,86476000.0,85702000.0,471000.0,781000.0,0.0,-281955000.0,151966788.63429198,137720788.63429198,5.167976878329452,181.95753715498938,0.0,0.0,,5.167976878329452,0.0009366760719737268,0.0,469.03329825398765,1.7573290697337063,0.0,0.0,0.0,0.0,181.29511677282377,0.0009282922860057072,-349.34893938917696,0.0,-0.6016536209965185,1.003684436670505,-1.0,-0.18524581435277687,0.0,-0.599009900990099,-0.14187643020594964,1.081198850249455,0.0,-0.027052671866764404,Leisure,Consumer Cyclical,CLAR
2007Q1,2007,Q1,2007-05-09,2007-03-31,202000.0,0.0,-874000.0,0.0118,0.0,0.0,87195000.0,86214000.0,85565000.0,688000.0,981000.0,0.0,-282036000.0,134950472.845168,117899472.845168,5.164409411500291,124.36773255813954,0.0,0.0,,5.164409411500291,0.002343006936228455,0.0,167.0179119370891,1.5652965045719718,0.0,0.0,0.0,0.0,123.47383720930233,0.0023166465967085267,-292.7342144146811,0.0,11.311732075,1.0293112247354776,-1.0,-0.3251264224498598,0.0,11.625,0.18923933209647495,1.4149659758722832,0.0,-0.03788785391218996,Leisure,Consumer Cyclical,CLAR
