Quarters,Year,Quarter,FillingDate,Date,NetIncome,Revenue,OperatingIncome,EPSDiluted,GrossProfit,GrossProfitRatio,TotalAssets,CommonStockEquity,CurrentAssets,CurrentLiability,TotalLiability,Inventory,RetainedEarnings,MarketCap,EnterpriseValue,bookValuePerShare,currentRatio,debtToAssets,debtToEquity,roic,shareholdersEquityPerShare,roe,priceToSalesRatio,peRatio,pbRatio,payoutRatio,inventoryTurnover,dividendYield,assetTurnover,quickRatio,returnOnAssets,priceToFreeCashFlowsRatio,grossProfitMargin,epsdilutedGrowth,fiveYNetIncomeGrowthPerShare,fiveYRevenueGrowthPerShare,fiveYShareholdersEquityGrowthPerShare,grossProfitGrowth,netIncomeGrowth,operatingIncomeGrowth,threeYNetIncomeGrowthPerShare,threeYRevenueGrowthPerShare,threeYShareholdersEquityGrowthPerShare,Industry,Sector,Symbol
2023Q1,2023,Q1,2023-05-09,2023-03-31,-10931000.0,57708000.0,-3535000.0,-0.13,37327000.0,0.6468253968,391329000.0,128923000.0,99980000.0,83145000.0,249906000.0,0.0,-387546000.0,81310940.0,229101940.0,1.4904220760453637,1.2024775993745866,0.41742625770132036,1.2670431187608107,-0.01220718792267781,1.4904220760453637,-0.08478704342902353,1.409006376932141,-1.8596409294666545,0.6306938249963155,-0.21022779251669563,0.0,0.02826187964374782,0.14746670959729538,0.7648686030428768,-0.027933017997643927,-19.475674251497004,0.6468253968253969,0.1875,0.854727218214838,-0.6638294902989619,-0.8869421855544415,-0.0555625838119576,0.20130059915241852,-0.018145161290322582,-0.5569182385866586,-0.6411551086216393,-0.7746814712131246,Software—Infrastructure,Technology,SNCR
2022Q4,2022,Q4,2023-03-15,2022-12-31,-13686000.0,61630000.0,-3472000.0,-0.16,39523000.0,0.6412948239,398072000.0,136445000.0,68945000.0,80507000.0,249127000.0,-36342000.0,-376629000.0,53438453.6,201235453.6,1.5782016285740723,0.8563851590544922,0.4263500070339034,1.2438564989556231,-0.010478062191688209,1.5782016285740723,-0.10030415185605922,0.8670850819406134,-0.9761517901505187,0.39164830957528673,-0.16790881192459448,-0.6083044411424797,0.04300274138172292,0.15482123836893827,0.8563851590544922,-0.03438071504652425,38.555882828282826,0.6412948239493753,-15.0,-1.6117507756229834,-0.7170249298149904,-0.8564020930378052,0.05518475010679197,-14.41764705882353,-5.474226804123711,-0.06028084826132068,-0.6766970635621371,-0.7658700597599288,Software—Infrastructure,Technology,SNCR
2022Q3,2022,Q3,2022-11-08,2022-09-30,1020000.0,59896000.0,776000.0,-0.01,37456000.0,0.6253506077,398889000.0,133913000.0,112377000.0,81667000.0,252476000.0,0.0,-362999000.0,98495999.99999999,240837000.0,1.5499189814814816,1.3760392814723206,0.41346088761535166,1.231583192072465,0.0011618045056107599,1.5499189814814816,0.007616885589897919,1.64445038065981,24.141176470588235,0.7355223167280248,2.2529411764705882,0.0,0.023330896686159848,0.1501570612375874,0.8386129036208015,0.0025571023517820747,-150.83614088820823,0.6253506077200481,-1.1666666666666665,1.0151045031223083,-0.6580601376248523,-0.8445663105084549,-0.12730661696178938,-0.8699974509304104,-0.8414384961176952,1.0078866925402166,-0.45679987160115487,-0.7712443204222214,Software—Infrastructure,Technology,SNCR
2022Q2,2022,Q2,2022-08-09,2022-06-30,7846000.0,65236000.0,4894000.0,0.06,42920000.0,0.6579189405,416868000.0,146711000.0,116581000.0,82771000.0,257657000.0,0.0,-364019000.0,100192599.99999999,240948600.0,1.6839332445709563,1.4084763987386886,0.3988504754502624,1.1333028879906755,0.013430643142071284,1.6839332445709563,0.05347928921485096,1.5358483046170823,3.1924738720367065,0.6829249340540245,0.009941371399439205,0.0,0.0007785006078293207,0.1564907836533387,0.8314264657911588,0.01882130554516058,28.20737612612612,0.6579189404623215,2.694915254237288,1.151238281540695,-0.7192310018501643,-0.8414779740523184,0.046140346601018845,3.583470530128416,6.140756302521009,1.2140333770968772,-0.6074637126319368,-0.7954868827496229,Software—Infrastructure,Technology,SNCR
2022Q1,2022,Q1,2022-05-10,2022-03-31,-3037000.0,65866000.0,-952000.0,-0.0354,41027000.0,0.6228858592,439084000.0,156489000.0,116637000.0,91590000.0,270095000.0,0.0,-371865000.0,148548180.0,294781180.0,1.8224792117951227,1.2734687192924992,0.38252361734884444,1.0733022768373497,-0.002768902676553663,1.8224792117951227,-0.019407114877084013,2.2553089606170102,-12.228200526835693,0.9492563694572781,-0.5864339809022061,0.0,0.011989376106795789,0.15000774339306375,0.7631728354623867,-0.006916671980759946,-18.357412259021256,0.622885859168615,-13.750000000000002,0.9733591660200723,-0.6060943591489037,-0.8342198533614944,-0.14178433218282607,-13.960591133004925,-1.3443037974683545,0.9288737836772055,-0.6489572358236857,-0.7879082683111444,Software—Infrastructure,Technology,SNCR
2021Q4,2021,Q4,2022-03-15,2021-12-31,-203000.0,73831000.0,2765000.0,-0.0024,47805000.0,0.6474922458,450734000.0,163328000.0,121991000.0,95381000.0,274906000.0,0.0,-368713000.0,209156800.0,354342800.0,1.905366308912739,1.2789863809354065,0.3920050406670009,1.0818108346394983,0.04303572556748166,1.905366308912739,-0.0012428977272727273,2.8329130040227004,-257.5822660098522,1.2805936520376175,0.0,0.0,0.0,0.16380171009952654,0.8292007842232729,-0.0004503764970026668,-31.17555522432553,0.6474922458046078,0.9781818181818182,-1.0042690491414952,409.1867853374992,-0.8729572153143623,0.12461183777171356,0.9749660870637563,1.313030680403034,0.998988422383842,-0.5770165499721599,-0.7898171070296963,Software—Infrastructure,Technology,SNCR
2021Q3,2021,Q3,2021-11-09,2021-09-30,-8109000.0,69753000.0,-8833000.0,-0.11,42508000.0,0.6094074806818345,448375000.0,165599000.0,110453000.0,108556000.0,270276000.0,0.0,-368380000.0,205550400.0,336916400.0,1.9335287112065946,1.0174748516894505,0.3468235294117647,0.9390576030048491,-0.013216581204977866,1.9335287112065946,-0.04896768700294084,2.946832394305621,-6.337106918238994,1.241253872305992,0.0,0.0,0.0,0.15556844159464733,0.582316960831276,-0.018085308056872036,-23.36596567011481,0.6094074806818345,0.7962962962962963,-1.5372953981217474,-0.7989086461680012,-0.8665585440099383,-0.04239693624690245,-2.282995951417004,-1.7637672090112642,0.9203144277544122,-0.6126437460734289,-0.8362325189427929,Software—Infrastructure,Technology,SNCR
2021Q2,2021,Q2,2021-08-09,2021-06-30,-2470000.0,71532000.0,-3196000.0,-0.54,44390000.0,0.6205614270536264,463690000.0,174462000.0,117830000.0,112433000.0,276728000.0,0.0,-360271000.0,158430290.0,283364290.0,3.953275475289479,1.048001921144148,0.3396752140438655,0.9027983171120358,-0.00792655073727856,3.953275475289479,-0.01415781086998888,2.2148170049767937,-16.035454453441297,0.9081077254645711,0.0,0.0,0.0,0.1542668593241174,0.6828244376650984,-0.005326834738726304,-293.38942592592593,0.6205614270536264,-0.018867924528301903,0.45215485103488484,-0.552981789124065,-0.7164363431338004,0.2042211491508871,0.7946799667497921,0.6465774632312286,0.9447983619889847,-0.166632536010775,-0.6939699873393206,Software—Infrastructure,Technology,SNCR
2021Q1,2021,Q1,2021-05-10,2021-03-31,-12030000.0,65499000.0,-9043000.0,-0.53,36862000.0,0.5627872181254676,465130000.0,269905000.0,116915000.0,126950000.0,182725000.0,0.0,-357801000.0,152571090.0,174841090.0,6.31548775066102,0.9209531311539977,0.11198589641605573,0.19298642114818176,-0.024514743210557553,6.31548775066102,-0.044571238028195105,2.329365181147804,-3.170637780548628,0.5652770048720847,0.0,0.0,0.0,0.14081869584847248,0.5990862544308783,-0.02586373701975792,-43.56684466019418,0.5627872181254676,-1.0384615384615385,-0.6673170819738126,-0.5335886632539574,-0.5631186323162808,-0.10011473769011059,-14.151133501259446,-18.489224137931036,0.6764010668248165,-0.22771899272580456,-0.520930846554571,Software—Infrastructure,Technology,SNCR
2020Q4,2020,Q4,2021-03-16,2020-12-31,-794000.0,69377000.0,-464000.0,-0.26,40963000.0,0.5904406359456303,482255000.0,280923000.0,121367000.0,125120000.0,188832000.0,0.0,-345771000.0,199580800.0,230260800.0,6.615556706857573,0.9700047953964195,0.13343770411919006,0.2290698874780634,0.0005960484096273491,6.615556706857573,-0.002826397269002538,2.8767574268129206,-62.840302267002514,0.7104466348429997,0.0,0.0,0.0,0.14385957636520097,0.65153452685422,-0.001646431866958352,-14.681535971752243,0.5904406359456303,0.27777777777777773,-1.1519165961228548,-0.5550328811558326,-0.5355005107827621,0.01938582520406132,0.8602604716649067,0.970736629667003,-1.072259130722052,-0.35144656779035155,-0.3980616422549396,Software—Infrastructure,Technology,SNCR
2020Q3,2020,Q3,2020-11-09,2020-09-30,-5682000.0,68636000.0,-15856000.0,-0.36,40184000.0,0.5854653534588262,498574000.0,281116000.0,137481000.0,132882000.0,204958000.0,0.0,-344977000.0,127503599.99999999,139931600.0,6.636355051935788,1.034609653677699,0.1179102801188991,0.20912007854408857,-0.015964129747448017,6.636355051935788,-0.020212296703140342,1.857678186374497,-5.609978880675818,0.4535622305382831,0.0,0.0,0.0,0.13766461949479916,0.7078761608043226,-0.011396502826059923,49.40085238279736,0.5854653534588262,-0.5,-1.5909353875615513,-0.5436704827570443,-0.5266525843897973,-0.1460206141749017,-5.614668218859139,-0.38383662070169317,0.8283810296798079,-0.20078860186428601,-0.33447285772817104,Software—Infrastructure,Technology,SNCR
2020Q2,2020,Q2,2020-08-12,2020-06-30,-859000.0,76535000.0,-11458000.0,-0.24,47055000.0,0.6148167505063044,521652000.0,280484000.0,147991000.0,153412000.0,228668000.0,0.0,-339313000.0,147190410.0,167914410.0,6.7267189486054155,0.9646637811905197,0.12171907708587335,0.2263765491079705,-0.002308558468259484,6.7267189486054155,-0.00306256328346715,1.923177761808323,-42.837721187427235,0.5247729282240697,0.0,0.0,0.0,0.14671658500302884,0.6525108857195004,-0.0016466916641745839,12.072704232283465,0.6148167505063044,0.17241379310344826,-1.0569198873846737,-0.44237017741027934,-0.5075417235600156,0.12974478403879858,0.7448767448767448,0.3371897958003124,0.9654029084531971,-0.3117362260417285,-0.3667604584971086,Software—Infrastructure,Technology,SNCR
2020Q1,2020,Q1,2020-05-21,2020-03-31,-3367000.0,77122000.0,-17287000.0,-0.29,41651000.0,0.540066388319805,512794000.0,274399000.0,135642000.0,142453000.0,225895000.0,0.0,-338348000.0,126523150.0,164702150.0,6.614733746353928,0.9521877391139534,0.134722715164374,0.2517684102347312,-0.009115113298262263,6.614733746353928,-0.012270452880659186,1.640558465807422,-9.394353281853281,0.4610918771569867,0.0,0.0,0.0,0.1503956754564211,0.643882543716173,-0.006565989461655168,-6.4247778398415685,0.540066388319805,0.19444444444444448,-1.319913522049204,-0.4178125077784836,-0.48547030411588654,-0.13477637674235027,0.4510922725790675,0.049590411787343996,0.9388639724310233,-0.045314625296125115,-0.39829682371789893,Software—Infrastructure,Technology,SNCR
2019Q4,2019,Q4,2020-03-16,2019-12-31,-6134000.0,90588000.0,-18189000.0,-0.36,48139000.0,0.5314059257296773,532023000.0,276942000.0,142897000.0,153396000.0,242581000.0,0.0,-334319000.0,195153750.0,217139750.0,6.74070828769624,0.9315562335393361,0.11461158634119202,0.22017606574661844,-0.02609210589256363,6.74070828769624,-0.02214904203768298,2.1543002384421777,-7.9537720084773404,0.7046737222956431,0.0,0.0,0.0,0.1702708341556662,0.6836162611802133,-0.011529576728825633,12.259171430366228,0.5314059257296773,0.788235294117647,-1.4517373369238982,-0.3021817547130633,-0.4749935484959336,1.8985428709055876,0.8998334367549561,0.6431570273875853,-1.2691396968122217,1049.055989967776,-0.5505544799355926,Software—Infrastructure,Technology,SNCR
2019Q3,2019,Q3,2019-11-05,2019-09-30,-61238000.0,52210000.0,-50972000.0,-1.7,16608000.0,0.3180999808465811,515962000.0,277183000.0,115715000.0,123504000.0,226279000.0,0.0,-328185000.0,220914000.0,264584000.0,6.775433879247128,0.9369332167379194,0.12183649183466999,0.22679240790380362,-0.1507681247097851,6.775433879247128,-0.22092985500553786,4.231258379620762,-0.9018664881282864,0.7969969298261438,0.0,0.0,0.0,0.10118962249157884,0.7583883922787926,-0.11868703509173156,-18.11958661417323,0.3180999808465811,-1.786885245901639,-7.553311786952963,-0.5836889845294564,-0.4518432460664736,-0.6263078550052876,-2.5663618892318443,-1.787182852143482,-9.494629156466317,-0.6848902759715079,-0.5323970331700314,Software—Infrastructure,Technology,SNCR
2019Q2,2019,Q2,2019-08-06,2019-06-30,-17171000.0,77846000.0,-18288000.0,-0.61,44443000.0,0.5709092310459112,643904000.0,336024000.0,217509000.0,179355000.0,295380000.0,0.0,-266947000.0,324031400.0,402019400.0,8.23386424895859,1.212728945387639,0.17427597902792963,0.3339553127157584,-0.03205685647927066,8.23386424895859,-0.05110051662976454,4.1624669218713874,-4.717713004484305,0.9643102873604266,0.0,0.0,0.0,0.12089690388629361,0.9947645730534415,-0.026667018686015308,17.346434689507493,0.5709092310459112,0.10294117647058831,-3.019210136884943,-0.25988098432006346,-0.32080903667857463,-0.09580485026041667,0.14359102244389027,0.10084074929937559,-3.118448401178236,-0.4739363137125443,-0.4093949002115534,Software—Infrastructure,Technology,SNCR
2019Q1,2019,Q1,2019-05-10,2019-03-31,-20050000.0,88105000.0,-20339000.0,-0.68,49152000.0,0.5578798025083707,714635000.0,346465000.0,270884000.0,234111000.0,355670000.0,0.0,-249776000.0,242323200.0,324549200.0,8.592881944444445,1.1570750626839406,0.23927459472318036,0.4935390299164418,-0.03213532263710999,8.592881944444445,-0.05787020333944266,2.7503910107258385,-3.0214862842892765,0.6994161026366299,-0.35286783042394015,0.0,0.029196544119589045,0.12328671279744205,0.9285381720636792,-0.028056280478845844,-21.99938266000908,0.5578798025083707,0.7095347063310449,-3.6075953618415544,-0.11755043574553138,-0.26739944079343836,-0.03789539617914187,0.7875879311806085,0.5193203034528395,-1.9454418870831194,-0.3350048262332162,-0.40557718351354577,Software—Infrastructure,Technology,SNCR
2018Q4,2018,Q4,2019-03-18,2018-12-31,-94392000.0,82102000.0,-42313000.0,-2.3410714285714285,51088000.0,0.6222503714891233,703255000.0,365512000.0,294454000.0,243764000.0,325243000.0,0.0,-233299000.0,247564800.0,266829800.0,9.065277777777778,1.207947030734645,0.17495218661794085,0.3366127514281337,-0.07475877052760965,9.065277777777778,-0.2582459673006632,3.0153321478161312,-0.6556826849733028,0.6773096368929064,0.0,0.0,0.0,0.11674570390541127,0.9632226251620419,-0.13422158392048403,10.838140267927502,0.6222503714891233,-0.6964285714285715,-6.807768582768583,-0.17512274676965747,-0.20254377225100276,0.2910138481754776,-1.0055241575659712,-0.22189494354442807,-20.020427961507185,-0.4454170444700092,-0.363497724533856,Software—Infrastructure,Technology,SNCR
2018Q3,2018,Q3,2018-11-09,2018-09-30,-47066000.0,83286000.0,-34629000.0,-1.38,39572000.0,0.47513387604159163,894344000.0,467681000.0,347458000.0,350904000.0,414163000.0,0.0,-156984000.0,277284000.0,293616000.0,11.806548520650308,0.990179650274719,0.2669778071972306,0.5105403041816965,-0.04605482820734507,11.806548520650308,-0.10063697263733186,3.329299041855774,-1.4728466408872647,0.5928913083918311,0.0,0.0,0.0,0.09312524039966724,0.8037639924309783,-0.05262628250427129,87.66487511855833,0.47513387604159163,-0.14999999999999997,-13.894515237919236,-0.08695059001288379,0.09817083477064341,0.06327753446005857,-0.1765029371328584,0.19654292343387472,-6.234500434410777,-0.4078553883134745,-0.15788121856196938,Software—Infrastructure,Technology,SNCR
2018Q2,2018,Q2,2018-08-09,2018-06-30,-40005000.0,76742000.0,-43100000.0,-1.2,37217000.0,0.48496260196502566,928111000.0,509690000.0,340502000.0,99855000.0,405921000.0,0.0,-102456000.0,243443520.0,259387520.0,12.917933901054338,3.409964448450253,0.2572203109326363,0.468380780474406,-0.05761325854689312,12.917933901054338,-0.07848888540092998,3.17223319694561,-1.5213318335208101,0.47763055975200613,0.0,0.0,0.0,0.08268623041855985,2.8004105953632767,-0.04310368048649353,-3.6956495073854234,0.48496260196502566,-0.2631578947368421,-12.455863897600569,-0.10574166151792998,0.2633162603235561,-0.04961695607763023,-0.09029216177913442,0.02563638829859384,-3.8014114398742254,-0.4091043760371057,-0.054287311141825036,Software—Infrastructure,Technology,SNCR
2018Q1,2018,Q1,2018-07-02,2018-03-31,-36692000.0,83709000.0,-44234000.0,-0.95,39160000.0,0.46781110752726707,982900000.0,556065000.0,390581000.0,113910000.0,414335000.0,0.0,-54608000.0,445009550.00000006,373495550.00000006,13.182831132500414,3.428856114476341,0.24306847085156172,0.42964761313875177,-0.05507360778002965,13.182831132500414,-0.06598509167093775,5.316149398511511,-3.032061144118609,0.8002833301862193,0.0,0.0,0.0,0.08516532709329536,3.111991923448336,-0.03733034896734154,-25.387047178960582,0.46781110752726707,-4.671273476866697,-70.66455146578201,-0.03352429264242978,0.3071833194225689,-0.38995513459621134,-4.361612459917545,-0.331467100114382,-4.428578919797169,-0.3785445142292173,0.025431763936962587,Software—Infrastructure,Technology,SNCR
2017Q4,2017,Q4,2018-07-02,2017-12-31,10915000.0,106259000.0,-33222000.0,0.2587657950261966,64192000.0,0.6041088284286508,965411000.0,463587000.0,370979000.0,192486000.0,476544000.0,0.0,-5014000.0,377098140.0,459686140.0,10.990422228017353,1.927303803913012,0.24744590645849282,0.5153013350244938,-0.03851625572425611,10.990422228017353,0.023544663676936584,3.548858355527532,8.637153916628492,0.8134355363718138,0.0,0.0,0.0,0.1100660754849489,1.2343547063163036,0.011306065499564434,-18.611101569440333,0.6041088284286508,1.3317510192643545,1.8430475606618424,0.3044305575651614,0.11160624226556444,0.41270714584387863,1.3110750113999088,0.08071612385511498,-0.21705297995377665,-0.20273299109465182,-0.14400055184188618,Software—Infrastructure,Technology,SNCR
2017Q3,2017,Q3,2018-07-09,2017-09-30,-35088000.0,91015000.0,-36139000.0,-0.78,45439000.0,0.499247376806021,2001980000.0,447654000.0,436285000.0,1120886000.0,1529046000.0,0.0,-15930000.0,418851690.0,1316701690.0,9.97157686053505,0.3892322680451,0.5534121219992207,2.4749471690189297,-0.017964146102402326,9.97157686053505,-0.07838196464233538,4.602007251551942,-2.984294416894665,0.935659437869426,0.0,0.0,0.0,0.04546249213278854,0.26741791761160366,-0.01752664861786831,36.170266839378236,0.499247376806021,-0.3000000000000001,-5.802340881585842,0.12030314334908422,0.01698661659460747,-0.3621253597248544,-0.3206865401987353,-3.063301101866427,-4.421758052242115,-0.33865506207243307,-0.19326388525292104,Software—Infrastructure,Technology,SNCR
2017Q2,2017,Q2,2018-07-09,2017-06-30,-26568000.0,118990000.0,-8894000.0,-0.6,71235000.0,0.5986637532565762,2037417000.0,473964000.0,447767000.0,1120545000.0,1538173000.0,0.0,19161000.0,733966100.0,1633320100.0,10.6227083239948,0.3995975172795381,0.5477091827544386,2.3544235427163245,-0.006594964607652589,10.6227083239948,-0.05605489024482872,6.1683006975376085,-6.906486186389641,1.548569300621988,0.0,0.0,0.0,0.05840237909078014,0.2953857274808241,-0.013040040404099897,-64.23648695956591,0.5986637532565762,0.5488721804511278,-2.9112457943120518,0.5268266369669701,0.1083105249489186,0.7790070426052644,0.547370393716885,0.8267863750559916,-3.857599017015027,0.03474234171133924,-0.12375923606354346,Software—Infrastructure,Technology,SNCR
2017Q1,2017,Q1,2018-07-09,2017-03-31,-58697000.0,86097000.0,-51347000.0,-1.33,40042000.0,0.46508008409119944,2048141000.0,486038000.0,465206000.0,235044000.0,1536823000.0,0.0,45729000.0,1078772800.0,1977091800.0,10.993350221659279,1.9792294208743895,0.546591762969444,2.30331167521881,-0.02663165815677121,10.993350221659279,-0.12076627753385538,12.529737389223783,-4.594667529856721,2.2195235763458823,0.0,0.0,0.0,0.04203665665596265,1.3769124078895867,-0.028658671448889506,-55.57819680577022,0.46508008409119944,-3.418181818181818,-10.225099828642191,0.14920607371814804,0.19887236042969347,0.7487116778757971,-3.4150174861139684,0.3314976109570493,-7.961808775520974,-0.2135742620675633,-0.06274349257781364,Software—Infrastructure,Technology,SNCR
2016Q4,2016,Q4,2017-02-27,2016-12-31,24305000.0,92000.0,-76809000.0,0.55,22898000.0,248.8913043478261,1164729000.0,657115000.0,364453000.0,153607000.0,457758000.0,0.0,220453000.0,1678076199.9999998,1764470199.9999998,14.997831743278404,2.372632757621723,0.22959160457067695,0.40694855542789315,-0.05730155996886532,14.997831743278404,0.036987437510937964,18239.95869565217,17.260606871014193,2.553702472170016,0.0,0.0,0.0,7.898833119120414e-05,2.1532677547247197,0.020867515104371917,22.752958563835552,248.8913043478261,2.4375,1.574891599955011,-0.998712816750898,0.7079067069196651,-0.7691524432660222,2.166362688900469,-6.814898932545991,0.3761867112394341,-0.9991493889152626,0.3193323601983228,Software—Infrastructure,Technology,SNCR
2016Q3,2016,Q3,2016-11-08,2016-09-30,7676000.0,176421000.0,13209000.0,0.16,99191000.0,0.5622403228640581,1124729000.0,631172000.0,405841000.0,155125000.0,440941000.0,0.0,196148000.0,1793800800.0,1947501800.0,14.48971533516988,2.6162191780821917,0.24629933077212376,0.4388977964801987,0.0059140023209256045,14.48971533516988,0.012161502728257908,10.167728331661197,58.42238144867119,2.842015805517355,0.0,0.0,0.0,0.156856451643018,2.3052312651087834,0.006824755118788615,-48.44051740433691,0.5622403228640581,2.6,0.8520253263724337,1.5688449588469613,0.6957917608804361,0.15227164480791794,2.7292182924082002,4.7271444695259595,0.9123685576964887,0.7587797404653827,0.34774212441351593,Software—Infrastructure,Technology,SNCR
2016Q2,2016,Q2,2016-08-04,2016-06-30,-4439000.0,157551000.0,-3544000.0,-0.1,86083000.0,0.5463818065261408,1123032000.0,605754000.0,385635000.0,170350000.0,461819000.0,0.0,188472000.0,1384317000.0,1559497000.0,13.941403912543153,2.2637804520105664,0.25485293384338115,0.47248222875952944,-0.0072871583059149715,13.941403912543153,-0.0073280572641699435,8.786469143325018,-77.96333633701283,2.285279172733486,0.0,0.0,0.0,0.14029074861624602,1.9705782213090695,-0.003952692354269513,60.85444874274661,0.5463818065261408,0.411764705882353,-2.1970400851065057,1.4832586461496233,0.6380015156509217,0.15734068297929552,0.394489155640431,0.24030010718113612,-2.1543087552630196,0.6671486430758756,0.36340705792098205,Software—Infrastructure,Technology,SNCR
2016Q1,2016,Q1,2016-05-10,2016-03-31,-7331000.0,142686000.0,-4665000.0,-0.17,74380000.0,0.5212844988295978,1133563000.0,627716000.0,390326000.0,165250000.0,447524000.0,0.0,194012000.0,1404299820.0000002,1580493820.0000002,14.455841374386846,2.3620332829046897,0.25519357988925184,0.46084216429085767,-0.008069290876181898,14.455841374386846,-0.011678848396408568,9.841889323409447,-47.88909493929887,2.237157918549153,0.0,0.0,0.0,0.12587390378832056,2.0295733736762482,-0.006467218848886211,57.136456180323876,0.5212844988295978,-2.416666666666667,-45.76602957322787,1.2903745053472548,0.7491585622458609,-0.17493067110371602,-2.3910815939278938,-1.3035330860823735,-14.520748259693534,0.6002844999253286,0.43341248347106626,Software—Infrastructure,Technology,SNCR
2015Q4,2015,Q4,2016-02-26,2015-12-31,5270000.0,157211000.0,15369000.0,0.12,90150000.0,0.5734331567129527,1015350000.0,609814000.0,406945000.0,80180000.0,344084000.0,0.0,201343000.0,1508442909.9999998,1604151909.9999998,14.242333652521195,5.075392866051384,0.23966415521741272,0.39904462672224644,0.01303751672838667,14.242333652521195,0.008641979357640198,9.595021404354656,71.55801280834915,2.473611478254025,0.0,0.0,0.0,0.1548342935933422,4.461000249438762,0.005190328458167135,27.581695191076975,0.5734331567129527,-0.42857142857142855,2.1473018607887995,1.748830876934287,0.8225269906603767,0.03103984628757034,-0.4536029030585796,-0.3106216919350498,0.35229560546985367,0.9012481582584249,0.44051490143955174,Software—Infrastructure,Technology,SNCR
2015Q3,2015,Q3,2015-11-05,2015-09-30,9645000.0,150874000.0,22294000.0,0.21,87436000.0,0.5795299388894044,921639000.0,595726000.0,404384000.0,70617000.0,325913000.0,0.0,196073000.0,1393704799.9999998,1494238799.9999998,14.020051304982232,5.72643980911112,0.264622048329118,0.409392908820498,0.012372779916613532,14.020051304982232,0.01619032911103427,9.237541259594098,36.12505961638154,2.339506417379802,0.0,0.0,0.0,0.16370183987439768,5.210784938470907,0.010465051934651203,-273.86614266064055,0.5795299388894044,-0.3636363636363637,2.348753986763425,1.522793479216573,1.5493350326651707,0.05471652593486128,-0.36353438036162067,-0.05685760216600389,0.3946918979166413,0.9620888145509908,0.42988463515404635,Software—Infrastructure,Technology,SNCR
2015Q2,2015,Q2,2015-07-31,2015-06-30,15154000.0,137820000.0,23638000.0,0.33,82900000.0,0.601509214918009,901779000.0,571922000.0,426809000.0,71833000.0,329857000.0,0.0,186428000.0,1914715099.9999998,1982498099.9999998,13.659469787437306,5.941684184149346,0.2703944092732255,0.4263448512209707,0.018687346564699094,13.659469787437306,0.026496620168484513,13.892868233928311,31.587618780519993,3.347860547417305,0.0,0.0,0.0,0.1528312369216848,5.267537204348976,0.016804560762670232,61.42419799820351,0.601509214918009,0.43478260869565216,2.82471412045621,1.7599064237005442,1.649766974915573,0.04577966721751965,0.43490199791686396,0.2924708841380064,0.16169494973492451,0.8845108722100726,0.4251482455225083,Software—Infrastructure,Technology,SNCR
2015Q1,2015,Q1,2015-05-01,2015-03-31,10561000.0,132926000.0,18289000.0,0.23,79271000.0,0.5963543625776748,846492000.0,535139000.0,379351000.0,58562000.0,311353000.0,0.0,171274000.0,1975569960.0,2067137960.0,12.855883342141931,6.477767152761176,0.2883134158385431,0.4560590799773517,0.013972137087229029,12.855883342141931,0.01973505948921682,14.862178655793448,46.765693589622195,3.6916949801827186,0.0,0.0,0.0,0.15703160809552838,5.898927632252997,0.012476195876629667,-81.1255732588699,0.5963543625776748,-0.23333333333333328,1.8811540129027624,1.826584205043889,1.5955465051210096,0.022020808890837126,-0.22459618208516888,-0.10746181250305012,0.7629325382616661,0.8844963963638919,0.4019896480179799,Software—Infrastructure,Technology,SNCR
2014Q4,2014,Q4,2015-02-25,2014-12-31,13620000.0,130211000.0,20491000.0,0.3,77563000.0,0.5956716406447996,862822000.0,529107000.0,441933000.0,87635000.0,333715000.0,0.0,160713000.0,1725050600.0,1728287600.0,12.83928658092696,5.042882409996007,0.2772344701456384,0.45209003093892164,0.01878718496744412,12.83928658092696,0.02574148518163623,13.24811728655797,31.663924375917766,3.2603057604605494,0.0,0.0,0.0,0.15091293453342636,4.626404975181149,0.015785411127671758,-74.63874177916234,0.5956716406447996,0.3636363636363636,1.2764024736410664,1.7545369711803736,1.7206692315220744,0.0386186210313475,0.4602766162753297,0.31201178127801255,0.5340895867834271,0.9369147912577171,0.46209825786693753,Software—Infrastructure,Technology,SNCR
2014Q3,2014,Q3,2014-10-31,2014-09-30,9327000.0,125175000.0,15618000.0,0.22,74679000.0,0.5965967645296585,857043000.0,504712000.0,440789000.0,109526000.0,352331000.0,0.0,147093000.0,1869334740.0,1842937740.0,12.360394778732887,4.024514727096762,0.2791295185889156,0.47398516381619615,0.013054979258494859,12.360394778732887,0.01847984593193742,14.933770641102457,50.105466387906084,3.703765196785494,0.0,0.0,0.0,0.1460545153510384,3.765672077862791,0.010882767842453647,112.10403238380809,0.5965967645296585,0.09999999999999995,1.253156749897197,1.8588012459961136,1.741060811788898,0.2013802866749248,0.11513629842180775,0.12895764059563394,1.400659215885136,0.9443829155933627,0.4465885037871274,Software—Infrastructure,Technology,SNCR
2014Q2,2014,Q2,2014-08-01,2014-06-30,8364000.0,103451000.0,13834000.0,0.2,62161000.0,0.6008738436554504,555577000.0,486607000.0,195646000.0,56135000.0,68970000.0,0.0,137767000.0,1403259440.0,1345577440.0,12.123047410249383,3.485276565422642,0.01666375677898833,0.019025620264402278,0.016511794135518572,12.123047410249383,0.01718840871586311,13.564484055253212,41.94343137254902,2.883763365508511,0.0,0.0,0.0,0.1862046125019574,2.977839137792821,0.01505461889171078,61.06172229232845,0.6008738436554504,0.05263157894736847,1.5074375734779213,1.5954546927955175,1.7841024463797825,0.06261752538548326,0.10284810126582279,0.11970861999190612,1.4415229175991706,0.7650569296595366,0.4243594229724964,Software—Infrastructure,Technology,SNCR
2014Q1,2014,Q1,2014-05-02,2014-03-31,7584000.0,98477000.0,12355000.0,0.19,58498000.0,0.5940270316926796,533540000.0,466462000.0,175098000.0,48066000.0,67078000.0,0.0,129402000.0,1363679010.0,1325655010.0,11.729286630289923,3.642866059168643,0.017331409078981893,0.019823694105843562,0.015118471422624003,11.729286630289923,0.016258559110924362,13.847690425175422,44.95249901107595,2.923451449421389,0.0,0.0,0.0,0.18457285301945497,3.1686431157158905,0.014214491884394796,-70.11203136246786,0.5940270316926796,-0.5128205128205129,1.7808869857632104,1.5719963711150602,1.8042197191698883,0.03062015503875969,-0.5222075222075222,-0.3905386740331492,49.566027441568586,0.7259773859837299,0.41924510701665996,Software—Infrastructure,Technology,SNCR
2013Q4,2013,Q4,2014-02-26,2013-12-31,15873000.0,97207000.0,20272000.0,0.39,56760000.0,0.5839085662555166,527019000.0,447639000.0,161627000.0,62841000.0,79380000.0,0.0,121818000.0,1223474460.0,1169214460.0,11.367743410025902,2.5719991725147593,0.01755534430447479,0.020668440417389907,0.0335666293542435,11.367743410025902,0.03545937686394617,12.586279383171993,19.269742014742015,2.733172176687018,0.0,0.0,0.0,0.18444686054961965,2.1888575929727407,0.03011845872729446,33.012451363967514,0.5839085662555166,3.333333333333334,3.6169200470298213,1.4269730417140334,1.8064167970705265,0.10036252253649458,3.4214484679665738,1.3157413753712588,4.757410799387224,0.8480989092768905,0.4546786849082353,Software—Infrastructure,Technology,SNCR
2013Q3,2013,Q3,2013-11-05,2013-09-30,3590000.0,89716000.0,8754000.0,0.09,51583000.0,0.5749587587498328,503743000.0,418863000.0,161505000.0,72484000.0,84880000.0,0.0,105945000.0,1482817600.0,1454987600.0,10.751103696098562,2.2281469013851334,0.01837643401496398,0.022100304872953686,0.00865803395849553,10.751103696098562,0.008570821485784134,16.52790583619421,103.26027855153204,3.5401016561501017,0.0,0.0,0.0,0.17809875273701073,1.8442000993322665,0.007126649898857155,-85.17045376220563,0.5749587587498328,0.0,0.22310831951385893,1.7147964525937134,1.7884807937376013,0.0675068810662031,0.05216881594372802,0.5447326627845421,0.359419402359526,0.6361201801084079,0.9549261765212065,Software—Infrastructure,Technology,SNCR
2013Q2,2013,Q2,2013-08-01,2013-06-30,3412000.0,83848000.0,5667000.0,0.09,48321000.0,0.5762928155710333,485400000.0,394200000.0,160913000.0,78836000.0,91200000.0,0.0,102355000.0,1183901210.0,1146957210.0,10.22541568312106,2.0411106601045206,0.01907704985578904,0.023490613901572806,0.00791647344751207,10.22541568312106,0.00865550481988838,14.119611797538402,86.74539932590856,3.003300887874176,0.0,0.0,0.0,0.1727400082406263,1.6895200162362372,0.007029254223320972,-136.61449457650588,0.5762928155710333,8.0,0.12234785333541183,1.8981962908008234,1.5802249837082447,0.04715570484342833,6.168067226890757,27.19402985074627,-0.06470625113321335,0.8236526942314121,0.9836032586592308,Software—Infrastructure,Technology,SNCR
2013Q1,2013,Q1,2013-05-03,2013-03-31,476000.0,78276000.0,201000.0,0.01,46145000.0,0.5895165823496347,467300000.0,384447000.0,159979000.0,69894000.0,82853000.0,0.0,98943000.0,1178320110.0,1145082110.0,10.084913827024474,2.288880304461041,0.03825807832227691,0.04650315908304656,-0.001145113378624014,10.084913827024474,0.0012381420585932522,15.053402192242833,618.8656039915967,3.0649741316748473,0.0,0.0,0.0,0.16750695484699338,1.9453601167482186,0.0010186175904130109,275.95318735362997,0.5895165823496347,-0.888888888888889,-0.9056751759221526,1.2944547425516308,1.4480386633442195,0.10133893410343922,-0.8619889823137141,-0.9696374622356495,-0.8582024328660257,0.8175275869274157,1.0360999039540704,Software—Infrastructure,Technology,SNCR
2012Q4,2012,Q4,2013-02-21,2012-12-31,3449000.0,73181000.0,6620000.0,0.09,41899000.0,0.5725393203153825,452439000.0,374657000.0,156904000.0,60648000.0,77782000.0,0.0,98467000.0,799184460.0,775975460.0,9.886974191164828,2.5871257090093653,0.028333101257849123,0.03421529559036666,0.008311891083840414,9.886974191164828,0.009205753529228066,10.920655088069308,57.928708321252536,2.1331096442879756,0.0,0.0,0.0,0.1617477715227909,2.2058600448489645,0.0076231270955863665,60.279413184492384,0.5725393203153825,-0.43750000000000006,-0.5526439222080942,0.7252524132785986,1.5364852118069068,0.05207784055241682,-0.4438890680425669,-0.40686318430248186,-0.37310140082629634,0.6835709951715615,1.095068624351319,Software—Infrastructure,Technology,SNCR
2012Q3,2012,Q3,2012-11-07,2012-09-30,6202000.0,68961000.0,11161000.0,0.16,39825000.0,0.5775003262713708,421933000.0,373640000.0,202882000.0,38180000.0,48293000.0,0.0,95018000.0,882558120.0,839079120.0,9.80502269924161,5.313829229963331,0.02193950224324715,0.024775184669735575,0.016007401800074674,9.80502269924161,0.01659886521785676,12.797931004480793,35.57554498548855,2.3620547050636977,0.0,0.0,0.0,0.1634406410496453,4.818779465688842,0.014699016194514294,58.98664082341933,0.5775003262713708,-0.48387096774193544,-0.34427589887216725,0.6935090845767066,1.7366089011871322,-0.013231249535419608,-0.48096074985354426,-0.27502435855797336,0.6054164920875983,0.6876269104525996,1.174377433788321,Software—Infrastructure,Technology,SNCR
2012Q2,2012,Q2,2012-08-03,2012-06-30,11949000.0,66990000.0,15395000.0,0.31,40359000.0,0.6024630541871921,412724000.0,367598000.0,183040000.0,33425000.0,45126000.0,0.0,88816000.0,708379910.0,682552910.0,9.584595729147654,5.4761406133133885,0.022421763696804643,0.025174239250485585,0.02929571094314835,9.584595729147654,0.03250561754960582,10.574412748171369,14.820903632103104,1.9270505008188292,0.0,0.0,0.0,0.1623118597416191,4.836888556469709,0.02895155115767438,-96.61482678668848,0.6024630541871921,1.214285714285714,0.8426113835406873,0.7928997021632338,1.8986854117124978,0.12298617101199254,1.179281415283604,0.8588505191982613,2.7489951143495737,0.758959924856889,1.2011376771917017,Software—Infrastructure,Technology,SNCR
2012Q1,2012,Q1,2012-05-09,2012-03-31,5483000.0,64560000.0,8282000.0,0.14,35939000.0,0.5566759603469641,399898000.0,349358000.0,206330000.0,32935000.0,50540000.0,0.0,76867000.0,1216120080.0,1150270080.0,9.169741987978687,6.2647639289509645,0.02312589710376146,0.02647141327807006,0.014600387330667663,9.169741987978687,0.01569450248741978,18.837052044609667,55.44957505015503,3.4810139742041115,0.0,0.0,0.0,0.16144116749771192,5.74428419614392,0.013710996304057534,694.1324657534246,0.5566759603469641,-0.35016325536062376,0.25105134227496917,1.551213509083766,1.9472400632366287,0.06246674155974694,-0.33199317738791423,0.1838193253287593,1.098622646999357,0.7600708788194153,1.1922877420341744,Software—Infrastructure,Technology,SNCR
2011Q4,2011,Q4,2012-02-28,2011-12-31,8208000.0,62151000.0,6996000.0,0.2154387254258642,33826000.0,0.5442551205933935,398618000.0,334563000.0,198320000.0,45434000.0,64055000.0,0.0,71384000.0,1150970790.0,1090781790.0,8.781411585605921,4.365012985869613,0.02318259586872645,0.02762110574092174,0.02308090385403964,8.781411585605921,0.024533495933501313,18.518942414442247,35.05637152777778,3.4402213932801895,0.0,0.0,0.0,0.15591619043796318,3.9248360258836996,0.020591142396981572,95.8423507369473,0.5442551205933935,1.3937636158429356,0.7086115956718575,1.576577196467984,1.959796467382966,0.07530915217598627,1.295944055944056,0.3905784138342278,1.467577281967286,0.6038199479995318,1.1679149578709596,Software—Infrastructure,Technology,SNCR
2011Q3,2011,Q3,2011-11-04,2011-09-30,3575000.0,59238000.0,5031000.0,0.09,31457000.0,0.5310273810729599,369470000.0,321043000.0,228140000.0,38371000.0,48427000.0,0.0,63176000.0,935943430.0,796567430.0,8.544513347350492,5.945636027208048,0.024995263485533332,0.02876561706687266,0.010548658843802277,8.544513347350492,0.011135579969038415,15.79971352847834,65.45058951048951,2.9153210940590513,0.0,0.0,0.0,0.16033236798657535,5.5313648328164495,0.009676022410479877,88.53040389708664,0.5310273810729599,0.5,-0.0378693337513858,1.6440270302052522,1.9871461161523523,0.08701060852137255,0.11579275905118602,0.09393346379647749,0.2629599928186542,0.8587065692171136,1.2161642222433082,Software—Infrastructure,Technology,SNCR
2011Q2,2011,Q2,2011-08-05,2011-06-30,3204000.0,54817000.0,4599000.0,0.06,28939000.0,0.5279201707499498,369524000.0,319520000.0,231210000.0,39717000.0,50004000.0,0.0,59601000.0,1191175930.0,1046994930.0,8.511227724354706,5.821436664400634,0.02496996135569002,0.02887769153730596,0.009327900765288909,8.511227724354706,0.010027541311967952,21.73004597114034,92.94443898252185,3.7280168064596895,0.0,0.0,0.0,0.14834489776036197,5.352216934813808,0.008670614087312326,658.472045328911,0.5279201707499498,0.4999999999999999,0.3886169049010616,0.9450784842475066,1.4673703609370055,0.023773304560087735,22.050359712230215,1.6385542168674698,0.08228284889929342,0.9457191948441941,1.1476762507230664,Software—Infrastructure,Technology,SNCR
2011Q1,2011,Q1,2011-05-06,2011-03-31,139000.0,52878000.0,1743000.0,0.04,28267000.0,0.5345701425923824,370182000.0,304603000.0,245149000.0,32268000.0,65579000.0,0.0,56397000.0,1280780750.0,1105421750.0,8.264454513389587,7.5972790380562785,0.02489586203543122,0.030255775550470612,0.0004641103476051013,8.264454513389587,0.00045633168419221084,24.2214295170014,2303.5625,4.204754221068079,0.0,0.0,0.0,0.14284325007698917,7.172059005826205,0.00037549097470973737,369.8471700837424,0.5345701425923824,1.3728578654527062,-0.9456054974138377,1.0121468828072984,83.5061183267454,0.10194136909402776,1.0351542741527566,1.538627935723115,-0.9715109377991573,0.6031353613625902,1.0061355532867906,Software—Infrastructure,Technology,SNCR
2010Q4,2010,Q4,2011-03-04,2010-12-31,-3954000.0,49231000.0,-3236000.0,-0.10727948557940147,25652000.0,0.5210538075602771,340399000.0,288023000.0,228951000.0,25155000.0,52376000.0,0.0,56258000.0,984450470.0,813288470.0,7.814607808557398,9.101610017889088,0.02704179506990326,0.0319592532540804,-0.012022778932189086,7.814607808557398,-0.013728070327716883,19.996556438016697,-62.243959914011135,3.417957836700541,0.0,0.0,0.0,0.14462733439287426,8.62941761081296,-0.011615780304877511,252.03545058883768,0.5210538075602771,-3.145589711588029,-1.7614530078798007,1.1731356196984795,36.43082771425088,0.19461649513342336,-2.8468005604857543,-2.1553016779721528,-1.5272872630593488,0.19328293377404915,1.0048233928019734,Software—Infrastructure,Technology,SNCR
2010Q3,2010,Q3,2010-11-04,2010-09-30,2141000.0,44456000.0,2801000.0,0.05,21473000.0,0.4830169156019435,220729000.0,173707000.0,112046000.0,25316000.0,47022000.0,0.0,60212000.0,562546660.0,508624660.0,5.499493446463623,4.42589666613999,0.04165288657131596,0.05292820669287939,0.00986370331589898,5.499493446463623,0.012325352461328558,12.654009807450063,65.68737272302661,3.2384800842798507,0.0,0.0,0.0,0.20140534320365697,4.094090693632485,0.009699676979463504,1090.2067054263566,0.4830169156019435,-0.4444444444444444,-0.5190402827409729,1.2900024601706443,0.0,0.17951112331776983,-0.27497460209955976,-0.44786122609895523,-0.7269034707456793,0.3171174174829045,0.5349238017344641,Software—Infrastructure,Technology,SNCR
2010Q2,2010,Q2,2010-08-06,2010-06-30,2953000.0,37218000.0,5073000.0,0.09,18205000.0,0.48914503734752,186511000.0,160866000.0,132466000.0,14859000.0,25645000.0,0.0,58070000.0,591977820.0,508990820.0,5.154970198038838,8.914866410929402,0.04922497868758411,0.0570723459276665,0.017050972102054238,5.154970198038838,0.018356893314932926,15.905685958407222,50.11664578394852,3.6799436798329044,0.0,0.0,0.0,0.19954855209612302,8.395383269399018,0.01583284632005619,-308.80428794992173,0.48914503734752,0.0,-0.3325090507608513,0.9284515750013114,0.0,0.045003157109235976,0.08049762166117819,0.08745980707395498,-0.44033664447371185,0.22422229699314467,0.5590263098344259,Software—Infrastructure,Technology,SNCR
2010Q1,2010,Q1,2010-05-04,2010-03-31,2733000.0,35063000.0,4665000.0,0.09,17421000.0,0.4968485297892365,179294000.0,153723000.0,128982000.0,14776000.0,25571000.0,0.0,55117000.0,600236240.0,517007240.0,4.953054517334708,8.72915538711424,0.05112273695717648,0.059626731198324255,0.016459570224366362,4.953054517334708,0.01777873187486583,17.118793029689417,54.90635199414563,3.9046612413236796,0.0,0.0,0.0,0.19556148002721788,8.360652409312399,0.015243120238267873,157.37709491347667,0.4968485297892365,-0.3801065246338216,-0.37885366508355817,0.8266069188984329,0.0,-0.04933151432469304,-0.39347536617842876,-0.20446793997271487,-0.23450148501071785,0.7009055154430063,0.5919576284721464,Software—Infrastructure,Technology,SNCR
2009Q4,2009,Q4,2010-03-09,2009-12-31,4506000.0,35601000.0,5864000.0,0.14518623533960562,18325000.0,0.5147327322266229,172559000.0,146464000.0,123952000.0,15616000.0,26095000.0,0.0,52384000.0,490679160.0,409905160.0,4.719164840830004,7.9375,0.05302534205691966,0.06247268953462967,0.027953614541697615,4.719164840830004,0.030765239239676643,13.782735316423697,27.223655126498002,3.350169051780642,0.0,0.0,0.0,0.2063120439965461,7.583311987704918,0.026112807793276502,43.82629153269025,0.5147327322266229,0.4518623533960561,744.64389740946,0.7285616100290445,3.698321312204876,0.12375053657938309,0.44007670182166825,0.09627967844456908,0.15144983680548668,0.8117783623421849,0.5906061672114143,Software—Infrastructure,Technology,SNCR
2009Q3,2009,Q3,2009-11-04,2009-09-30,3129000.0,33097000.0,5349000.0,0.1,16307000.0,0.4927032661570535,163931000.0,139181000.0,114779000.0,14289000.0,24750000.0,0.0,47878000.0,384886550.0,315238550.0,4.509347156973918,8.032682483028903,0.05572466464549109,0.06563395865815018,0.020422645738904874,4.509347156973918,0.02248151687371121,11.629046439254314,30.751562000639183,2.7653670400413852,0.0,0.0,0.0,0.20189591962472014,7.736720554272518,0.019087298924547524,56.86858008274232,0.4927032661570535,0.25000000000000006,1039.5056212538475,0.6158861486547511,0.0,0.061377245508982034,0.22369964802502934,0.1870838881491345,0.02511636215315541,0.7983065430303571,0.5764594540090613,Software—Infrastructure,Technology,SNCR
2009Q2,2009,Q2,2009-08-03,2009-06-30,2557000.0,30554000.0,4506000.0,0.08,15364000.0,0.5028474176867186,157001000.0,133980000.0,109287000.0,12896000.0,23021000.0,0.0,44749000.0,377535630.0,313369630.0,4.354382657869934,8.474488213399503,0.05754103477047917,0.06742797432452605,0.017167571888799957,4.354382657869934,0.019084938050455292,12.356340577338482,36.911970082127496,2.817850649350649,0.0,0.0,0.0,0.194610225412577,7.984258684863524,0.016286520468022498,96.21193425076453,0.5028474176867186,0.14285714285714277,426.65419740648053,0.4966043126594599,0.0,0.07036366169708792,0.21472684085510688,0.3535596275157705,0.3521134216629873,0.32276408711065563,0.26231785332954904,Software—Infrastructure,Technology,SNCR
2009Q1,2009,Q1,2009-05-08,2009-03-31,2105000.0,29553000.0,3329000.0,0.07,14354000.0,0.4857036510675735,149665000.0,128393000.0,102998000.0,11353000.0,21272000.0,0.0,42192000.0,376332960.0,317098960.0,4.182727391191035,9.072315687483485,0.058851434871212374,0.06860187081850257,0.013803257127414027,4.182727391191035,0.01639497480392233,12.734171150137042,44.69512589073634,2.931101851347036,0.0,0.0,0.0,0.1974609962249023,8.673302210869373,0.014064744596264991,-88.50728127939793,0.4857036510675735,-0.1982388059701492,352.2447875944748,0.4508021721883432,0.0,-0.13074547326348937,-0.21455223880597016,-0.21448796602170836,-0.010922081866811607,0.3502818495414151,42.757214648228114,Software—Infrastructure,Technology,SNCR
2008Q4,2008,Q4,2009-03-13,2008-12-31,2680000.0,31222000.0,4238000.0,0.0873077925462601,16513000.0,0.5288898853372622,145319000.0,124338000.0,104178000.0,12930000.0,20981000.0,0.0,40087000.0,327219360.0,261701360.0,4.050625488663018,8.05707656612529,0.04600224334051294,0.053764738052727246,0.018115024478658422,4.050625488663018,0.021554150782544353,10.48040996733073,30.524194029850747,2.631692322540173,0.0,0.0,0.0,0.2148514647086754,7.7166279969064195,0.018442185811903468,56.6417448502683,0.5288898853372622,0.24725417923228704,448.1905134219442,0.5327359462682111,3.316064272486267,0.2912887081639037,0.14578879863189398,0.2029520295202952,-0.38030294527754294,0.6548060070906788,19.36522284158831,Software—Infrastructure,Technology,SNCR
2008Q3,2008,Q3,2008-11-10,2008-09-30,2339000.0,26335000.0,3523000.0,0.07,12788000.0,0.485589519650655,132112000.0,119703000.0,99703000.0,10956000.0,12409000.0,0.0,37407000.0,292152270.0,224382270.0,3.8555415982220502,9.100310332238044,0.0,0.0,0.017179815192755972,3.8555415982220502,0.019540028236552133,11.093687867856465,31.22619388627619,2.4406428410315533,0.0,0.0,0.0,0.1993384401114206,8.435012778386273,0.017704674821363692,34.395134212385216,0.485589519650655,-0.12499999999999993,772.7562405385383,0.2782096458583187,0.0,0.02714859437751004,-0.08454011741682975,-0.05321150228433217,-0.46543902860938324,0.38011055451449427,0.0,Software—Infrastructure,Technology,SNCR
2008Q2,2008,Q2,2008-08-06,2008-06-30,2555000.0,24315000.0,3721000.0,0.08,12450000.0,0.5120296113510179,136752000.0,128401000.0,122104000.0,7654000.0,8351000.0,0.0,35068000.0,292572000.0,201729000.0,3.962993827160494,15.952965769532272,0.0,0.0,0.01702913674872075,3.962993827160494,0.019898598920569156,12.03257248611968,28.62739726027397,2.278580384887968,0.0,0.0,0.0,0.1778036153036153,15.008884243532794,0.018683456183456182,106.62244897959184,0.5120296113510179,-0.38461538461538464,404.9108024691358,0.13104937363433772,0.0,-0.20715786792332674,-0.40664189503019044,-0.4318216521606352,-0.44375524005928463,0.21345331977986545,0.0,Software—Infrastructure,Technology,SNCR
2008Q1,2008,Q1,2008-05-08,2008-03-31,4306000.0,29110000.0,6549000.0,0.13,15703000.0,0.5394366197183098,142965000.0,134002000.0,129942000.0,8275000.0,8963000.0,0.0,32513000.0,651535840.0,551344840.0,4.119589276930644,15.70296072507553,0.0,0.0,0.028453836594658964,4.119589276930644,0.03213384874852614,22.381856406733082,37.827208546214585,4.86213519201206,0.0,0.0,0.0,0.20361626971636415,15.321812688821753,0.03011925995873116,132.66867033190798,0.5394366197183098,-0.3610395889996978,679.0414412198721,0.3485692531019872,0.0,-0.24700297305073368,-0.3493502568751889,-0.3753934191702432,-0.06623691073470538,0.446926977464967,0.0,Software—Infrastructure,Technology,SNCR
2007Q4,2007,Q4,2008-02-29,2007-12-31,6618000.0,36411000.0,10485000.0,0.20345548450565668,20854000.0,0.5727390074428057,139018000.0,126791000.0,124553000.0,11549000.0,12227000.0,0.0,28207000.0,1152792320.0,1060036320.0,3.897903344810625,10.784743267815395,0.0,0.0,0.04737504006582604,3.897903344810625,0.05219613379498545,31.660550932410537,43.5476095497129,9.092067418034402,0.0,0.0,0.0,0.26191572314376554,10.508009351459,0.047605346070293056,235.98614534288637,0.5727390074428057,-0.15226881455976382,1043.0989916379735,0.6868002430332002,3.228740894409469,0.1047891502436957,-0.17357642357642358,0.09664261060558518,1043.0989916379735,0.6868002430332002,3.228740894409469,Software—Infrastructure,Technology,SNCR
2007Q3,2007,Q3,2007-10-29,2007-09-30,8008000.0,34477000.0,9561000.0,0.24,18876000.0,0.5474954317371001,128093000.0,115599000.0,113050000.0,11700000.0,12494000.0,0.0,21589000.0,1379931280.0,1297318280.0,3.5829097446069924,9.662393162393162,0.0012959334233720813,0.0014359985813026065,0.06283284736610599,3.5829097446069924,0.06927395565705585,40.02469124343765,43.079772727272726,11.937225062500541,0.0,0.0,0.0,0.2691560038409593,9.416923076923077,0.06251707743592547,140.88119244512507,0.5474954317371001,0.4999999999999999,2543.584676419539,0.6102735872710041,0.0,0.1225023786869648,0.4731420161883738,0.14338674958143985,2543.584676419539,0.6102735872710041,0.0,Software—Infrastructure,Technology,SNCR
2007Q2,2007,Q2,2007-07-30,2007-06-30,5436000.0,31321000.0,8362000.0,0.16,16816000.0,0.5368921809648479,117455000.0,106305000.0,102579000.0,11150000.0,11150000.0,0.0,13581000.0,943281000.0,870450000.0,3.3065318818040437,9.199910313901345,0.002835128347026521,0.0031324961196557075,0.045790416067969575,3.3065318818040437,0.05113588260194723,30.116567159413812,43.381208609271525,8.873345562297164,0.0,0.0,0.0,0.2666638287003533,8.96591928251121,0.04628155463794645,-1499.651828298887,0.5368921809648479,0.4545454545454546,867.0401866251945,0.4682734378056737,0.0,0.4388636947035167,0.4715755278830536,0.5405305821665438,867.0401866251945,0.4682734378056737,0.0,Software—Infrastructure,Technology,SNCR
2007Q1,2007,Q1,2007-05-04,2007-03-31,3694000.0,21329000.0,5428000.0,0.11,11687000.0,0.5479394251957429,110655000.0,99910000.0,99040000.0,10745000.0,10745000.0,0.0,8145000.0,558748800.0,485350800.0,3.1112979571499753,9.217310376919498,0.004518548642176133,0.005004504053648284,0.031412865267191364,3.1112979571499753,0.03697327594835352,26.196671198837265,37.814618299945856,5.592521269142227,0.0,0.0,0.0,0.1927522479779495,9.008655188459748,0.03338303736839727,-550.4914285714286,0.5479394251957429,-0.12760681649790073,590.2086447433982,0.0009019806083239232,0.0,-0.007810510230070464,-0.08767596937515436,-0.10650205761316872,590.2086447433982,0.0009019806083239232,0.0,Software—Infrastructure,Technology,SNCR
