Year,Date,FillingDate,NetIncome,Revenue,OperatingIncome,EPSDiluted,GrossProfit,GrossProfitRatio,TotalAssets,CommonStockEquity,CurrentAssets,CurrentLiability,TotalLiability,Inventory,RetainedEarnings,EnterpriseValue,bookValuePerShare,currentRatio,debtToAssets,debtToEquity,roic,shareholdersEquityPerShare,roe,priceToSalesRatio,peRatio,pbRatio,payoutRatio,inventoryTurnover,dividendYield,assetTurnover,quickRatio,returnOnAssets,priceToFreeCashFlowsRatio,grossProfitMargin,epsdilutedGrowth,fiveYNetIncomeGrowthPerShare,fiveYRevenueGrowthPerShare,fiveYShareholdersEquityGrowthPerShare,grossProfitGrowth,netIncomeGrowth,operatingIncomeGrowth,threeYNetIncomeGrowthPerShare,threeYRevenueGrowthPerShare,threeYShareholdersEquityGrowthPerShare,Industry,Sector,Price,MarketCap,AvgVolume,Symbol
2022,2022-12-31,2023-03-15,-7716000.0,252628000.0,7139000.0,-0.0895,160926000.0,0.6370077743,398072000.0,136445000.0,68945000.0,80507000.0,249127000.0,-36342000.0,-376629000.0,201096999.2,1.5823012338806939,0.8563851590544922,0.4263500070339034,1.2438564989556231,0.028007457466277634,1.5823012338806939,-0.05655025834585364,0.21098215241382584,-6.907724105754276,0.39063358276228516,-0.8365733540694661,-2.5233063672885367,0.12110694365638941,0.6346289113527201,0.8563851590544922,-0.01938342812355554,-14.00052513790386,0.6370077742768022,0.7513888888888888,0.9634773869118232,-0.674760431511718,-0.8475371099357474,-0.062011482528487746,0.6659451034721621,1.3824600878602806,0.9648049434998536,-0.6138661759429542,-0.7681263025566144,Software—Infrastructure,Technology,0.9211,86114192,110513,SNCR
2021,2021-12-31,2022-03-15,-23098000.0,280615000.0,-18666000.0,-0.36,171565000.0,0.61138927,450734000.0,163328000.0,79090000.0,73013000.0,274906000.0,0.0,-368713000.0,295645960.0,2.5230636141749314,1.0832317532494213,0.3920050406670009,1.0818108346394983,-0.03786370797962152,2.5230636141749314,-0.14142094435736677,0.5628742583254637,-6.8382959563598575,0.9670782719435735,-0.07710624296475885,0.0,0.011275651632633318,0.6225734024945977,1.0832317532494213,-0.051245302107229544,-8.080159607120933,0.6113892699962582,-0.43999999999999995,-1.7936871805619587,-0.6038266439519532,-0.8327044661387795,0.010079303868639353,-1.229967175130334,0.35712071637678666,0.9341229903123306,-0.46416325825127036,-0.7219751111095567,Software—Infrastructure,Technology,0.9211,86114192,110513,SNCR
2020,2020-12-31,2021-03-16,-10358000.0,291670000.0,-29035000.0,-0.25,169853000.0,0.5823464875,482255000.0,280923000.0,81520000.0,92075000.0,201332000.0,0.0,-345771000.0,217767000.0,6.696615017878426,0.885365191420038,0.11254004624109651,0.19319528838863317,-0.021153591113916747,6.696615017878426,-0.03687131349159734,0.6759865601535983,-19.035045375555125,0.7018471253688734,0.0,0.0,0.0,0.6048045121356959,0.885365191420038,-0.021478263574250138,-10.649508480069137,0.5823464874687146,0.9015748031496063,-1.2569645320997624,-0.4920931402801951,-0.5356622356719075,0.07269707342334945,0.8998840131451769,0.7287285229788943,0.8992182201400368,-0.22811936099022959,-0.3547465821224249,Software—Infrastructure,Technology,0.9211,86114192,110513,SNCR
2019,2019-12-31,2020-03-16,-103460000.0,308749000.0,-107033000.0,-2.54,158342000.0,0.512850244,523017000.0,277695000.0,133891000.0,144219000.0,232822000.0,24235000.0,-334312000.0,215282500.0,6.823978964957979,0.9283866896872118,0.11658512056013476,0.21957903455229658,-0.2735484015182923,6.823978964957979,-0.3725670249734421,0.6260635661977852,-1.8683210902764353,0.6960748302994293,-0.06838391648946453,6.206189395502372,0.03660180086033632,0.5903230678926307,0.7271163993648548,-0.19781383779112344,18.146498310176494,0.5128502440493734,0.5801652892561984,-3.6419411360472607,-0.3294433071491077,-0.4787224856112817,-0.05205433526703664,0.5257500401090968,0.3484562565438652,-6.655220273165621,-0.30660292591600746,-0.5475257945988388,Software—Infrastructure,Technology,0.9211,86114192,110513,SNCR
2018,2018-12-31,2019-03-18,-218155000.0,325839000.0,-164276000.0,-6.05,167037000.0,0.5126366088773904,703255000.0,365512000.0,294454000.0,243764000.0,325243000.0,0.0,-233299000.0,266565780.0,9.07495593018348,1.207947030734645,0.17495218661794085,0.3366127514281337,-0.3074165944916616,9.07495593018348,-0.5968477095143251,0.7589661765473132,-1.1336012468199217,0.6765873076670533,-0.03243106965231143,0.0,0.02860888671681505,0.4633298021343609,0.9632226251620419,-0.3102075349624247,-4.30860114640138,0.5126366088773904,-1.4693877551020407,-10.0209376818136,-0.09861329157798504,-0.21156532142917464,-0.24386169808245967,-0.9934117948061917,-0.2675421675591426,-6.636860642096308,-0.40902347346939005,-0.3707500376313462,Software—Infrastructure,Technology,0.9211,86114192,110513,SNCR
2017,2017-12-31,2018-07-02,-109438000.0,402361000.0,-129602000.0,-2.45,220908000.0,0.5490293542366184,965411000.0,463587000.0,370979000.0,192486000.0,476544000.0,0.0,-5014000.0,481928860.0,10.378271284335893,1.927303803913012,0.24744590645849282,0.5153013350244938,-0.15396592754223595,10.378271284335893,-0.23606787938402068,0.9924939544339536,-3.6490146018750336,0.8614151389059658,0.0,0.0,0.0,0.4167768960577412,1.2343547063163036,-0.11335897353562369,-10.10529024748216,0.5490293542366184,-6.444444444444445,-4.455187836626806,0.25705436356446587,0.058029268651618546,-0.21816869107279369,-6.586992035940372,-0.8048155523680876,-3.5459094980075565,-0.2038956967596339,-0.2072133448049485,Software—Infrastructure,Technology,0.9211,86114192,110513,SNCR
2016,2016-12-31,2017-02-27,19588000.0,476750000.0,-71809000.0,0.45,282552000.0,0.5926628211851075,1164729000.0,657115000.0,364453000.0,153607000.0,457758000.0,0.0,220453000.0,1755163299.9999998,15.081476211241423,2.372632757621723,0.22959160457067695,0.40694855542789315,-0.06844706710440948,15.081476211241423,0.02980908973315173,3.5003026743576293,85.19345007147231,2.5395391978573003,0.0,0.0,0.0,0.4093226836457236,2.1532677547247197,0.016817645993188114,19.85519173795614,0.5926628211851075,-0.4943820224719101,0.11074613800106445,0.7850268648436627,0.6846600758796233,-0.1683703352690305,-0.5178931823775536,-1.9022364618670686,-0.25125110545954654,0.21915345775521616,0.3102828201550583,Software—Infrastructure,Technology,0.9211,86114192,110513,SNCR
2015,2015-12-31,2016-02-26,40630000.0,578831000.0,79590000.0,0.89,339757000.0,0.5869709811672146,1015350000.0,609814000.0,406945000.0,80180000.0,344084000.0,0.0,201343000.0,1585374319.9999998,14.421861697095828,5.075392866051384,0.23966415521741272,0.39904462672224644,0.05619869592332685,14.421861697095828,0.06662687311212927,2.5735755686893063,36.66417228648781,2.44281915469307,0.0,0.0,0.0,0.5700802678879204,4.461000249438762,0.040015758112965975,26.40267489055493,0.5869709811672146,-0.03260869565217394,6.929893638546188,1.6369686175425022,0.6008490305213497,0.2449871747893001,0.044607275999485795,0.27756910334200136,0.3551285738942153,0.9103816120015386,0.47025948406295665,Software—Infrastructure,Technology,0.9211,86114192,110513,SNCR
2014,2014-12-31,2015-02-25,38895000.0,457314000.0,62298000.0,0.92,272900000.0,0.5967453434620414,862822000.0,529107000.0,441933000.0,87635000.0,333715000.0,0.0,160713000.0,1695134480.0,13.09087535256569,5.042882409996007,0.2772344701456384,0.45209003093892164,0.051448515808923165,13.09087535256569,0.0735106509647387,3.6996406845187333,43.49909962720144,3.1976471299756004,0.0,0.0,0.0,0.5300212558326051,4.626404975181149,0.04507882274675425,-582.2083551273228,0.5967453434620414,0.5862068965517243,1.4113139973203421,1.7067050878814813,1.7540497476417862,0.3456010334847073,0.6656674232366923,0.7853499168911561,1.3776131845852257,0.8458281282402252,0.46230214840279676,Software—Infrastructure,Technology,0.9211,86114192,110513,SNCR
2013,2013-12-31,2014-02-26,23351000.0,349047000.0,34894000.0,0.58,202809000.0,0.5810363647302512,527019000.0,447639000.0,161627000.0,62841000.0,79380000.0,0.0,121818000.0,1154083370.0,11.51009230927464,2.5719991725147593,0.01755534430447479,0.020668440417389907,0.05055040554063326,11.51009230927464,0.052164802441252885,3.4618357126690675,51.74696458395786,2.6993701844566713,0.0,0.0,0.0,0.66230439509771,2.1888575929727407,0.04430770048138682,79.20966043920026,0.5810363647302512,-0.15942028985507245,0.5980415370524907,1.556997968854074,1.9270022738579906,0.2834225614154991,-0.13779861905992688,-0.1583289111872256,3.9551063230651113,0.7288767846306876,0.27763810952534873,Software—Infrastructure,Technology,0.9211,86114192,110513,SNCR
2012,2012-12-31,2013-02-21,27083000.0,273692000.0,41458000.0,0.69,158022000.0,0.5773716440378235,452439000.0,374657000.0,156904000.0,60648000.0,77782000.0,0.0,98467000.0,782323550.0,9.809058777326875,2.5871257090093653,0.028333101257849123,0.03421529559036666,0.0662880947625899,9.809058777326875,0.07228745225633046,2.9432082413808223,29.74310637669387,2.1500533821602157,0.0,0.0,0.0,0.6049257468962667,2.2058600448489645,0.05986000322695435,35.58005962897526,0.5773716440378235,0.6046511627906975,-0.03844291004009195,0.8685862914567885,1.4922812227333586,0.2900913551420944,0.7904931905328574,1.2569546518591104,0.7767448540365705,0.7141816857903412,1.06362333478379,Software—Infrastructure,Technology,0.9211,86114192,110513,SNCR
2011,2011-12-31,2012-02-28,15126000.0,229084000.0,18369000.0,0.43,122489000.0,0.5346903319306455,398618000.0,334563000.0,198320000.0,45434000.0,64055000.0,0.0,71384000.0,1068819120.0,8.952236968853688,4.365012985869613,0.02318259586872645,0.02762110574092174,0.042867733605742524,8.952236968853688,0.04521121582482223,4.928358680658623,74.64023006743356,3.374575550793124,0.0,0.0,0.0,0.5746955732054247,3.9248360258836996,0.03794610378858958,40.53452482676911,0.5346903319306455,2.5833333333333335,0.08739862696366832,1.306792294993101,1.5603324438962276,0.4801938321732405,2.90449148167269,0.9745243469848436,0.0772324956727717,0.74640111955656,1.276542816501671,Software—Infrastructure,Technology,0.9211,86114192,110513,SNCR
2010,2010-12-31,2011-03-04,3874000.0,165969000.0,9303000.0,0.12,82752000.0,0.4985991359832258,340399000.0,288023000.0,228951000.0,25155000.0,52376000.0,0.0,56258000.0,682783410.0,9.008883050264302,9.101610017889088,0.02704179506990326,0.0319592532540804,0.012928522918672043,9.008883050264302,0.013450314731809613,5.145210310359164,220.42989416623644,2.9648514528353638,0.0,0.0,0.0,0.48757193763788964,8.62941761081296,0.01138076198813745,135.1393274252255,0.4985991359832258,-0.6923076923076923,-0.7863374045589866,1.0984013419175402,41.59183407269582,0.285967365967366,-0.684963812311946,-0.5116022679546409,-0.8356808366632605,0.35371838249783805,1.2889729354943529,Software—Infrastructure,Technology,0.9211,86114192,110513,SNCR
2009,2009-12-31,2010-03-09,12297000.0,128805000.0,19048000.0,0.39,64350000.0,0.4995924071270525,172559000.0,146464000.0,123952000.0,15616000.0,26095000.0,0.0,52384000.0,406379530.0,4.7533184045695,7.9375,0.05302534205691966,0.06247268953462967,0.07548605378657616,4.7533184045695,0.08395919816473672,3.782101083032491,39.61564040009758,3.3260974027747436,0.0,0.0,0.0,0.7464403479389659,7.583311987704918,0.07126258265288973,27.62267691086414,0.4995924071270525,0.054054054054054106,585.0321014785039,0.5748642625924568,3.7178496169016495,0.12002645594736659,0.0351010101010101,0.056402861738117684,0.07220101373849334,0.5731089889215635,0.35944517216535365,Software—Infrastructure,Technology,0.9211,86114192,110513,SNCR
2008,2008-12-31,2009-03-13,11880000.0,110982000.0,18031000.0,0.37,57454000.0,0.5176875529365123,145319000.0,124338000.0,104178000.0,12930000.0,20981000.0,0.0,40087000.0,271540540.0,3.9323824282867896,8.05707656612529,0.04600224334051294,0.053764738052727246,0.07661176686531909,3.9323824282867896,0.09554601167784588,3.037055918977852,28.371930976430974,2.710824848397111,0.0,0.0,0.0,0.763712934991295,7.7166279969064195,0.08175118188261686,15.3725503967892,0.5176875529365123,-0.4788732394366197,4.540581775907327,1.0864752454378217,0.0,-0.15797341462342268,-0.49991581074254926,-0.46710604090318003,-0.33748851132804286,0.41880338157052216,18.718357997190232,Software—Infrastructure,Technology,0.9211,86114192,110513,SNCR
TTM,,,,,,,,,,,,,,,,233905192.0,1.4904220760453637,1.2024775993745866,0.41742625770132036,1.2670431187608107,-0.005077123758087222,1.4904220760453637,-0.11539363214113027,0.35224850492903015,-5.05847699193702,0.6180128534086237,-0.4426385626309441,0.0,0.0,0.6247173094761697,0.7648686030428768,-0.04025001980430788,782.856290909091,0.6431300364052849,,,,,,,,,,,Software—Infrastructure,Technology,0.9211,86114192,110513,SNCR
