Quarters,Year,Quarter,FillingDate,Date,NetIncome,Revenue,OperatingIncome,EPSDiluted,GrossProfit,GrossProfitRatio,TotalAssets,CommonStockEquity,CurrentAssets,CurrentLiability,TotalLiability,Inventory,RetainedEarnings,MarketCap,EnterpriseValue,bookValuePerShare,currentRatio,debtToAssets,debtToEquity,roic,shareholdersEquityPerShare,roe,priceToSalesRatio,peRatio,pbRatio,payoutRatio,inventoryTurnover,dividendYield,assetTurnover,quickRatio,returnOnAssets,priceToFreeCashFlowsRatio,grossProfitMargin,epsdilutedGrowth,fiveYNetIncomeGrowthPerShare,fiveYRevenueGrowthPerShare,fiveYShareholdersEquityGrowthPerShare,grossProfitGrowth,netIncomeGrowth,operatingIncomeGrowth,threeYNetIncomeGrowthPerShare,threeYRevenueGrowthPerShare,threeYShareholdersEquityGrowthPerShare,Industry,Sector,Symbol
2023Q1,2023,Q1,2023-05-10,2023-03-31,6446000.0,29494000.0,20562000.0,0.3,29494000.0,1.0,3232751000.0,353911000.0,175557000.0,0.0,85199000.0,0.0,142523000.0,326649256.05,236291256.05,16.41440031070905,0.0,0.026354952794075386,0.24073566518135917,0.03773991595186492,16.41440031070905,0.018213618678142245,11.075108701769851,12.668680423906299,0.9229700575850992,0.33136829041265903,0.0,0.006539124031168905,0.009123498840461267,0.0,0.0019939673671124066,14.830840229284904,1.0,-0.36170212765957444,0.09147878027724929,0.14496285232050024,0.2876546357196065,-0.05601075406478044,-0.3761734249491919,-0.07777179763186222,3.0853259936426443,0.11649707471863008,0.09470480025397766,Banks—Regional,Financial Services,CSTR
2022Q4,2022,Q4,2023-03-03,2022-12-31,10333000.0,31244000.0,22296000.0,0.47,31244000.0,1.0,3117169000.0,354182000.0,537765000.0,0.0,2762987000.0,0.0,141657000.0,386530618.66,295891618.66,16.182040485392683,0.0,0.01432902739633302,0.12611030487150673,0.04420148300751711,16.182040485392683,0.029174266337645617,12.371355097298682,9.351848898190264,1.0913333220208818,0.21010355172747508,0.0,0.005616631374575929,0.010023197330654834,0.0,0.0033148667909888747,9.141729782413321,1.0,0.27027027027027023,57.51817376610929,0.22811506626139677,0.2558011587986553,0.08392020815264527,0.26119858415720737,0.45782659866614356,0.5981348154122914,0.17465053831370514,0.08756959580143349,Banks—Regional,Financial Services,CSTR
2022Q3,2022,Q3,2022-11-14,2022-09-30,8193000.0,28825000.0,15294000.0,0.37,28825000.0,1.0,3166687000.0,347518000.0,609192000.0,0.0,2819169000.0,0.0,133497000.0,406515939.27000004,356235939.27000004,15.840728291155648,0.0,0.04725222290677923,0.43057625792045306,0.02465456603694987,15.840728291155648,0.023575757226963784,14.102894684128362,12.404367730684731,1.1697694486904275,0.26534846820456487,0.0,0.0053478837850834465,0.009102573130846213,0.0,0.0025872465450485003,14.38129052499381,1.0,-0.1777777777777778,-0.0467618699485961,0.042569233623767265,0.2390317912196786,-0.04918195012534635,-0.17839951865222622,0.032820097244732574,0.024712976322517143,-0.026429079699214195,0.04834597138190128,Banks—Regional,Financial Services,CSTR
2022Q2,2022,Q2,2022-08-05,2022-06-30,9972000.0,30316000.0,14808000.0,0.45,30316000.0,1.0,3096537000.0,357735000.0,482854000.0,0.0,2738802000.0,0.0,127630000.0,432073778.58000004,392847778.58000004,16.244356977798994,0.0,0.024091105644789647,0.20853145484786226,0.02754911503572427,16.244356977798994,0.027875382615623296,14.252334693891017,10.832174553249098,1.2078040409241477,0.2190132370637786,0.0,0.0050546922962501056,0.009790291541809448,0.0,0.0032203716603418594,-5.587907589979696,1.0,-0.062499999999999944,2.5210738863748574,0.16749980241779688,0.32118133893993117,0.0028780310298058154,-0.06567975264686593,-0.031777167516673206,0.3896052174192618,0.011503492288812743,0.09242298792748757,Banks—Regional,Financial Services,CSTR
2022Q1,2022,Q1,2022-05-05,2022-03-31,10673000.0,30229000.0,15294000.0,0.48,30229000.0,1.0,3190749000.0,368917000.0,804318000.0,0.0,2821832000.0,0.0,119842000.0,467940986.11999995,141525986.11999995,16.619126322919925,0.0,0.009266162897802365,0.08014268792167344,0.0308530314367801,16.619126322919925,0.028930626672124083,15.479869864037843,10.960858852243978,1.2684180618404681,0.123676567038321,0.0,0.002820868526488714,0.00947395110050963,0.0,0.0033449826357385055,-26.106950798928807,1.0,-0.14285714285714296,15.232836724947036,0.26535905603531096,0.32882298998213194,-0.1141944558401219,-0.14410585404971932,-0.13894831663101,0.7887473307468454,0.11407533962734487,0.13778924959548264,Banks—Regional,Financial Services,CSTR
2021Q4,2021,Q4,2022-03-07,2021-12-31,12470000.0,34126000.0,17762000.0,0.56,34126000.0,1.0,3133046000.0,380094000.0,514974000.0,29532000.0,2752952000.0,0.0,110489000.0,466159602.3,80566602.30000001,17.147296292002178,17.437830150345388,0.00942597076455309,0.0776965697958926,0.03359540055941163,17.147296292002178,0.032807673891195335,13.659954354451152,9.345621537690459,1.2264324148763202,0.10593424218123497,0.0,0.0028337933906805207,0.010892275440577637,29.86242042530137,0.003980152222469763,5.4529882005451125,1.0,-0.0508474576271185,1.1512265122787577,0.3121673031091729,0.3789209256445851,-0.014126823631373683,-0.04823691039535949,0.0,14.91272492483582,0.11839003412194597,0.18029009119156622,Banks—Regional,Financial Services,CSTR
2021Q3,2021,Q3,2021-11-04,2021-09-30,13102000.0,34615000.0,0.0,0.59,34615000.0,1.0,3112127000.0,370328000.0,2552455000.0,0.0,2741799000.0,0.0,99341000.0,470769264.71999997,160901264.71999997,16.708326795034786,0.0,0.009478726285913138,0.07965641269361215,0.0,16.708326795034786,0.035379447408783564,13.60015209360104,8.982774857273698,1.2712224425914322,0.10082430163333843,0.0,0.0028060455492685842,0.01112261806796445,0.0,0.004209982433236175,-78.35706802929427,1.0,0.09259259259259246,1.4642356754215469,0.031158893461770924,0.061290426023731845,0.05164818471821358,0.08496190791652865,0.0,0.9467606820167693,0.2738835047402058,0.2772019606314196,Banks—Regional,Financial Services,CSTR
2021Q2,2021,Q2,2021-08-05,2021-06-30,12076000.0,32915000.0,0.0,0.54,32915000.0,1.0,3212390000.0,359752000.0,2634789000.0,0.0,2852638000.0,0.0,87560000.0,453742059.5,53862059.5,16.253542834725906,0.0,0.009179146990247137,0.08196479797193622,0.0,16.253542834725906,0.03356756876959684,13.78526688439921,9.39346761137794,1.2612634801196378,0.11030142431268632,0.0,0.002935588562073779,0.010246265241767033,0.0,0.0037591948673728905,30.15698919978732,1.0,0.08000000000000007,1.3788931370796804,0.36413315967797966,0.5349388152620967,0.022331966703938378,0.09483227561196736,0.0,0.839733769340803,0.22741509299633048,0.25720929890130007,Banks—Regional,Financial Services,CSTR
2021Q1,2021,Q1,2021-05-06,2021-03-31,11030000.0,32196000.0,0.0,0.5,32196000.0,1.0,3150457000.0,343944000.0,2597655000.0,0.0,2806513000.0,0.0,76816000.0,380284892.25,19174892.25,15.601550629309807,0.0,0.009349437240374969,0.08563894122298979,0.0,15.601550629309807,0.032069174051589794,11.811557095601938,8.619331193336356,1.105659328989603,0.09909338168631006,0.0,0.002874160983711811,0.010219469746770071,0.0,0.0035010793672156136,17.637627765409768,1.0,0.13636363636363635,2.4103603774318754,0.39194761566653286,0.0,-0.05525396871973943,0.13934510897634542,0.0,0.8266257507750204,0.22238695594371327,0.22388930524243567,Banks—Regional,Financial Services,CSTR
2020Q4,2020,Q4,2021-03-05,2020-12-31,9681000.0,34079000.0,0.0,0.44,34079000.0,1.0,2987006000.0,343486000.0,2421997000.0,0.0,2643520000.0,0.0,66879000.0,323912714.0,85896714.0,15.641307923467307,0.0,0.013198165654839663,0.11477323675491868,0.0,15.641307923467307,0.028184554829017775,9.504759940139088,8.364650191095961,0.9430157677459926,0.11352133044107014,0.0,0.0033928893572235633,0.011409083209072898,0.0,0.003241038015993272,9.907102431564459,1.0,0.29411764705882343,1.2744166783142001,0.5576252168768512,0.5550949718474844,-0.011056297156123041,0.2930412715373314,0.0,53.643911952986876,0.33510831465676827,0.21383781193402318,Banks—Regional,Financial Services,CSTR
2020Q3,2020,Q3,2020-11-05,2020-09-30,7487000.0,34460000.0,0.0,0.34,34460000.0,1.0,3024348000.0,333895000.0,2635648000.0,0.0,2690453000.0,0.0,58296000.0,215315559.99,-201191440.01,15.212602146134381,0.0,0.01303355301704698,0.11805507719492656,0.0,15.212602146134381,0.022423216879557947,6.248275101276843,7.189647388473355,0.6448600907171416,0.1465206357686657,0.0,0.005094847766928448,0.011394191409189684,0.0,0.002475574900772001,-3.638070424270073,1.0,0.0,0.8083468517912127,0.4064335310952081,0.0,0.20920766369569793,0.21129267108882058,0.0,-0.12931304963640206,0.2457950844266653,0.1899009527712885,Banks—Regional,Financial Services,CSTR
2020Q2,2020,Q2,2020-08-06,2020-06-30,6181000.0,28498000.0,0.0,0.34,28498000.0,1.0,2445172000.0,281950000.0,2158095000.0,0.0,2163222000.0,0.0,51906000.0,219684996.0,-109671004.0,15.401142825429917,0.0,0.016139559916439415,0.13996807944671041,0.0,15.401142825429917,0.021922326653662,7.708786441153765,8.885495712667854,0.7791629579712716,0.14932858760718332,0.0,0.0042014703635017475,0.011654803833840727,0.0,0.002527838532422259,3.412211425553726,1.0,3.857142857142857,0.47213147753815027,0.4279510332966988,0.4544405587464274,0.2646106057244287,3.5921248142644875,0.0,2.1341396702685667,0.3201979584553988,0.2526012896118708,Banks—Regional,Financial Services,CSTR
2020Q1,2020,Q1,2020-05-08,2020-03-31,1346000.0,22535000.0,0.0,0.07,22535000.0,1.0,2072585000.0,275790000.0,1787162000.0,0.0,1796795000.0,0.0,46648000.0,181905909.57000002,100455909.57000002,14.994362230713536,0.0,0.004824892585828808,0.03625947278726567,0.0,14.994362230713536,0.00488052503716596,8.072150413578878,33.78638736441308,0.6595812377896226,0.6805349182763745,0.0,0.005035570324049918,0.010872895442165218,0.0,0.0006494305420525576,-12.757269764359354,1.0,-0.7586206896551724,-0.50118526084456,0.1677449328027655,0.0,0.010492803013317788,-0.7517063272458956,0.0,1.4707166029961996,0.13845933424515128,0.19891099358291542,Banks—Regional,Financial Services,CSTR
2019Q4,2019,Q4,2020-03-06,2019-12-31,5421000.0,22301000.0,0.0,0.29,22301000.0,1.0,2037201000.0,273046000.0,1757182000.0,0.0,1764155000.0,0.0,46218000.0,305544050.09999996,214450050.09999996,14.879085023950202,0.0,0.004908695803703218,0.03662386557576379,0.0,14.879085023950202,0.019853797528621552,13.700912519617953,14.090760473159932,1.1190204218336837,0.17229293488286293,0.0,0.0030568423757370367,0.010946882511838547,0.0,0.0026610039951875148,-9.280565261367432,1.0,-0.17142857142857143,0.5240724056962068,0.2197669058657311,0.47931301011731064,-0.06861844303374541,-0.16161459944324158,0.0,0.12962647943131467,0.03577143967093271,0.1965199262078098,Banks—Regional,Financial Services,CSTR
2019Q3,2019,Q3,2019-11-06,2019-09-30,6466000.0,23944000.0,0.0,0.35,23944000.0,1.0,2033911000.0,268082000.0,1762886000.0,0.0,1765829000.0,0.0,41710000.0,294158679.23999995,150137679.23999995,15.110210487359272,0.0,0.004916635978663766,0.037302019531337424,0.0,15.110210487359272,0.02411948582896278,12.285277281991311,11.37328639189607,1.09727127983229,0.13918960717599752,0.0,0.003059573160735137,0.011772393187312522,0.0,0.0031790968238039913,-9.25027293207547,1.0,0.12903225806451607,0.9320522587680952,0.20895437237890713,0.0,-0.003993344425956739,0.12334954829742877,0.0,0.5192764078337486,-0.1089246953677037,-0.04021977052763319,Banks—Regional,Financial Services,CSTR
2019Q2,2019,Q2,2019-08-07,2019-06-30,5756000.0,24040000.0,0.0,0.31,24040000.0,1.0,2018421000.0,262664000.0,1755041000.0,0.0,1755757000.0,0.0,36165000.0,267079559.04,120994559.03999999,14.870024850554733,0.0,0.004954367795420281,0.03807145250205586,0.0,14.870024850554733,0.02191392806018335,11.109798628951747,11.600050340514246,1.0168106746261383,0.16122307157748436,0.0,0.0034746200845007956,0.011910300180190356,0.0,0.002851734103043914,-42.7874974431272,1.0,0.24,0.42081957497579425,0.24842853718637872,0.4042832728298111,0.10594838294152827,0.20418410041841004,0.0,0.42081957497579425,0.24842853718637872,0.4042832728298111,Banks—Regional,Financial Services,CSTR
2019Q1,2019,Q1,2019-05-01,2019-03-31,4780000.0,21737000.0,0.0,0.25,21737000.0,1.0,2035811000.0,259751000.0,1733143000.0,0.0,1776060000.0,0.0,31338000.0,279196852.3,242000852.3,14.606506722425538,0.0,0.036840355023133285,0.28873806068119084,0.0,14.606506722425538,0.01840223906741456,12.84431394856696,14.602345831589957,1.0748634357519316,0.15585774058577406,0.0,0.002668368192057873,0.01067731729517131,0.0,0.002347958626807695,-18.242198778177066,1.0,7.249999999999999,0.8321531168039985,0.16501008724555868,0.0,-0.09816205451603535,7.751412429378531,0.0,0.8321531168039985,0.16501008724555868,0.0,Banks—Regional,Financial Services,CSTR
2018Q4,2018,Q4,2019-03-15,2018-12-31,-708000.0,24103000.0,0.0,-0.04,24103000.0,1.0,1963883000.0,254379000.0,1651472000.0,0.0,1709504000.0,0.0,27303000.0,257915303.25,288234303.25,14.528035454988071,0.0,0.06364941292327496,0.49139276433982365,0.0,14.528035454988071,-0.002783248617220761,10.700547784508153,-91.07178787076272,1.0139017106364911,-1.03954802259887,0.0,0.0028536499801509936,0.01227313439751757,0.0,-0.00036051027479742936,-74.13489601897096,1.0,-1.1428571428571428,-1.2086145901362488,0.3816843476501741,0.44441085089677795,0.6328839509518326,-1.1936542669584245,0.0,-1.2086145901362488,0.3816843476501741,0.44441085089677795,Banks—Regional,Financial Services,CSTR
2018Q3,2018,Q3,2018-11-08,2018-09-30,3656000.0,14761000.0,0.0,0.28,14761000.0,1.0,1416907000.0,157510000.0,1209895000.0,0.0,1259397000.0,0.0,28741000.0,198182169.34,273340169.34000003,13.081977095286144,0.0,0.0882203277985076,0.793600406323408,0.0,13.081977095286144,0.023211224684147037,13.426066617437844,13.551844183533916,1.258219600914228,0.0,0.0,0.0,0.010417762069070165,0.0,0.00258026814745075,13.132474278709164,1.0,0.03703703703703707,0.6097252245828324,0.09822513786548699,0.0,0.028497770345596432,0.04070594933105608,0.0,0.6097252245828324,0.09822513786548699,0.0,Banks—Regional,Financial Services,CSTR
2018Q2,2018,Q2,2018-07-31,2018-06-30,3513000.0,14352000.0,0.0,0.27,14352000.0,1.0,1401181000.0,153146000.0,1202018000.0,0.0,1248035000.0,0.0,25086000.0,219503081.66000003,267353081.66000003,12.928271250403728,0.0,0.06779994875751241,0.6203230903843391,0.0,12.928271250403728,0.02293889491073877,15.294250394370124,15.620771538571022,1.4332929469917597,0.0,0.0,0.0,0.010242788048082296,0.0,0.002507170736685696,97.68717474855364,1.0,0.08000000000000007,0.29306379908005065,0.1113869851053379,0.2209095308183848,0.029850746268656716,0.09953051643192488,0.0,0.29306379908005065,0.1113869851053379,0.2209095308183848,Banks—Regional,Financial Services,CSTR
2018Q1,2018,Q1,2018-05-02,2018-03-31,3195000.0,13936000.0,0.0,0.25,13936000.0,1.0,1382745000.0,148693000.0,1177325000.0,0.0,1234052000.0,0.0,22087000.0,219641913.60999998,274032913.61,12.7475177391303,0.0,0.07231991437322138,0.6725266152407982,0.0,12.7475177391303,0.0214872253569435,15.760757291188288,17.186378216744913,1.4771503272514508,0.0,0.0,0.0,0.010078503267052131,0.0,0.0023106212642244233,14.392367053928313,1.0,24.0,0.8670274280239896,0.13871275286303633,0.0,0.05137683892870615,33.72826086956522,0.0,0.8670274280239896,0.13871275286303633,0.0,Banks—Regional,Financial Services,CSTR
2017Q4,2017,Q4,2018-03-08,2017-12-31,92000.0,13255000.0,0.0,0.01,13255000.0,1.0,1344429000.0,146946000.0,1135923000.0,0.0,1197483000.0,0.0,18892000.0,236854620.53,228776620.53,12.885830190563773,0.0,0.05206671382423319,0.47636546758673254,0.0,12.885830190563773,0.0006260803288282771,17.869077369294605,643.626686222826,1.6118480294121649,0.0,0.0,0.0,0.009859204167717298,0.0,6.843053816899219e-05,-13.873052218707901,1.0,-0.9714285714285714,-0.9583774917090306,0.16666580514651946,0.28113900931272834,-0.06753429475905734,-0.9791808101380403,0.0,-0.9583774917090306,0.16666580514651946,0.28113900931272834,Banks—Regional,Financial Services,CSTR
2017Q3,2017,Q3,2017-10-18,2017-09-30,4419000.0,14215000.0,0.0,0.35,14215000.0,1.0,1338559000.0,144204000.0,1134094000.0,0.0,1194355000.0,0.0,18541000.0,220849947.11999997,246060947.11999997,12.784763396234043,0.0,0.070971843601963,0.6587889378935398,0.0,12.784763396234043,0.030644087542647917,15.536401485754483,12.494339619823489,1.531510548389781,0.0,0.0,0.0,0.010619629018967411,0.0,0.003301311335548153,8.356981387217617,1.0,2.1666666666666665,1.076919667896767,0.12894451798424872,0.0,0.0738838105310871,2.322262118491921,0.0,1.076919667896767,0.12894451798424872,0.0,Banks—Regional,Financial Services,CSTR
2017Q2,2017,Q2,2017-07-31,2017-06-30,-3342000.0,13237000.0,0.0,-0.3,13237000.0,1.0,1371626000.0,138030000.0,1157176000.0,0.0,1233596000.0,0.0,14122000.0,199153071.83999997,256060071.83999997,12.295327294611115,0.0,0.07655147977655717,0.7607041947402738,0.0,12.295327294611115,-0.024212127798304717,15.04518182669789,-14.897746247755833,1.4428245442295151,0.0,0.0,0.0,0.009650589883831306,0.0,-0.002436524242030991,-5.986332370655357,1.0,-10.999999999999998,-2.2980160346472553,0.0816188770412648,0.1611360860063446,0.09712903122603113,-11.064506803028387,0.0,-2.2980160346472553,0.0816188770412648,0.1611360860063446,Banks—Regional,Financial Services,CSTR
2017Q1,2017,Q1,2017-05-03,2017-03-31,332058.0,12065126.0,0.0,0.03,12065126.0,1.0,1381702596.0,140211422.0,1134196720.0,0.0,1241491174.0,0.0,17464547.0,213792778.36,230164152.36,12.506651712237003,0.0,0.054280856254539454,0.5349064928533426,0.0,12.506651712237003,0.002368266402718603,17.71989603423951,160.96041833053263,1.5247886035989278,0.0,0.0,0.0,0.008732071601318754,0.0,0.00024032523421559817,34.34443659325737,1.0,-0.8695652173913043,-0.7981092859656446,0.02572388637582025,0.0,-0.08140298639508456,-0.8865712938861675,0.0,-0.7981092859656446,0.02572388637582025,0.0,Banks—Regional,Financial Services,CSTR
2016Q4,2016,Q4,2017-03-13,2016-12-31,2927460.0,13134297.0,0.0,0.23,13134297.0,1.0,1333675063.0,139207396.0,1092816343.0,0.0,1194467667.0,0.0,17132489.0,245831966.64000002,237375641.64000002,12.435300656552563,0.0,0.04123943044738477,0.39509395032430605,0.0,12.435300656552563,0.0210294861057526,18.716796691897557,20.99362302473817,1.7659404148325568,0.0,0.0,0.0,0.009848198683759898,0.0,0.0021950324192272913,9.707239096590738,1.0,0.15,0.34918261340993634,0.17764099216063944,0.23634632212584297,-0.013717902064567501,0.3879335603364653,0.0,0.34918261340993634,0.17764099216063944,0.23634632212584297,Banks—Regional,Financial Services,CSTR
2016Q3,2016,Q3,2016-11-08,2016-09-30,2109222.0,13316978.0,0.0,0.2,13316978.0,1.0,1318057325.0,138426501.0,1093590210.0,0.0,1179630824.0,0.0,14205030.0,148771891.8,105516156.80000001,15.74340669182779,0.0,0.02276077028743799,0.21672150768298334,0.0,15.74340669182779,0.015237125729270582,11.171595522647857,17.63350323010096,1.074735623058189,0.0,0.0,0.0,0.01010348923936218,0.0,0.001600250580907018,129.80764404346937,1.0,-0.12795894430709792,0.2716923983061783,0.35673648017636866,0.0,0.13153012150565044,-0.14813327948303714,0.0,0.2716923983061783,0.35673648017636866,0.0,Banks—Regional,Financial Services,CSTR
2016Q2,2016,Q2,2016-06-30,2016-06-30,2476000.0,11769000.0,0.0,0.229347,11769000.0,1.0,1310418000.0,114318000.0,1084684000.0,0.0,1196100000.0,0.0,12096000.0,171654333.0,118173333.0,10.589049330901538,0.0,0.03052461123092021,0.3499011529242989,0.0,10.589049330901538,0.021658881366014102,14.585294672444558,17.33181876009693,1.5015512255287882,0.0,0.0,0.0,0.008981103739417498,0.0,0.001889473435193961,-6.325926308375098,1.0,0.5632889821959265,0.0,0.0,0.0,0.03901740329872355,0.5632832990076055,0.0,0.0,0.0,0.0,Banks—Regional,Financial Services,CSTR
2016Q1,2016,Q1,2016-03-31,2016-03-31,1583846.0,11327048.0,0.0,0.146708,11327048.0,1.0,,,,,,,,171654348.9,,,0.0,0.0,0.0,0.0,,0.0,15.154376400629715,27.094545318799934,0.0,0.0,0.0,0.0,0.0,0.0,0.0,28.057031381399078,1.0,-0.2430981224803838,0.0,0.0,0.0,0.0531037421330174,-0.24309556226407159,0.0,0.0,0.0,0.0,Banks—Regional,Financial Services,CSTR
2015Q4,2015,Q4,2015-12-31,2015-12-31,2092531.0,10755871.0,0.0,0.1938269732937713,10755871.0,1.0,1206800000.0,108586000.0,979007000.0,0.0,1098214000.0,0.0,8036000.0,171654348.9,123199348.9,10.058104621665079,0.0,0.03728869738150481,0.4144180649439154,0.0,10.058104621665079,0.019270725507892363,15.959130497195439,20.507981590236895,1.5808147357854605,0.0,0.0,0.0,0.008912720417633411,0.0,0.0017339501160092807,-44.32385024934601,1.0,0.027529359997515306,0.0,0.0,0.0,-0.10752050773365657,0.027530031176542513,0.0,0.0,0.0,0.0,Banks—Regional,Financial Services,CSTR
2015Q3,2015,Q3,2015-09-30,2015-09-30,2036467.0,12051673.0,0.0,0.188634,12051673.0,1.0,,,,,,,,171654348.9,,,0.0,0.0,0.0,0.0,,0.0,14.243196683149304,21.072566962784077,0.0,0.0,0.0,0.0,0.0,0.0,0.0,6.667811627615283,1.0,0.0,0.0,0.0,0.0,0.0,0.0,0.0,0.0,0.0,0.0,Banks—Regional,Financial Services,CSTR
