Quarters,Year,Quarter,FillingDate,Date,NetIncome,Revenue,OperatingIncome,EPSDiluted,GrossProfit,GrossProfitRatio,TotalAssets,CommonStockEquity,CurrentAssets,CurrentLiability,TotalLiability,Inventory,RetainedEarnings,MarketCap,EnterpriseValue,bookValuePerShare,currentRatio,debtToAssets,debtToEquity,roic,shareholdersEquityPerShare,roe,priceToSalesRatio,peRatio,pbRatio,payoutRatio,inventoryTurnover,dividendYield,assetTurnover,quickRatio,returnOnAssets,priceToFreeCashFlowsRatio,grossProfitMargin,epsdilutedGrowth,fiveYNetIncomeGrowthPerShare,fiveYRevenueGrowthPerShare,fiveYShareholdersEquityGrowthPerShare,grossProfitGrowth,netIncomeGrowth,operatingIncomeGrowth,threeYNetIncomeGrowthPerShare,threeYRevenueGrowthPerShare,threeYShareholdersEquityGrowthPerShare,Industry,Sector,Symbol
2020Q2,2020,Q2,2020-06-30,2020-06-30,224917643.0,232863.0,-29262567.0,1.749915821569269,-388532.0,-1.668500362874308,94896688.0,-386893653.0,80580745.0,523707555.0,876967668.0,0.0,-3027414470.0,7267014472.56,7339638813.56,-3.0101299107488453,0.15386592045631267,1.375887807591346,-0.33747567319229194,0.11753308214815641,-3.0101299107488453,-0.5813422920122187,31207.252644516306,8.077417111026724,-18.782976707451958,0.0,0.0,0.0,0.002453858031378292,0.11346144128090724,2.3701316425289787,0.0,-1.668500362874308,0.0,0.0,0.0,0.0,0.0,0.0,0.0,1.0932868926852108,-0.999083534057689,0.9465317412577541,Electronic Gaming & Multimedia,Communication Services,NCTY
2019Q4,2019,Q4,2020-02-25,2019-12-31,-160633680.0,90170.0,-130579380.0,-1.24977,-1137040.0,-12.609958966396807,181459156.0,-839039915.0,154467831.0,1058082595.0,1413380848.0,0.0,-3410856231.0,8165242509.4019985,8696442740.401999,-6.527941528298136,0.14598844336911146,2.9831141284488285,-0.6451580697445127,0.45329490655457133,-6.527941528298136,0.19144939010440284,90553.87057116556,-12.707861933752,-9.73164966699111,0.0,0.0,0.0,0.0004969162316615206,0.012967848696159679,-0.8852332587725692,0.0,-12.609958966396807,0.0,0.0,0.0,0.0,0.0,0.0,0.0,0.0,0.0,0.0,Electronic Gaming & Multimedia,Communication Services,NCTY
2019Q2,2019,Q2,2019-06-30,2019-06-30,-29989090.0,251330.0,-41594440.0,-0.35581,136270.0,0.5421955198344806,195287583.0,-753087193.0,31803059.0,981451538.0,1330498086.0,0.0,-3273547350.0,7230467324.750001,7767199046.750001,-8.935171776289204,0.03240410531609967,2.7591093643675237,-0.7154812935452483,0.19412398323190508,-8.935171776289204,0.03982153763701038,28768.81918095731,-60.27581467752106,-9.60110249112947,,0.0,,0.0012869737857321938,0.008319667027716247,-0.15356373169921408,0.0,0.5421955198344806,0.0,0.0,0.0,0.0,0.0,0.0,0.0,0.0,0.0,0.0,Electronic Gaming & Multimedia,Communication Services,NCTY
2018Q4,2018,Q4,2019-03-25,2018-12-31,-205930670.0,6971770.0,-84707160.0,-1.8863,-1099120.0,-0.15765293462062002,164687440.0,-711621914.0,33014021.0,908423767.0,1249498306.0,0.0,-3233061063.0,7733890062.0666,8217352136.0666,-6.518356164433753,0.03634209297388407,2.9614797764784004,-0.6853618661889606,0.3783201300421573,-6.518356164433753,0.2893821367058126,1109.3151469521513,-9.388948792895444,-10.867976252438174,,0.0,,0.04233334369639846,0.013765895889423597,-1.2504333663817957,0.0,-0.15765293462062002,0.0,0.9890452933760996,-0.9980207107211454,-1.0192268748113493,0.0,0.0,0.0,0.0,0.0,0.0,Electronic Gaming & Multimedia,Communication Services,NCTY
2018Q2,2018,Q2,2018-07-19,2018-06-30,-52081030.0,10460090.0,-29220660.0,-3.4588,2095390.0,0.20032236816318025,248925103.0,-564410014.0,110230481.0,846008573.0,1172235801.0,0.0,-3090963986.0,1007901970.6522,1377669012.6522,-37.48357227247762,0.13029475648114974,1.6984596206032303,-0.749081741132963,0.20633031686918143,-37.48357227247762,0.09227517001496717,96.35691190536602,-4.838143421185219,-1.7857620269866439,,0.0,,0.04202103312979246,0.07082371138099566,-0.20922369569131,0.0,0.20032236816318025,0.0,0.9866445785050448,-0.9797850059180185,-1.0579559075926515,0.0,0.0,0.0,0.0,0.0,0.0,Electronic Gaming & Multimedia,Communication Services,NCTY
2017Q4,2017,Q4,2018-01-09,2017-12-31,-25753050.0,57389300.0,-30753150.0,-1.79934,43630050.0,0.7602471192365128,323109178.0,-473797736.0,183112382.0,819445350.0,1125460018.0,0.0,-3015968137.0,1791326316.8438864,2018008685.8438864,-33.10384133556263,0.22345893109284226,1.142977093024575,-0.7794600120250469,0.29431288698000996,-33.10384133556263,0.05435452312925362,31.213594116741035,-17.389457917061147,-3.7807827702323302,,0.0,,0.17761581504812593,0.18513356503884,-0.07970386406046318,0.0,0.7602471192365128,0.0,0.8726952823275579,0.7677353482512066,-1.345577974476911,0.0,0.0,0.0,0.0,0.0,0.0,Electronic Gaming & Multimedia,Communication Services,NCTY
2017Q2,2017,Q2,2017-07-03,2017-06-30,-149539030.0,15759260.0,-91666740.0,-18.75843,5736450.0,0.36400503576944604,301217049.0,-448794191.0,48962090.0,567969212.0,836408110.0,0.0,-3011581354.0,1882486749.7188,2227558437.7188,-56.29751148732474,0.08620553538032269,1.1570061460896923,-0.7765474330749527,0.9140694865494982,-56.29751148732474,0.33320179494034496,119.4527376107,-3.1471495263122944,-4.194543484451652,,0.0,,0.05231861892385779,0.04908148964947769,-0.4964494224229652,0.0,0.36400503576944604,0.0,0.8638522960035139,-0.9705681427263432,-1.0436756990952771,0.0,0.0,0.0,0.0,0.0,0.0,Electronic Gaming & Multimedia,Communication Services,NCTY
2013Q4,2013,Q4,2013-12-31,2013-12-31,-132418931.0,24812103.0,-123465173.0,-172.19,2996687.0,0.120775212,546679148.0,260717637.0,218062240.0,330092428.0,356546005.0,0.0,-1912569874.0,303084989.6004,146097788.60039997,339.0231760694697,0.6606096399157633,0.0,0.0,-0.4713873070882524,339.0231760694697,-0.5079016997994654,12.21520761865288,-0.5722085719004936,1.1625028252323413,-0.10572506434144224,0.0,0.046191663989886764,0.04538695703096398,0.5335635781381813,-0.24222422143673936,-0.8299150865290251,0.12077521200036934,-9.77073392865632,-6.286397694819877,-0.32595716028469346,0.08467785897195901,1.3654496341463416,-0.08986774485596707,0.08067629932985852,-3.996991520177959,8.421178709238799,0.8598878071254842,Electronic Gaming & Multimedia,Communication Services,NCTY
2013Q3,2013,Q3,2013-10-22,2013-09-30,-121500000.0,33900000.0,-134300000.0,-15.98684,-8200000.0,-0.24188790560471976,682900000.0,374800000.0,305800000.0,326300000.0,308100000.0,0.0,-1761600000.0,3252251280.0000005,3019651280.0000005,49.31578947368421,0.9371743794054551,0.0,0.0,-0.35832443970117395,49.31578947368421,-0.3241728922091782,95.93661592920355,-6.691875061728396,8.677297972251868,,0.0,,0.049641235905696295,0.781182960465829,-0.17791770390979644,0.0,-0.24188790560471976,0.9382699822380106,-1.1483168576885168,-0.9900318290049716,-0.9848797918859464,-3.728808968064283,0.38405523403323266,0.0822019752803984,-0.9593809598989428,0.4093271543737746,0.0,Electronic Gaming & Multimedia,Communication Services,NCTY
2013Q2,2013,Q2,2013-09-06,2013-06-30,-197257947.0,26174256.0,-146328491.0,-258.98,3004974.0,0.1148064724,807695187.0,492617167.0,417338836.0,323747345.0,368396836.0,0.0,-1668209276.0,516912318.43398,195701831.43398,646.7601635356041,1.2890880572317898,0.0,0.0,-0.33333759794385465,646.7601635356041,-0.4004284873003624,19.74888296477195,-0.6551222983604053,1.049318523716775,,0.0,,0.03240610619114659,1.054590060035859,-0.24422325423613053,0.0,0.11480647243612196,-16.931128072760306,-3.0568126954731834,-0.9304964928648773,-0.7923320904969164,4.7562175,-0.7288163628396144,-0.15949675911251981,-2.2949453148059122,0.13438246403224197,-0.7127037159436442,Electronic Gaming & Multimedia,Communication Services,NCTY
2013Q1,2013,Q1,2013-04-18,2013-03-31,-114100000.0,19900000.0,-126200000.0,-14.44304,-800000.0,-0.04020100502512563,954100000.0,654700000.0,520900000.0,299700000.0,299500000.0,0.0,-1472300000.0,3809533259.9999995,3376933259.9999995,82.87341772151899,1.7380714047380714,0.0,0.0,-0.19276004276767986,82.87341772151899,-0.17427829540247441,191.433832160804,-8.346917747589833,5.818746387658469,,0.0,,0.02085735247877581,1.509175842509176,-0.11958914159941306,0.0,-0.04020100502512563,-0.021854161728862356,-1.149868946279789,-0.9946652372534104,-0.971814756993761,0.38461538461538464,0.015530629853321829,0.15978695073235685,-1.3064927564133417,-0.17986458639976452,0.0,Electronic Gaming & Multimedia,Communication Services,NCTY
2012Q4,2012,Q4,2012-12-31,2012-12-31,-115900000.0,18600000.0,-150200000.0,-14.13415,-1300000.0,-0.06989247311827956,1112300000.0,785500000.0,664600000.0,317700000.0,326900000.0,0.0,-1358200000.0,4524158940.0,3969858940.0,95.79268292682927,2.091910607491344,0.0,0.0,-0.19121578612348822,95.79268292682927,-0.1475493316359007,243.23435161290323,-9.758755263157894,5.759591266709103,-0.062122519413287315,0.0,0.0015914560243102333,0.0167221073451407,1.7966635190431224,-0.10419850759687135,-8.630596985883251,-0.06989247311827956,0.29969781394475425,-1.1477310530081877,-0.9946052183746587,-0.968270307068541,-1.087837837837838,0.29969788519637464,0.20988953182535508,0.9424030024628673,-0.9090936855923912,-0.9601131155479607,Electronic Gaming & Multimedia,Communication Services,NCTY
2012Q3,2012,Q3,2012-10-22,2012-09-30,-165500000.0,32400000.0,-190100000.0,-20.18293,14800000.0,0.4567901234567901,1223800000.0,896100000.0,767000000.0,285400000.0,327600000.0,0.0,-1242300000.0,7173836256.0,6537536256.0,109.28048780487805,2.687456201822004,0.0,0.0,-0.21214150206450172,109.28048780487805,-0.1846892087936614,221.41469925925927,-10.83661065861027,8.005620194174757,,0.0,,0.02647491420166694,2.2796075683251575,-0.13523451544369994,0.0,0.4567901234567901,0.8535133546233126,-1.5171734594742199,-0.9884011550255891,-0.9617864945790143,-0.6180689021764783,-0.47239689969973603,-0.46236886432218605,0.0,-0.8701815517446059,-0.95850013063043,Electronic Gaming & Multimedia,Communication Services,NCTY
2012Q2,2012,Q2,2012-08-10,2012-06-30,-112401758.0,54795768.0,-129994562.0,-137.78,38750445.0,0.7071795216,1402683164.0,1051565255.0,929783185.0,307388993.0,372885070.0,0.0,-1101678995.0,900878559.6862799,107778646.6862799,1288.9893614413231,3.0247770940841723,0.0,0.0,-0.11171814036616523,1288.9893614413231,-0.10688995044820114,16.440659426222112,-2.0037021122175864,0.8567024779515751,,0.0,,0.03906496449543184,2.6379648798940565,-0.0801333906934952,0.0,0.7071795216010113,-9.141792236795906,-3.396703523907725,-0.7809759713529252,-0.5860338441878133,0.18141600609756098,-0.008992441651705565,-0.06465652743652743,-0.4570888026341893,-0.8046254451228047,-0.523411581212363,Electronic Gaming & Multimedia,Communication Services,NCTY
2012Q1,2012,Q1,2012-03-31,2012-03-31,-111400000.0,48600000.0,-122100000.0,-13.58537,32800000.0,0.6748971193415638,1525800000.0,1160400000.0,1059000000.0,315600000.0,365400000.0,0.0,-955600000.0,8950862520.0,8028262520.0,141.5121951219512,3.3555133079847907,0.0,0.0,-0.10522233712512927,141.5121951219512,-0.09600137883488452,184.17412592592592,-20.08721391382406,7.7136009307135485,,0.0,,0.03185214313802595,2.972433460076046,-0.0730108795386027,0.0,0.6748971193415638,0.11587253552520692,-1.1695150192378034,-0.9818992600711159,-0.9177444398210794,1.4661654135338347,0.11587301587301588,0.037825059101654845,-1.5254846779237021,-0.8790159206143915,-0.4790741738338937,Electronic Gaming & Multimedia,Communication Services,NCTY
2011Q4,2011,Q4,2012-01-17,2011-12-31,-126000000.0,27900000.0,-126900000.0,-15.36585,13300000.0,0.4767025089605735,1628900000.0,1262800000.0,1168700000.0,311500000.0,366100000.0,0.0,-844200000.0,11050339680.0,9978639680.0,154.0,3.7518459069020866,0.0,0.0,-0.10049097244219195,154.0,-0.09977827050997783,396.0695225806452,-21.925277142857144,8.750664935064934,0.0,0.0,0.0,0.01712812327337467,3.472873194221509,-0.07735281478298238,-30.568021244813277,0.4767025089605735,0.0,-1.1186469725929664,-0.9888397210258927,-0.9049099561663726,0.0,0.0,0.0,0.34977972141334907,-0.9289187104302666,-0.5072891705567255,Electronic Gaming & Multimedia,Communication Services,NCTY
2011Q3,2011,Q3,2011-09-30,2011-09-30,0.0,0.0,0.0,0.0,0.0,0.0,1666709475.0,1396397698.0,1333734614.0,275024916.0,280594076.0,0.0,-746256959.0,17428293458.730003,16219117459.730003,55.7330811264902,4.849504668151594,0.0,0.0,,55.7330811264902,0.0,0.0,0.0,12.480895294866063,0.0,0.0,,0.0,4.459344250831441,0.0,0.0,0.0,-1.0,-1.0,-1.0,-0.9622250456873711,-1.0,-1.0,1.0,-1.0,-1.0,-0.9829122519488481,Electronic Gaming & Multimedia,Communication Services,NCTY
2011Q2,2011,Q2,2011-06-30,2011-06-30,62278234.0,25524640.0,-90897174.0,74.34,12662596.0,0.4960930301,1783110039.0,1492442966.0,1500230866.0,288617862.0,294289293.0,0.0,-652582249.0,901470304.656,-443492831.344,1781.5364485847435,5.197983435966274,0.0,0.0,0.2287161381173824,1781.5364485847435,0.04172905458954738,35.31765010813081,3.6187213684318666,0.6040232861106198,,0.0,,0.014314674608817005,4.702548551898011,0.03492674744567461,0.0,0.4960930301073786,12.871796100225172,-0.2797509828048346,-0.908310067546843,0.2837623329850881,-0.542866570397112,2.183996844106464,-0.41144680124223604,-0.4095817500955122,-0.9383752389926194,-0.4279673195104344,Electronic Gaming & Multimedia,Communication Services,NCTY
2011Q1,2011,Q1,2011-04-07,2011-03-30,-52600000.0,25800000.0,-64400000.0,-6.2619,27700000.0,1.073643410852713,,,,,,,,11443722444.000002,,,0.0,0.0,0.0,0.0,,0.0,443.5551334883722,-54.390315798479094,0.0,,0.0,,0.0,0.0,0.0,0.0,1.073643410852713,0.8182787454706807,-1.0860450187269088,-0.9883007582523536,0.0,15.820479936264347,0.8182786242303033,0.4496970556656209,-1.0649769854525097,-0.9934952659547147,0.0,Electronic Gaming & Multimedia,Communication Services,NCTY
2010Q4,2010,Q4,2010-12-31,2010-12-31,-289454115.0,28767134.0,-117026450.0,-34.45882,1646802.0,0.0572459529684118,1857339384.0,1531164766.0,1561453207.0,316318769.0,322122617.0,0.0,-587976279.0,11597620608.0,10181431314.0,182.28151976190478,4.936328033699448,0.0,0.0,,182.28151976190478,-0.18904178141204694,403.1552329126704,-10.016804051999744,7.574377928181766,0.0,0.0,0.0,0.015488356219554541,4.5109607327790275,-0.15584341639093785,-43.30702243465272,0.0572459529684118,-3.2233448909381277,-1.4858690063515652,-0.9870345510996243,-0.8436263037681794,1.1402270706944684,-3.223345777861094,-0.49582921583296147,-1.3601659496007696,-0.9918549812562798,-0.9396223545221843,Electronic Gaming & Multimedia,Communication Services,NCTY
2010Q3,2010,Q3,2010-09-30,2010-09-30,-68536684.0,26586035.0,-78235168.0,-8.15913,769452.0,0.028941961447052935,,,,,,,,8734545791.999998,,,0.0,0.0,0.0,0.0,,0.0,328.53886606257754,-31.860841823044716,0.0,,0.0,,0.0,0.0,0.0,0.0,0.028941961447052935,0.9099434679375763,-1.174676772013743,-0.9868796175857288,0.0,1.1680931628455764,-0.04130236856093148,0.016997223021547662,-1.209072005836862,-0.990709098150779,0.0,Electronic Gaming & Multimedia,Communication Services,NCTY
2010Q2,2010,Q2,2010-06-30,2010-06-30,-65818235.0,25367331.0,-79587942.0,-90.600091,-4577533.0,-0.18044992593032352,2478443602.0,1885122026.0,1648987569.0,323820736.0,573081550.0,0.0,-229985480.0,677091700.8216001,-869194532.1783999,2251.1957147650965,5.092285285275863,0.0,0.0,-0.042220711670876564,2251.1957147650965,-0.03491457533900779,26.69148365752787,-2.571824133621936,0.35917658988808615,,0.0,,0.010235185896313972,4.800463902348737,-0.026556277071177834,0.0,-0.18044992593032352,0.0,-4.062283032047699,-0.4655128111530772,1.1808009155297285,0.0,0.0,0.0,-2.367250602018753,-0.9012174572417495,-0.2770158824428767,Electronic Gaming & Multimedia,Communication Services,NCTY
2009Q4,2009,Q4,2010-01-14,2009-12-31,-205523164.0,20897584.0,-220174049.0,-245.39728,-76011545.0,-3.6373364978458755,2324957507.0,2011375984.0,1802796954.0,311507906.0,311507906.0,0.0,-88364685.0,1238996827.536,-436084517.464,2401.6085548624974,5.787323272623456,0.0,0.0,,2401.6085548624974,-0.10218038081138787,59.28899855294277,-1.5071255271449595,0.6159946411769427,-0.9779919503380164,0.0,0.16222801829099906,0.008988372448563637,5.383850459962323,-0.08839867540856522,-8.232537060039867,-3.6373364978458755,-1.791015877348619,-37.04261658221593,1.2508738197789964,1.2375033343681199,-8.366236813479023,0.0,-0.8771607872253377,-2.89482762295685,-0.9181554545333589,0.48291599190317763,Electronic Gaming & Multimedia,Communication Services,NCTY
2009Q3,2009,Q3,2009-09-30,2009-09-30,0.0,25490936.0,-117290991.0,-87.924,-8115484.0,-0.31836743852795363,2517754902.0,2205397783.0,1895771984.0,311536502.0,311536502.0,0.0,117158479.0,1327299905.2559998,-443346575.7440002,2633.273055192045,6.085232298075941,0.0,0.0,,2633.273055192045,0.0,52.06948482613584,0.0,0.6018414979317135,0.0,0.0,,0.01012447080522058,5.690286161073992,0.0,0.0,-0.31836743852795363,0.06958823692187817,-1.0,1.4924843615626942,0.0,-1.1262457409187434,1.0,-0.33009334525073597,-1.0,-0.8987334930729939,0.7847886271853151,Electronic Gaming & Multimedia,Communication Services,NCTY
2009Q2,2009,Q2,2009-07-01,2009-06-30,-79193808.0,287927509.0,-88182526.0,-94.500095,64283230.0,0.22326185581663197,2638760402.0,2265149583.0,2010159930.0,374911089.0,374911089.0,0.0,190795885.0,1739380306.482,-138313043.5179999,2704.617465779595,5.361697717081929,0.0,0.0,-0.038930111574887544,2704.617465779595,-0.034961844725112795,6.041035511066781,-5.490897427492059,0.7678876130459946,,0.0,,0.10911468460030348,5.014578523176198,-0.030011746401824323,0.0,0.22326185581663197,-16.567326478674772,-5.605388095971151,11.049265323793666,865.9277237085637,-0.05326612665684831,-0.6921753846153846,-0.5416525524475524,-1.916114178684984,0.03456356695989868,0.9489278653039416,Electronic Gaming & Multimedia,Communication Services,NCTY
2009Q1,2009,Q1,2009-04-20,2009-03-31,-46800000.0,426200000.0,-57200000.0,-5.37931,67900000.0,0.15931487564523697,2905500000.0,2363400000.0,2208600000.0,541100000.0,542100000.0,0.0,305200000.0,24034651406.999996,21972051406.999996,271.6551724137931,4.081685455553502,0.0,0.0,-0.024551014772259117,271.6551724137931,-0.019801980198019802,56.39289396292819,-128.39023187499998,10.169523316831683,,0.0,,0.1466873171571158,3.825540565514692,-0.016107382550335572,0.0,0.15931487564523697,0.7723695685934655,-1.542873268051513,2.557692834221845,0.0,-0.4065764212898199,0.7723695182353465,0.6612133457232167,-1.0739172627112503,-0.8134000650632006,-0.7896852682585563,Electronic Gaming & Multimedia,Communication Services,NCTY
2008Q4,2008,Q4,2009-01-08,2008-12-31,-205596366.69568,416441790.67904,-168837819.54784,-23.63177,114420798.96384001,0.2747582051678055,3263008574.0,2719242038.0,2493985244.0,543766536.0,543766536.0,0.0,549964327.0,23686573716.0,21533988142.0,312.556556091954,4.586500048984258,0.0,0.0,-0.07025686388348054,312.556556091954,-0.07560796862602784,56.87847436583451,-28.802276636362496,8.710726513121081,0.0,0.0,0.0,0.12762509850488674,4.1002625932096715,-0.06300822141072314,34.197816499059556,0.2747582051678055,-1.22127341976333,-1.9741162770097107,5.139157921989823,17.833362108356745,-0.3725445725908467,-3.0725425798558823,-3.150049993444265,-1.333207629660692,-0.8187803446031198,-0.731867366360406,Electronic Gaming & Multimedia,Communication Services,NCTY
2008Q3,2008,Q3,2008-11-20,2008-09-30,99200068.88832,411822841.12576,78527392.41536,106.798955,182356855.90656003,0.4428041324955868,3566294566.304,3001705112.63104,2504845160.69248,564408902.00512,564408902.00512,0.0,770523640.87488,3168521274.83814,1305088128.85414,3261.5813950237416,4.437997260131374,0.0,0.0,0.02456972597020541,3261.5813950237416,0.03304790616203123,7.693893971924097,7.985179119193151,1.0555738008724258,0.0,0.0,0.0,0.11547639530869173,4.04191293536831,0.027816005392714366,0.0,0.4428041324955868,-0.1486961819670469,2.2365925273963523,40.806695038421424,0.0,-0.14758100308944502,-0.1435432740616046,-0.3090580534684538,1.3076159147001398,0.8549953869594189,2.018758948710587,Electronic Gaming & Multimedia,Communication Services,NCTY
2008Q2,2008,Q2,2008-07-07,2008-06-30,115826130.94623,454814614.20508,113652663.30921,125.453396,213928662.50925997,0.4703645305750831,3379969945.23435,2864883301.88999,2299399522.53192,515086643.34436,515086643.34436,0.0,665452507.16398,4264947013.19904,2838031664.53372,3114.3962737584193,4.464102403437128,0.0,0.0,0.037409531898880584,3114.3962737584193,0.04042961570889063,9.377330630972068,9.205493998541137,1.4886983390860686,0.0,0.0,0.0,0.13456173326225995,4.066559223601163,0.03426839079132675,0.0,0.4703645305750831,0.29621418065388905,4.375392960112207,47.97456689723515,997.2766533519991,0.028063291834606766,0.2912220760854337,-0.0037673841544016485,9.109608519714868,7.723486328525809,2.0170092278464744,Electronic Gaming & Multimedia,Communication Services,NCTY
2008Q1,2008,Q1,2008-04-08,2008-03-31,89702718.91368,439510831.88416,114082455.74528,96.784465,208089000.16991997,0.4734559084194883,3211799694.97304,2736857424.47576,2384652951.59368,474942270.49728,474942270.49728,0.0,554123806.23328,4008489393.18,2224406743.40824,2940.3123366073023,5.02093222634589,0.0,0.0,0.037428536755030516,2940.3123366073023,0.03277580998975947,9.120342668224614,11.171593909648735,1.4646321570616045,0.0,0.0,0.0,0.13684254113731376,4.485137607330741,0.027929113715926476,0.0,0.4734559084194883,0.01281357262452904,5.97938855048551,78.34396088969483,0.0,0.27788836475943784,0.00727744463748426,0.37476068633138865,8.399961723545472,28.747489050873654,1.7717916775172753,Electronic Gaming & Multimedia,Communication Services,NCTY
2007Q4,2007,Q4,2007-12-31,2007-12-31,89054628.783,391366753.53344,82983501.69564,95.56,162838167.95615998,0.4160756285146393,3250765004.96324,2810122002.26192,2418228179.85668,440643002.70132,440643002.70132,0.0,551626234.16012,4342490486.419801,2124025979.6166806,3019.0233209554312,5.487953207090461,0.0,0.0,0.031782379224887525,3019.0233209554312,0.03169066279375709,11.095706130410386,12.19052436061795,1.5453031871656988,0.0,0.0,0.0,0.12039220089299121,5.0951837612812145,0.027394975843234488,7.03257678210598,0.4160756285146393,1.4996313069979894,9.066478118755438,283.65386327827247,29.813828821803043,0.08855307496634197,1.3311239842115068,0.898457549059767,13.05220132291788,36.92899460313871,1.8127292990758228,Electronic Gaming & Multimedia,Communication Services,NCTY
2007Q3,2007,Q3,2007-11-19,2007-09-30,38202441.992,333472190.76,43711012.52,38.229638,149591390.352,0.44858730202081815,3205370309.432,2799425763.72,2344647379.12,405944545.712,405944545.712,0.0,526691695.368,7352592689.712,5275534587.656,2859.73470899806,5.775782440943116,0.0,0.0,0.01328422086599766,2859.73470899806,0.01364652797266355,22.04859323638073,48.11598621922986,2.6264646074920566,0.0,0.0,0.0,0.10403546503776412,5.167500227403573,0.011918261637223928,0.0,0.44858730202081815,-0.3296139972732234,2.79069921759299,124.51518656978895,0.0,0.3067162109116889,-0.2443358507795986,0.09087405413749662,4.203386412915408,26.89678220829378,0.0,Electronic Gaming & Multimedia,Communication Services,NCTY
2007Q2,2007,Q2,2007-08-29,2007-06-30,50554789.494,269686230.036,40069715.064,57.026307,114478866.26250002,0.42448910442041626,3185633034.5325,2738261426.571,2320213294.2255,447371607.9615,447371607.9615,0.0,487735472.0265,9279633958.718401,7194925694.832901,3113.755420204274,5.186322182576176,0.0,0.0,0.0143332743502616,3113.755420204274,0.018462367764975406,34.409001740577104,45.88899514565151,3.3888780189767576,0.0,0.0,0.0,0.08465702958017485,4.691296290199791,0.015869621185485683,0.0,0.42448910442041626,-0.2758770071286481,3.6369898543977355,111.95719442945354,0.0,-0.12087946750537264,-0.23476582394148304,-0.44428765846520285,1.7998704718734801,9.748226410476324,997.0712366082432,Electronic Gaming & Multimedia,Communication Services,NCTY
2007Q1,2007,Q1,2007-05-22,2007-03-31,66064468.9896,269917399.9368,72105137.9808,78.752239,130219761.71760002,0.48244300570504317,1755338997.3264,1418186662.8408,974895533.376,337152334.4856,337152334.4856,0.0,437533396.9104,6430732337.13984,5571401815.3718405,1720.3967101328706,2.891558010011758,0.0,0.0,0.045418173652294974,1720.3967101328706,0.04658376130633245,23.824815809005155,24.33506404990623,4.5344752603005745,,0.0,,0.15376938605472665,2.579678069944811,0.037636302212976765,0.0,0.48244300570504317,-0.38604319794184144,4.67607158764887,119.6023764770305,0.0,0.2981058995650053,-0.3811817352463665,-0.11602580443807922,7.087885820873105,22.77937001339172,0.0,Electronic Gaming & Multimedia,Communication Services,NCTY
2022Q4,2022,Q4,2022-12-31,2022-12-31,,,,,,,599106683.0,45309203.0,397674315.0,564162525.0,571568330.0,267843394.0,-4378321226.0,0.0,16119061.0,0.0,0.7048931777239192,0.12382234434196755,1.6372566518108915,,0.0,,0.0,0.0,0.0,0.0,,,,0.1125371948446948,,0.0,0.0,0.0,1.0,-1.0,1.0,0.0,0.0,0.0,1.0,-1.0,1.0,Electronic Gaming & Multimedia,Communication Services,NCTY
2022Q2,2022,Q2,2022-06-30,2022-06-30,,,,,,,776838247.0,322286612.0,536218439.0,467749986.0,470848546.0,420657468.0,-3983130692.0,0.0,-7267795.0,0.0,1.1463783111689927,0.08705033031155583,0.20982573734710394,,0.0,,0.0,0.0,0.0,0.0,,,,0.16824095426055236,,0.0,0.0,0.0,1.0,-1.0,1.0,0.0,0.0,0.0,1.0,-1.0,1.0,Electronic Gaming & Multimedia,Communication Services,NCTY
2021Q4,2021,Q4,2021-12-31,2021-12-31,,,,,,,1310318375.0,776470952.0,1050511405.0,544295473.0,546862815.0,0.0,-3403462176.0,0.0,-328698316.0,0.0,1.9300388430752207,0.0761055167222241,0.1284303768777689,,0.0,,0.0,0.0,0.0,0.0,0.0,,,0.9098796362761592,,0.0,0.0,0.0,0.0,0.0,0.0,0.0,0.0,0.0,1.0,-1.0,1.0,Electronic Gaming & Multimedia,Communication Services,NCTY
2021Q2,2021,Q2,2021-06-30,2021-06-30,,,,,,,1307556141.0,868317807.0,1094600115.0,450106641.0,450106641.0,0.0,-3118000119.0,0.0,-771677554.0,0.0,2.4318683958275567,0.051642434219579716,0.07776574596955145,,0.0,,0.0,0.0,0.0,0.0,0.0,,,1.8937965169902926,,0.0,0.0,0.0,0.0,0.0,0.0,0.0,0.0,0.0,1.0,-1.0,1.0,Electronic Gaming & Multimedia,Communication Services,NCTY
2020Q4,2020,Q4,2020-12-31,2020-12-31,,,,,,,48441307.0,-287718247.0,42315115.0,364372791.0,715883834.0,0.0,-2992227421.0,0.0,-25444532.0,0.0,0.1161313798537718,0.12905731465916062,-0.021728566280330493,,0.0,,0.0,0.0,0.0,0.0,0.0,,,0.09389396751087267,,0.0,0.0,0.0,0.0,0.0,0.0,0.0,0.0,0.0,1.0,-1.0,1.0,Electronic Gaming & Multimedia,Communication Services,NCTY
2016Q4,2016,Q4,2017-04-07,2016-12-31,,,,,,,350891994.0,-339616808.0,88038216.0,573749023.0,806175318.0,0.0,-2897802287.0,0.0,301065586.0,0.0,0.15344377501449794,0.9687985699668029,-1.0009624199753977,,0.0,,0.0,0.0,0.0,0.0,0.0,,,0.11734631746815193,,0.0,0.0,0.0,1.0,-1.0,-1.0,0.0,0.0,0.0,1.0,-1.0,-1.0,Electronic Gaming & Multimedia,Communication Services,NCTY
2016Q2,2016,Q2,2016-06-30,2016-06-30,,,,,,,396397533.0,-124269872.0,59547972.0,454799065.0,661015605.0,0.0,-2706213255.0,0.0,203469208.0,0.0,0.13093248553622247,0.568614694178735,-1.813773993426178,,0.0,,0.0,0.0,0.0,0.0,0.0,,,0.1087435129181719,,0.0,0.0,0.0,-1.0,-1.0,-1.0,0.0,0.0,0.0,1.0,-1.0,-1.0,Electronic Gaming & Multimedia,Communication Services,NCTY
2015Q4,2015,Q4,2016-04-11,2015-12-31,,,,,,,538094921.0,-197362396.0,77258122.0,427966024.0,600565840.0,0.0,-2304020698.0,0.0,117898570.0,0.0,0.18052396140680552,0.31018525632952404,-0.8456986456528426,,0.0,,0.0,0.0,0.0,0.0,0.0,,,0.1563134530511235,,0.0,0.0,0.0,1.0,-1.0,-1.0,0.0,0.0,0.0,1.0,-1.0,-1.0,Electronic Gaming & Multimedia,Communication Services,NCTY
2015Q2,2015,Q2,2015-06-30,2015-06-30,,,,,,,407424896.0,-50508473.0,128349909.0,301312229.0,341517438.0,0.0,-2113204640.0,0.0,-89326020.0,0.0,0.4259697969311428,0.0,0.0,,0.0,,0.0,0.0,0.0,0.0,0.0,,,0.345115235930235,,0.0,0.0,0.0,1.0,-1.0,-1.0,0.0,0.0,0.0,1.0,-1.0,-1.0,Electronic Gaming & Multimedia,Communication Services,NCTY
2014Q4,2014,Q4,2015-03-27,2014-12-31,,,,,,,517330710.0,98026648.0,255853455.0,296590707.0,320945335.0,0.0,-1999192344.0,0.0,-181482300.0,0.0,0.8626482521584872,0.0,0.0,,0.0,,0.0,0.0,0.0,0.0,0.0,,,0.7905034394756003,,0.0,0.0,0.0,1.0,-1.0,-1.0,0.0,0.0,0.0,1.0,-1.0,-1.0,Electronic Gaming & Multimedia,Communication Services,NCTY
2014Q2,2014,Q2,2014-06-30,2014-06-30,,,,,,,373615863.0,136049569.0,85103416.0,312139227.0,337773987.0,0.0,-2054482638.0,0.0,-26964558.0,0.0,0.27264569345524775,0.0,0.0,,0.0,,0.0,0.0,0.0,0.0,0.0,,,0.13945078424891466,,0.0,0.0,0.0,1.0,-1.0,-1.0,0.0,0.0,0.0,-1.0,-1.0,-1.0,Electronic Gaming & Multimedia,Communication Services,NCTY
