Quarters,Year,Quarter,FillingDate,Date,NetIncome,Revenue,OperatingIncome,EPSDiluted,GrossProfit,GrossProfitRatio,TotalAssets,CommonStockEquity,CurrentAssets,CurrentLiability,TotalLiability,Inventory,RetainedEarnings,MarketCap,EnterpriseValue,bookValuePerShare,currentRatio,debtToAssets,debtToEquity,roic,shareholdersEquityPerShare,roe,priceToSalesRatio,peRatio,pbRatio,payoutRatio,inventoryTurnover,dividendYield,assetTurnover,quickRatio,returnOnAssets,priceToFreeCashFlowsRatio,grossProfitMargin,epsdilutedGrowth,fiveYNetIncomeGrowthPerShare,fiveYRevenueGrowthPerShare,fiveYShareholdersEquityGrowthPerShare,grossProfitGrowth,netIncomeGrowth,operatingIncomeGrowth,threeYNetIncomeGrowthPerShare,threeYRevenueGrowthPerShare,threeYShareholdersEquityGrowthPerShare,Industry,Sector,Symbol
2023Q1,2023,Q1,2023-05-09,2023-03-31,27842000.0,27080000.0,-978000.0,1.05,19333000.0,0.7139217134,201255000.0,28904000.0,19002000.0,1782000.0,175486000.0,0.0,-342585000.0,211977410.0,247868410.0,1.201280079797182,10.663299663299663,0.21953243397679562,1.5285773595350125,-0.012818702872467518,1.201280079797182,0.9632576805978411,7.827821639586411,1.9033960383593136,7.333843412676447,0.0,0.0,0.0,0.1345556632133363,11.9668911335578,0.1383419045489553,-31.79025344931014,0.7139217134416543,6.526315789473684,12.618521856700864,-0.4780876142146658,-0.3693954979750628,33.49243697478992,6.834450963956413,0.9136118717427789,23.923673798276177,0.6983287705003343,0.4509112347331442,Auto & Truck Dealerships,Consumer Cyclical,KFS
2022Q4,2022,Q4,2023-03-08,2022-12-31,-4772000.0,18078000.0,-11321000.0,-0.19,-595000.0,-0.0329129328,285650000.0,21684000.0,74625000.0,2162000.0,263529000.0,0.0,-370427000.0,182080730.0,221221730.0,0.9443839554026393,34.516651248843665,0.3659233327498687,4.820420586607637,-0.07562592040798853,0.9443839554026393,-0.22007009776793948,10.071950990153779,-9.539015611902766,8.39700839328537,0.0,0.0,0.0,0.06328723962891651,36.23913043478261,-0.01670575879572904,66.91684307239986,-0.03291293284655382,-1.1275167785234899,-0.003243978484967038,-0.6534576401686516,-0.5355846475345922,-1.0175242246635054,-1.1244653103808033,-1.234856028545349,-0.13553858496038326,0.06283912360850827,1.6842453618658664,Auto & Truck Dealerships,Consumer Cyclical,KFS
2022Q3,2022,Q3,2022-11-10,2022-09-30,38340000.0,42282000.0,48204000.0,1.49,33953000.0,0.8030131025,506055000.0,34483000.0,68844000.0,33852000.0,457075000.0,0.0,-362130000.0,159342400.0,395516400.0,1.5018728222996516,2.0336760014179367,0.5628123425319382,8.259548183162718,0.13048225164551935,1.5018728222996516,1.1118522170344807,3.7685634548980653,1.0390088680229526,4.6208972537192246,0.0,0.0,0.0,0.08355218306310579,2.0336760014179367,0.07576251593206272,51.45056506296416,0.8030131025022468,15.9,22.9381628649141,-0.19706371156878133,-0.33036468934795804,0.44284378718340983,17.211416490486258,68.55844155844156,9.677481543368529,1.2593943375832153,1.2557492276410798,Auto & Truck Dealerships,Consumer Cyclical,KFS
2022Q2,2022,Q2,2022-08-04,2022-06-30,-2365000.0,27778000.0,693000.0,-0.1,23532000.0,0.8471452228,469628000.0,1246000.0,32900000.0,27895000.0,454690000.0,0.0,-400470000.0,130433100.0,402261100.0,0.054450902416641175,1.179422835633626,0.6037374262181983,227.553772070626,0.002410228522522967,0.054450902416641175,-1.8980738362760834,4.6955540355677154,-13.787854122621564,104.68146067415731,0.0,0.0,0.0,0.059148943419046564,1.179422835633626,-0.00503590075549158,55.740641025641025,0.8471452228382172,0.09090909090909087,0.7135464172520117,-0.4528729404057821,-0.9775612631972445,-0.11370569846710105,0.0555111821086262,100.0,-2.455649139800509,0.7588565539593259,-0.9390271465001694,Auto & Truck Dealerships,Consumer Cyclical,KFS
2022Q1,2022,Q1,2022-05-06,2022-03-31,-2504000.0,26551000.0,-7000.0,-0.11,26551000.0,1.0,474575000.0,-1758000.0,35405000.0,0.0,462698000.0,0.0,-397802000.0,125856500.0,405061500.0,-0.07682559105012454,0.0,0.6158310066901965,-166.24459613196814,-2.0555830718085286e-05,-0.07682559105012454,1.4243458475540387,4.7401792776166625,-12.565545127795527,-71.59072810011376,0.0,0.0,0.0,0.055946899857767476,0.0,-0.0052762998472317335,33.750737463126846,1.0,-2.7322834645669287,-0.47770147795636575,-0.4680458609648396,-1.0273604782041021,-0.14733934936895854,-2.735273735273735,-1.0030263726761781,-1.8025446230741264,0.7971756611704542,-1.0813116754276881,Auto & Truck Dealerships,Consumer Cyclical,KFS
2021Q4,2021,Q4,2022-02-28,2021-12-31,1443000.0,31139000.0,2313000.0,0.0635,31139000.0,1.0,461653000.0,773000.0,33353000.0,0.0,460880000.0,0.0,-395149000.0,124571360.00000001,407123360.0,0.03400492697518916,0.0,0.6394283152064429,381.8809831824062,-0.18037839233033565,0.03400492697518916,1.8667529107373868,4.000493272102508,21.582009702009703,161.15311772315653,0.0,0.0,0.0,0.0674510942201177,0.0,0.003125724299419694,62.44178446115289,1.0,2.27,0.06139222555484799,-0.4075932807946184,-0.9887619743039887,0.447046795854826,2.431547619047619,0.0,1.0907828038194047,1.364217321377635,-0.9594294519255601,Auto & Truck Dealerships,Consumer Cyclical,KFS
2021Q3,2021,Q3,2021-11-05,2021-09-30,-1008000.0,21519000.0,0.0,-0.05,21519000.0,1.0,446672000.0,138000.0,0.0,0.0,433018000.0,0.0,-395859000.0,121820788.0,377759788.0,0.006070737286644378,0.0,0.6136001361177778,1986.072463768116,0.0,0.006070737286644378,-7.304347826086956,5.661080347599795,-30.213489087301586,882.7593333333333,0.0,0.0,0.0,0.048176290432353046,0.0,-0.002256689472364509,37.12916427918318,1.0,-0.6666666666666669,-1.571730810985467,-0.5856222090226489,-0.9975021950364135,-0.04728383583477221,-0.47368421052631576,0.0,0.7702093586400823,0.6402970595909153,-0.9950858200015483,Auto & Truck Dealerships,Consumer Cyclical,KFS
2021Q2,2021,Q2,2021-08-05,2021-06-30,-684000.0,22587000.0,0.0,-0.03,22587000.0,1.0,447491000.0,250000.0,0.0,0.0,432572000.0,0.0,-394851000.0,111830000.0,370094000.0,0.011177680407761782,0.0,0.615335280486088,1101.428,0.0,0.011177680407761782,-2.736,4.951078053747731,-40.873538011695906,447.32,0.0,0.0,0.0,0.05047475815156059,0.0,-0.00152852236134358,-11.27659574468085,1.0,-2.5,-0.17913759454925848,-0.5072550155116383,-0.9953347667518686,0.01427994072477435,-2.06875,0.0,0.9220252576821621,0.5851408717485073,-0.9927549166554689,Auto & Truck Dealerships,Consumer Cyclical,KFS
2021Q1,2021,Q1,2021-05-13,2021-03-31,640000.0,22269000.0,0.0,0.02,22269000.0,1.0,439821000.0,4361000.0,0.0,0.0,421217000.0,0.0,-394167000.0,103313700.00000001,347860700.0,0.1962822936357908,0.0,0.5912314327874294,59.62760834670947,0.0,0.1962822936357908,0.14675533134602156,4.63935066684629,40.3569140625,23.69036918138042,0.0,0.0,0.0,0.05063196163893948,0.0,0.0014551374309093926,-49.267381974248934,1.0,1.1560857343640196,1.3899422208901009,-0.4672264550652973,-0.9174143663664972,0.21119329924942892,1.2248770203794799,0.0,1.2892272010868004,-0.5352082942926549,-0.8969628314694037,Auto & Truck Dealerships,Consumer Cyclical,KFS
2020Q4,2020,Q4,2021-03-29,2020-12-31,-2846000.0,18386000.0,0.0,-0.12813470802755392,18386000.0,1.0,452474000.0,4506000.0,0.0,0.0,433811000.0,0.0,-394807000.0,104391700.0,361518700.0,0.20287245058754672,0.0,0.6000366871908662,60.253217931646695,0.0,0.20287245058754672,-0.6316023080337329,5.677782008049603,-9.170036893886156,23.167265867731913,0.0,0.0,0.0,0.040634378991942076,0.0,-0.0062898641689909255,87.21111111111111,1.0,-0.8304958289650558,-0.1521601711784159,-0.5725068875550113,-0.9172899782587539,0.08760721679976338,-1.302588996763754,0.0,0.3814658123499799,-0.6356524205307622,-0.9002343484277356,Auto & Truck Dealerships,Consumer Cyclical,KFS
2020Q3,2020,Q3,2020-11-06,2020-09-30,-1236000.0,16905000.0,0.0,-0.07,16905000.0,1.0,394332000.0,11979000.0,0.0,0.0,368363000.0,0.0,-391961000.0,65522450.00000001,295370450.0,0.53932736031696,0.0,0.6348812675613442,20.89940729610151,0.0,0.53932736031696,-0.10318056599048335,3.87592132505176,-13.252922734627832,5.469776275148177,0.0,0.0,0.0,0.042869967438605036,0.0,-0.003134414655670856,47.37704266088215,1.0,0.12499999999999993,-0.35745556456505573,-0.6042351803173068,-0.7885138016901305,0.13961170284481597,0.19162851536952255,0.0,0.26891076337243175,-0.6681479452911853,-0.7595318064841201,Auto & Truck Dealerships,Consumer Cyclical,KFS
2020Q2,2020,Q2,2020-08-13,2020-06-30,-1529000.0,14834000.0,0.0,-0.08,14834000.0,1.0,394611000.0,15987000.0,0.0,0.0,364743000.0,0.0,-390725000.0,49694891.4,284870891.4,0.7197784881365089,0.0,0.6298025143749161,15.545568274222806,0.0,0.7197784881365089,-0.09564020766873084,3.350066832951328,-8.125391007194246,3.108456333270783,0.0,0.0,0.0,0.03759145082118846,0.0,-0.003874701921639285,-29.335827272727272,1.0,-0.14285714285714277,-1.7152513178881217,-0.656453690260331,-0.7329939208934073,0.01429059829059829,-0.3725314183123878,0.0,0.8092012842098796,-0.6989834706998375,-0.7033856311875477,Auto & Truck Dealerships,Consumer Cyclical,KFS
2020Q1,2020,Q1,2020-07-17,2020-03-31,-1114000.0,14625000.0,0.0,-0.07,14625000.0,1.0,395089000.0,18272000.0,0.0,0.0,363051000.0,0.0,-389196000.0,43696620.0,275584620.0,0.8279487063301464,0.0,0.622452156349582,13.459063047285465,0.0,0.8279487063301464,-0.06096760070052539,2.987803076923077,-9.806243267504488,2.3914524956217162,0.0,0.0,0.0,0.03701697592188089,0.0,-0.0028196178582547225,76.25937172774869,1.0,0.617528139001202,-1.4501910810786982,-0.6945845114115512,-0.6470603845022993,-0.0971107544141252,0.7216391804097951,0.0,0.31833989061311535,-0.6961778096588231,-0.7051363715655533,Auto & Truck Dealerships,Consumer Cyclical,KFS
2019Q4,2019,Q4,2020-07-10,2019-12-31,-4002000.0,16198000.0,0.0,-0.18302,16198000.0,1.0,399623000.0,7693000.0,0.0,0.0,378850000.0,0.0,-388082000.0,40670760.0,289250760.0,0.3518247507545962,0.0,0.6557630566809217,34.06447419732224,0.0,0.3518247507545962,-0.5202131808137268,2.5108507223113965,-2.5406521739130437,5.286722994930456,0.0,0.0,0.0,0.04053320254339715,0.0,-0.010014438608388406,-49.841617647058825,1.0,0.08490000000000011,-6.741353967798071,-0.6586724320788565,-0.8417375076525199,-0.09117432530999271,0.04895437262357415,0.0,-4.060236276326368,-0.6796350373877451,-0.8837281552653312,Auto & Truck Dealerships,Consumer Cyclical,KFS
2019Q3,2019,Q3,2020-04-10,2019-09-30,-4208000.0,17823000.0,0.0,-0.2,17823000.0,1.0,402394000.0,14559000.0,0.0,0.0,375656000.0,0.0,-384080000.0,48326070.0,295015070.0,0.6657977774729044,0.0,0.6455538601470201,17.842365547084277,0.0,0.6657977774729044,-0.28903084003022184,2.71144420131291,-2.8710830560836498,3.319326189985576,0.0,0.0,0.0,0.044292409926589366,0.0,-0.010457412386864616,19.862749691738593,1.0,-4.0,0.5242155546502505,-0.6946363501919542,-0.7345961286308132,0.1809567983037371,-5.434250764525994,0.0,-3.48116267185938,-0.6432174256158627,-0.7260574927240998,Auto & Truck Dealerships,Consumer Cyclical,KFS
2019Q2,2019,Q2,2020-04-10,2019-06-30,-654000.0,15092000.0,0.0,-0.04,15092000.0,1.0,404294000.0,19528000.0,0.0,0.0,372790000.0,0.0,-379872000.0,52043460.0,302491460.0,0.8930351671468423,0.0,0.6464280944065457,13.383193363375666,0.0,0.8930351671468423,-0.033490372798033595,3.448413729128015,-19.894288990825686,2.665068619418271,0.0,0.0,0.0,0.037329270283506556,0.0,-0.001617634691585826,146.6012957746479,1.0,-1.3076923076923077,0.900042765378373,-0.7757966540309671,-0.6002460822737952,0.07027870363803985,-1.2196104768300873,0.0,-0.15314852666963116,-0.6632484737845338,-0.6272735306843266,Auto & Truck Dealerships,Consumer Cyclical,KFS
2019Q1,2019,Q1,2020-04-09,2019-03-31,2978000.0,14101000.0,0.0,0.13,14101000.0,1.0,405057000.0,20636000.0,0.0,0.0,372408000.0,0.0,-379218000.0,66396640.0,316983640.0,0.9448285334920562,0.0,0.6516095265604593,12.790220973056794,0.0,0.9448285334920562,0.14431091296762938,4.708647613644422,5.573928811282739,3.217515022291142,0.0,0.0,0.0,0.034812384429845675,0.0,0.0073520516865527566,-22.560869860686374,1.0,1.25,2.3503406821049464,-0.7841581683666295,-0.6318122288962933,0.11699936628643853,1.195470955037742,0.0,2.8457693238495403,-0.6568181646435869,-0.6024640752454173,Auto & Truck Dealerships,Consumer Cyclical,KFS
2018Q4,2018,Q4,2020-02-27,2018-12-31,-15235000.0,12624000.0,0.0,-0.52,12624000.0,1.0,378240000.0,18262000.0,0.0,0.0,348182000.0,0.0,-382196000.0,62531560.0,301168560.0,0.8381677987883238,0.0,0.6695642978003384,13.867922461942833,0.0,0.8381677987883238,-0.8342459752491512,4.953387198986058,-1.0261168362323596,3.424135363048954,0.0,0.0,0.0,0.0333756345177665,0.0,-0.04027865905245347,9.795043859649123,1.0,-2.25,-0.046668680025664,-0.7943661173267705,-0.6101435225797107,0.007662835249042145,-2.636906182859871,0.0,-5.287401095694543,-0.7007807034599928,-0.6582834354303886,Auto & Truck Dealerships,Consumer Cyclical,KFS
2018Q3,2018,Q3,2018-11-09,2018-09-30,-4189000.0,12528000.0,0.0,-0.16,12528000.0,1.0,471780000.0,26817000.0,0.0,0.0,439450000.0,0.0,-369771000.0,55138320.0,272889320.0,1.2353510226644555,0.0,0.5115562338378058,8.999589812432411,0.0,1.2353510226644555,-0.1562068836931797,4.401206896551724,-3.290661255669611,2.056095760152142,0.0,0.0,0.0,0.026554750095383443,0.0,-0.008879138581542245,-5.480946322067594,1.0,0.6,-2.405325196303779,-0.8104906452571086,-0.6478586940081156,-0.09414316702819957,0.5079868451961476,0.0,-3.7072342495443573,-0.6999096326834368,-0.5155823520468642,Auto & Truck Dealerships,Consumer Cyclical,KFS
2018Q2,2018,Q2,2018-08-08,2018-06-30,-8514000.0,13830000.0,0.0,-0.4,13830000.0,1.0,482539000.0,33491000.0,0.0,0.0,443645000.0,0.0,-364917000.0,59697000.0,276790000.0,1.5427952828450342,0.0,0.5011118272305451,7.220029261592667,0.0,1.5427952828450342,-0.2542175509838464,4.31648590021692,-1.752906976744186,1.7824788749216207,0.0,0.0,0.0,0.028660895803240775,0.0,-0.017644169694055818,-12.4032827758155,1.0,-2.6363636363636367,0.49862804391420307,-0.7979760076768524,-0.4867238019854426,-0.7045629325813894,-2.9380203515263643,0.0,-5.075051731327547,-0.6722841153472661,-0.42769098253673565,Auto & Truck Dealerships,Consumer Cyclical,KFS
2018Q1,2018,Q1,2018-05-14,2018-03-31,-2162000.0,46812000.0,0.0,-0.11,46812000.0,1.0,493000000.0,41353000.0,0.0,0.0,446352000.0,0.0,-356273000.0,86832000.0,283290000.0,1.9049659111848167,0.0,0.4942292089249493,5.892075544700505,0.0,1.9049659111848167,-0.052281575701883784,1.8549089976928992,-10.040703052728954,2.0997751070055375,0.0,0.0,0.0,0.09495334685598378,0.0,-0.004385395537525355,-52.49818621523579,1.0,0.47619047619047616,0.9248712264505023,-0.3333091192131323,-0.4705475213238395,-0.05085158150851581,0.5192350455859461,0.0,-1.8882397964926498,-0.0061628630528000475,-0.18794735580914115,Auto & Truck Dealerships,Consumer Cyclical,KFS
2017Q4,2017,Q4,2018-03-16,2017-12-31,-4497000.0,49320000.0,0.0,-0.21,49320000.0,1.0,484600000.0,44143000.0,0.0,0.0,435290000.0,0.0,-313487000.0,109625400.0,308830400.0,2.033489957619311,0.0,0.5024576970697483,5.515959495276714,0.0,2.033489957619311,-0.10187345672020479,2.2227372262773724,-6.094362908605737,2.4834152640282716,0.0,0.0,0.0,0.10177465951300041,0.0,-0.009279818406933553,-20.617904833552757,1.0,-1.9999999999999996,0.8003727408608391,-0.38120190340980536,-0.5874956979211184,-0.0025482344375682563,-1.740402193784278,0.0,-7.498448134416383,0.04684545153234341,-0.0852684804973188,Auto & Truck Dealerships,Consumer Cyclical,KFS
2017Q3,2017,Q3,2017-11-07,2017-09-30,-1641000.0,49446000.0,0.0,-0.07,49446000.0,1.0,479330000.0,48353000.0,0.0,0.0,429861000.0,0.0,-308854000.0,131509899.99999999,337684900.0,2.242822023284939,0.0,0.4939999582750923,4.897090149525366,0.0,2.242822023284939,-0.033937914917378444,2.6596671115964887,-20.035024375380864,2.719787810477116,0.0,0.0,0.0,0.1031564892662675,0.0,-0.0034235286754428058,-24.878906545592127,1.0,0.8108108108108107,0.9469575214499429,-0.1334799903747995,-0.6201343880443915,0.038585141464849086,0.7880392663394472,0.0,0.8118069061403858,-0.14073269421158555,-0.10595428835579132,Auto & Truck Dealerships,Consumer Cyclical,KFS
2017Q2,2017,Q2,2017-08-07,2017-06-30,-7742000.0,47609000.0,0.0,-0.37,47609000.0,1.0,489044000.0,52071000.0,0.0,0.0,435936000.0,0.0,-307328000.0,129820900.0,332582900.0,2.426647404231522,0.0,0.48367427061777674,4.542605288932419,0.0,2.426647404231522,-0.14868160780472817,2.7268142578083974,-4.192098295014208,2.4931516583126885,0.0,0.0,0.0,0.0973511585869574,0.0,-0.0158308863824114,-260.162124248497,1.0,-3.6249999999999996,0.21154549325579575,-0.26588401433814157,-0.7016327848904987,0.017199384667977095,-3.8722466960352424,0.0,-0.20583980316611444,-0.2792505551275221,0.08625263871850229,Auto & Truck Dealerships,Consumer Cyclical,KFS
2017Q1,2017,Q1,2017-05-05,2017-03-31,-1589000.0,46804000.0,0.0,-0.08,46804000.0,1.0,497707000.0,60252000.0,0.0,0.0,436520000.0,0.0,-299432000.0,124456400.0,325490400.0,2.807903812098052,0.0,0.47160477951887353,3.895654916019385,0.0,2.807903812098052,-0.026372568545442475,2.6590975130330743,-19.580931403398363,2.0655978224789218,0.0,0.0,0.0,0.0940392640650021,0.0,-0.003192641453706699,-15.803987301587302,1.0,-2.6,0.9118652338458091,-0.22029750792858818,-0.6783359553524825,-0.018989729616432614,-2.287682333873582,0.0,0.26662545181972597,-0.27079111147153745,0.09420472541081998,Auto & Truck Dealerships,Consumer Cyclical,KFS
2016Q4,2016,Q4,2017-03-13,2016-12-31,1234000.0,47710000.0,0.0,0.05,47710000.0,1.0,501021000.0,62433000.0,0.0,0.0,437759000.0,0.0,-297668000.0,128956250.0,326174250.0,3.0258808704502496,0.0,0.4664335427057948,3.7431006038473242,0.0,3.0258808704502496,0.019765188281838132,2.7029186753301193,26.12565842787682,2.0655142312559063,0.0,0.0,0.0,0.09522554942806788,0.0,0.0024629706140061993,-28.868647862099845,1.0,-0.1666666666666666,1.1113956278380768,-0.4500261142431861,-0.6791928413702398,0.05248064238600516,-0.198180636777128,0.0,1.089523472242331,-0.17934221284610768,0.407426125117808,Auto & Truck Dealerships,Consumer Cyclical,KFS
2016Q3,2016,Q3,2016-11-03,2016-09-30,1539000.0,45331000.0,0.0,0.06,45331000.0,1.0,438802000.0,48227000.0,0.0,0.0,389811000.0,0.0,-310493000.0,113898820.0,312898820.0,2.430428866602832,0.0,0.5234821172191558,4.762995832210173,0.0,2.430428866602832,0.031911584796898006,2.5126032957578697,18.50208252111761,2.361723101167396,0.0,0.0,0.0,0.10330627481187415,0.0,0.003507276630462031,-19.526627807303274,1.0,3.0,-0.8600422340469208,-0.5342231158985352,-0.7557120127590442,0.11605977792549918,3.9941634241245136,0.0,-0.43517023750866873,-0.24983518876201796,-0.30719740421637004,Auto & Truck Dealerships,Consumer Cyclical,KFS
2016Q2,2016,Q2,2016-08-04,2016-06-30,-514000.0,40617000.0,0.0,-0.03,40617000.0,1.0,241137000.0,47483000.0,0.0,0.0,192301000.0,0.0,-311292000.0,106422660.0,102837660.0,2.395953173882329,0.0,0.15054512579985652,0.764526251500537,0.0,2.395953173882329,-0.010824926815913063,2.620150675825393,-51.76199416342413,2.2412791946591413,0.0,0.0,0.0,0.16843951778449595,0.0,-0.0021315683615538055,-58.21808533916849,1.0,0.625,0.8673136448641195,-0.5514318354795565,-0.755829696292345,0.09538834951456311,0.646978021978022,0.0,0.96684496426719,-0.3500969114120087,-0.20288469287810282,Auto & Truck Dealerships,Consumer Cyclical,KFS
2016Q1,2016,Q1,2016-05-05,2016-03-31,-1456000.0,37080000.0,0.0,-0.08,37080000.0,1.0,241544000.0,46845000.0,0.0,0.0,192986000.0,0.0,-310547000.0,93622500.0,90008500.0,2.3767123287671232,0.0,0.15471301295002152,0.797737218486498,0.0,2.3767123287671232,-0.031081225317536557,2.524878640776699,-16.075291895604398,1.9985590778097984,0.0,0.0,0.0,0.15351240353724374,0.0,-0.006027887258636107,-22.80138821237214,1.0,0.3333333333333333,0.9459055552962641,-0.5049346935845344,-0.7608375556248831,-0.028454645495991197,0.3357664233576642,0.0,0.9442756292324413,-0.41837879413018003,-0.33943372625324664,Auto & Truck Dealerships,Consumer Cyclical,KFS
2015Q4,2015,Q4,2016-03-10,2015-12-31,-2192000.0,38166000.0,0.0,-0.12,38166000.0,1.0,241022000.0,48345000.0,0.0,0.0,190925000.0,0.0,-308995000.0,90074700.0,78271700.0,2.4528158295281584,0.0,0.16553675598078182,0.8252766573585686,0.0,2.4528158295281584,-0.04534077981176957,2.3600770319132214,-10.273118156934308,1.8631647533354019,0.0,0.0,0.0,0.15835068997850818,0.0,-0.00909460547169968,-4.040130074007625,1.0,-1.3999999999999997,0.9687426859930154,0.9316314501447456,-0.663043759215928,0.006885635140482786,-1.7128712871287128,0.0,0.8928306257643407,-0.4726053306839611,-0.5024332045032089,Auto & Truck Dealerships,Consumer Cyclical,KFS
2015Q3,2015,Q3,2015-11-09,2015-09-30,-808000.0,37905000.0,0.0,-0.05,37905000.0,1.0,268868000.0,50264000.0,0.0,0.0,216940000.0,0.0,-306655000.0,90997127.99999999,55077127.999999985,2.550177574835109,0.0,0.1482697829418153,0.7931123667038039,0.0,2.550177574835109,-0.016075123348718766,2.400662920459042,-28.155051980198014,1.8103837338850866,0.0,0.0,0.0,0.14097996042667776,0.0,-0.003005192138893435,-30.474590756865368,1.0,-1.5555555555555558,-1.2140783135740898,-0.6414185213149726,-0.7784229550177959,-0.010752407547563745,-1.4259356879283078,0.0,0.9714327406625493,-0.2734158486573547,-0.5680777364396619,Auto & Truck Dealerships,Consumer Cyclical,KFS
2015Q2,2015,Q2,2015-08-06,2015-06-30,1897000.0,38317000.0,0.0,0.09,38317000.0,1.0,275110000.0,53133000.0,0.0,0.0,220227000.0,0.0,-305764000.0,117666729.0,73815729.0,2.695738203957382,0.0,0.1538439169786631,0.7965671051888656,0.0,2.695738203957382,0.03570285886360642,3.07087530339014,15.506948998418554,2.2145696459827224,0.0,0.0,0.0,0.13927883392097706,0.0,0.00689542364872233,-14.941806857142858,1.0,-0.10000000000000009,1.067727297489638,-0.6905103739657292,-0.7689161808711664,-0.10405218977248813,-0.1416289592760181,0.0,1.2103262218235549,-0.3567648964846847,-0.6685468605053616,Auto & Truck Dealerships,Consumer Cyclical,KFS
2015Q1,2015,Q1,2015-05-07,2015-03-31,2210000.0,42767000.0,0.0,0.1,42767000.0,1.0,310532000.0,46237000.0,0.0,0.0,258966000.0,0.0,-309923000.0,113332500.0,103782500.0,2.345865043125317,0.0,0.17394664640037097,1.1682418842052902,0.0,2.345865043125317,0.04779721867768238,2.649998830874272,12.8204185520362,2.451121396284361,0.0,0.0,0.0,0.13772171628044774,0.0,0.00711681887856968,765.7601351351351,1.0,2.282994090610637,-0.9394350237305471,-0.6614293730627311,-0.8201096661808085,0.00028066892761080574,2.5191082802547773,0.0,1.1334498990817434,-0.22436507706122288,-0.7312655673183144,Auto & Truck Dealerships,Consumer Cyclical,KFS
2014Q4,2014,Q4,2015-03-13,2014-12-31,628000.0,42755000.0,0.0,0.03046,42755000.0,1.0,301722000.0,43794000.0,0.0,0.0,253526000.0,0.0,-312050000.0,109335000.0,89586000.0,2.223045685279188,0.0,0.17989076036881632,1.2393706900488652,0.0,2.223045685279188,0.01433986390829794,2.557244766693954,43.52507961783439,2.4965748732703106,0.0,0.0,0.0,0.14170328978331045,0.0,0.002081386176679195,628.3620689655172,1.0,1.0742926829268293,1.0056888221829812,1.0716131002774276,-0.8230801472839318,-0.05736710981766872,1.0913720355012366,0.0,1.0593757053207737,-0.4838027164893293,-0.7643102949745523,Auto & Truck Dealerships,Consumer Cyclical,KFS
2014Q3,2014,Q3,2014-11-05,2014-09-30,-6873000.0,45357000.0,0.0,-0.41,45357000.0,1.0,306380000.0,42629000.0,0.0,0.0,260062000.0,0.0,-312596000.0,106716040.0,72967040.0,2.5086211969634555,0.0,0.17469808734251582,1.2555771892373737,0.0,2.5086211969634555,-0.1612282718337282,2.3528019930771435,-3.8817124981812894,2.5033671913486124,0.0,0.0,0.0,0.1480416476271297,0.0,-0.022432926431229194,60.08786036036036,1.0,-0.36666666666666664,0.9538555326703152,-0.8682972625393572,-0.8766759293930938,-0.10320896850346996,-0.3980878763222132,0.0,-1.7298640968902252,-0.45579286891938386,-0.7478527220536241,Auto & Truck Dealerships,Consumer Cyclical,KFS
2014Q2,2014,Q2,2014-08-08,2014-06-30,-4916000.0,50577000.0,0.0,-0.3,50577000.0,1.0,297069000.0,36704000.0,0.0,0.0,258946000.0,0.0,-305636000.0,103016100.0,86056100.0,2.2339622641509433,0.0,0.17019614971605923,1.3775065387968615,0.0,2.2339622641509433,-0.13393635571054927,2.0368171303161517,-5.238817127746135,2.8066722972972973,0.0,0.0,0.0,0.1702533754784242,0.0,-0.016548343987423796,-14.023427715763681,1.0,-1.9999999999999998,0.8926627442883305,-0.8577889573208447,-0.9162305983163817,0.029138264319869774,-1.9632308619650392,0.0,-0.5307253698373036,-0.32625441711831693,-0.7723381030751457,Auto & Truck Dealerships,Consumer Cyclical,KFS
2014Q1,2014,Q1,2014-05-08,2014-03-31,-1659000.0,49145000.0,0.0,-0.1,49145000.0,1.0,300625000.0,42162000.0,0.0,0.0,256476000.0,0.0,-300640000.0,66705799.99999999,37387799.99999999,2.5661594643944006,0.0,0.14224365904365904,1.0142308239647075,0.0,2.5661594643944006,-0.03934822826241639,1.3573262793773526,-10.05210970464135,1.5821308287083153,0.0,0.0,0.0,0.1634760914760915,0.0,-0.005518503118503119,-7.228630255743389,1.0,0.8500007499962501,0.9761420368557315,-0.858446740411876,-0.9046572799504954,0.05708631778193629,0.849496507302912,0.0,0.9260587583948158,-0.2128614773547109,-0.7417739779726449,Auto & Truck Dealerships,Consumer Cyclical,KFS
2013Q4,2013,Q4,2014-03-31,2013-12-31,-11023000.0,46491000.0,0.0,-0.66667,46491000.0,1.0,324639000.0,35474000.0,0.0,0.0,287719000.0,0.0,-298930000.0,64350000.0,23442000.0,2.149939393939394,0.0,0.17767735854287378,1.626007780346169,0.0,2.149939393939394,-0.31073462254045214,1.3841388655868878,-1.4594484260183254,1.8140046231042455,0.0,0.0,0.0,0.14320830214484395,0.0,-0.03395463884499398,-16.88976377952756,1.0,-6.555583333333334,0.9744420792883871,-0.8230901210197438,-0.9346505583691367,0.11564119792666538,-6.866418307610431,0.0,0.8122354532179518,1.8107303921568625,-0.70465149181838,Auto & Truck Dealerships,Consumer Cyclical,KFS
2013Q3,2013,Q3,2013-11-07,2013-09-30,1879000.0,41672000.0,0.0,0.12,41672000.0,1.0,345366000.0,48005000.0,0.0,0.0,296278000.0,0.0,-287906000.0,38725720.0,16120720.0,3.508111663256358,0.0,0.18366602387032888,1.3213623580876992,0.0,3.508111663256358,0.039141756067076344,0.9292983298137838,5.152437466737626,0.8067018018956359,0.0,0.0,0.0,0.12066040085011263,0.0,0.00544060503929165,-2.918510814680835,1.0,1.162162162162162,1.108711897188361,-0.8879051404973283,-0.9373646408218349,0.004967925529349346,1.1826754812366322,0.0,-0.28292983546363365,-0.4321818688185754,-0.6951910237614692,Auto & Truck Dealerships,Consumer Cyclical,KFS
2013Q2,2013,Q2,2013-08-08,2013-06-30,-10286000.0,41466000.0,0.0,-0.74,41466000.0,1.0,353076000.0,39523000.0,0.0,0.0,312159000.0,0.0,-289784000.0,48914280.0,44797280.0,3.005779907217279,0.0,0.19042359152137217,1.7011360473648256,0.0,3.005779907217279,-0.26025352326493434,1.1796237881637968,-1.188855726229827,1.2376155656200187,0.0,0.0,0.0,0.11744213710362642,0.0,-0.02913253803713648,-3.3923489839794714,1.0,0.43939393939393945,-2.706571140271491,-0.9056267317895454,-0.9514899759309894,-0.025040558651336673,0.40990189891572487,0.0,0.44952597060284033,-0.49795731972056617,-0.7423388148742278,Auto & Truck Dealerships,Consumer Cyclical,KFS
2013Q1,2013,Q1,2013-05-10,2013-03-31,-17431000.0,42531000.0,0.0,-1.32,42531000.0,1.0,370248000.0,47310000.0,0.0,0.0,322529000.0,0.0,-279501000.0,51938550.0,30689550.0,3.5979922427561033,0.0,0.18790648430241352,1.470555907841894,0.0,3.5979922427561033,-0.3684421898118791,1.221192777033223,-0.7449163846021457,1.0978344958782498,0.0,0.0,0.0,0.11487165359434758,0.0,-0.04707925498584732,-4.539289459884635,1.0,-0.27182333217713045,0.4661493736991998,-0.9055724069416132,-0.944244981765338,-0.12243887341380377,-0.2725215359906556,0.0,-1.7160535125828724,-0.4952922377870001,-0.724091533941801,Auto & Truck Dealerships,Consumer Cyclical,KFS
2012Q4,2012,Q4,2013-03-22,2012-12-31,-13698000.0,48465000.0,0.0,-1.03788,48465000.0,1.0,372800000.0,65071000.0,0.0,0.0,307386000.0,0.0,-262069000.0,50292000.0,30638000.0,4.929621212121212,0.0,0.16405311158798283,0.9398810530036422,0.0,4.929621212121212,-0.2105085214611732,1.0376973073351903,-0.9178712220762154,0.7728788554040971,0.0,0.0,0.0,0.1300026824034335,0.0,-0.036743562231759654,-8.225711481844947,1.0,0.31718421052631585,0.8605504469297297,-0.8999032594084644,-0.9271273021525532,0.39255236617532974,0.27404737929937995,0.0,0.8148122853490211,1.121150741588662,-0.6076788414337244,Auto & Truck Dealerships,Consumer Cyclical,KFS
2012Q3,2012,Q3,2012-11-09,2012-09-30,-18869000.0,34803000.0,0.0,-1.52,34803000.0,1.0,341509000.0,77635000.0,0.0,0.0,264215000.0,0.0,-248369000.0,28664820.000000004,15656820.000000004,5.90425127386113,0.0,0.1401515040599223,0.616513170606041,0.0,5.90425127386113,-0.24304759451278418,0.8236307214895269,-0.3797872171286237,0.3692254781992658,0.0,0.0,0.0,0.1019094665147917,0.0,-0.055251838165319214,-3.077936218189628,1.0,-1.5762711864406782,-1.8452610296778655,-0.9302934955253808,-0.921592777979253,-0.12423251132360343,-2.1359481469170682,0.0,0.8362808392695684,-0.8693996040187066,-0.7097464129459109,Auto & Truck Dealerships,Consumer Cyclical,KFS
2012Q2,2012,Q2,2012-08-13,2012-06-30,-6017000.0,39740000.0,0.0,-0.59,39740000.0,1.0,349909000.0,106942000.0,0.0,0.0,253313000.0,0.0,-218230000.0,31299879.599999998,19166879.599999998,8.133089968818922,0.0,0.14566072893237955,0.47659478969908925,0.0,8.133089968818922,-0.05626414318041555,0.787616497232008,-1.3004769652650823,0.29268088870602754,0.0,0.0,0.0,0.11357238596320758,0.0,-0.01719589950529995,-2.191254522542705,1.0,0.3854166666666667,-1.1525301230201759,-0.9219755148040176,-0.8855901236999572,0.08428146571717006,0.45339752906976744,0.0,0.8358414668282926,-0.8603782888975948,-0.6950243558451775,Auto & Truck Dealerships,Consumer Cyclical,KFS
2012Q1,2012,Q1,2012-05-14,2012-03-31,-11008000.0,36651000.0,0.0,-0.96,36651000.0,1.0,367505000.0,114367000.0,0.0,0.0,261763000.0,0.0,-212214000.0,41924800.0,29641800.0,8.729305804678853,0.0,0.1642508265193671,0.527800851644268,0.0,8.729305804678853,-0.09625154109139875,1.1438923903849827,-0.9521438953488374,0.3665812690723723,0.0,0.0,0.0,0.09972925538428049,0.0,-0.02995333396824533,-2.443882250072865,1.0,-0.788078565328779,-1.596746978255488,-0.9149547455923054,-0.8703869036341432,-0.33387252140091966,-0.5667520637631653,0.0,0.8014764921391074,-0.8676137422395426,-0.6756726263079584,Auto & Truck Dealerships,Consumer Cyclical,KFS
2011Q4,2011,Q4,2012-03-30,2011-12-31,-7026000.0,55021000.0,0.0,-0.536889160585336,55021000.0,1.0,374081000.0,123433000.0,0.0,0.0,257676000.0,0.0,-201208000.0,27219920.0,-11079080.0,9.432086501356359,0.0,0.1261411298622491,0.3822883669683148,0.0,9.432086501356359,-0.056921568786305124,0.49471874375238545,-0.9685425562197554,0.22052384694530638,0.0,0.0,0.0,0.14708311836206597,0.0,-0.01878202849115566,-1.443644656589764,1.0,-2.1185190845527835,-1.446889800911598,-0.8736324499314573,-0.8531866792679422,-0.1427747916179793,-1.9688361831218975,0.0,0.9794602907690091,-0.7360193391549569,-0.7133028084348796,Auto & Truck Dealerships,Consumer Cyclical,KFS
2011Q3,2011,Q3,2012-03-28,2011-09-30,7252000.0,64185000.0,0.0,0.48,64185000.0,1.0,401185000.0,130198000.0,0.0,0.0,274476000.0,0.0,-194181000.0,37694354.6,11319354.600000001,9.9490314446185,0.0,0.13980333262709224,0.430782346887049,0.0,9.9490314446185,0.05569978033456735,0.587276693931604,1.2994468629343627,0.28951561928754665,0.0,0.0,0.0,0.15998853396811943,0.0,0.01807644852125578,-1.4558301637571451,1.0,2.3333333333333335,-0.7922367224391119,-0.8619308578617163,-0.8458727926156168,0.07347136740701098,3.835027365129007,0.0,1.438730317326368,-0.8194637346982384,-0.8223656434498733,Auto & Truck Dealerships,Consumer Cyclical,KFS
2011Q2,2011,Q2,2012-03-28,2011-06-30,-2558000.0,59792000.0,0.0,-0.36,59792000.0,1.0,429212000.0,128413000.0,0.0,0.0,303312000.0,0.0,-201435000.0,53392920.0,12540920.0,9.812631337638024,0.0,0.14177842185213835,0.4738850427916177,0.0,9.812631337638024,-0.019920101547351125,0.8929776558736955,-5.218229085222831,0.4157906130999198,0.0,0.0,0.0,0.1393064499594606,0.0,-0.0059597588138262676,-4.457582234095843,1.0,0.7428571428571429,-1.0685130283884061,-0.8712095811792632,-0.841553621529907,0.20672465640073462,0.8563405593620128,0.0,-1.4264298848087296,-0.8632683205334291,-0.8416347846273834,Auto & Truck Dealerships,Consumer Cyclical,KFS
2011Q1,2011,Q1,2012-03-28,2011-03-31,-17806000.0,49549000.0,0.0,-1.4,49549000.0,1.0,476258000.0,129577000.0,0.0,0.0,347204000.0,0.0,-198874000.0,48505080.0,44846080.0,9.937648592683487,0.0,0.20070424013874832,0.7376849286524615,0.0,9.937648592683487,-0.13741636247173494,0.9789315626955135,-0.6810215657643491,0.37433402532856913,0.0,0.0,0.0,0.1040381473907,0.0,-0.03738729848107538,-2.3395109246129357,1.0,0.6065171885452859,-1.6673956851885259,-0.8813429162929877,-0.8303867118196744,2.795113357843137,0.6157448369623859,0.0,0.4500638578063705,-0.8890629381007098,-0.8460047323308557,Auto & Truck Dealerships,Consumer Cyclical,KFS
2010Q4,2010,Q4,2010-12-31,2010-12-31,-46339000.0,13056000.0,0.0,-3.557969901719902,13056000.0,1.0,519581000.0,94806000.0,0.0,0.0,424775000.0,0.0,-231815000.0,73950272.0,58302272.0,7.279330466830467,0.0,0.24042257126415323,1.3176275763137355,0.0,7.279330466830467,-0.4887770816193068,5.664083333333333,-0.39896346489997625,0.7800167921861486,0.0,0.0,0.0,0.0251279396282774,0.0,-0.08918532432864174,0.8169044131455399,1.0,-18.78984950859951,-2.629158988326449,-0.9647000434296732,-0.8723020095715515,-0.8130851825340014,-19.58019246190858,0.0,0.5218808200652256,-0.9726705177636602,-0.8923924523172864,Auto & Truck Dealerships,Consumer Cyclical,KFS
2010Q3,2010,Q3,2010-09-30,2010-09-30,2494000.0,69850000.0,0.0,0.2,69850000.0,1.0,739129000.0,149896000.0,0.0,0.0,589233000.0,0.0,-185476000.0,83874560.0,98984560.0,11.50921375921376,0.0,0.1889805433151723,0.9318527512408603,0.0,11.50921375921376,0.016638202487057694,1.2007811023622048,8.407634322373697,0.5595516891711587,0.0,0.0,0.0,0.0945031246237125,0.0,0.003374241844116521,-1.5184763559997103,1.0,1.1388888888888888,-0.9162768344173782,-0.8522889848396095,-0.7894201232386008,-0.14562845540388472,1.134839965397924,0.0,-0.8872058050182123,-0.85875555652655,-0.8471600484725349,Auto & Truck Dealerships,Consumer Cyclical,KFS
2010Q2,2010,Q2,2010-06-30,2010-06-30,-18496000.0,81756000.0,0.0,-1.44,81756000.0,1.0,861319000.0,151834000.0,0.0,0.0,709485000.0,0.0,-187970000.0,89546640.0,125310640.0,11.66562944181937,0.0,0.258269003702461,1.4651000434685248,0.0,11.66562944181937,-0.12181724778376385,1.0952913547629533,-1.2103514273356402,0.5897667189167116,0.0,0.0,0.0,0.0949195361997123,0.0,-0.021474041557193096,-2.7989447691682554,1.0,-1.782608695652174,-1.669907827302092,-0.8241259149474555,-0.7740993569939533,-0.019865009051346912,-1.7675962815405046,0.0,-1.4736802689347517,-0.837835960917768,-0.8358971526790437,Auto & Truck Dealerships,Consumer Cyclical,KFS
2010Q1,2010,Q1,2010-03-31,2010-03-31,24096000.0,83413000.0,0.0,1.84,83413000.0,1.0,944068000.0,169729000.0,0.0,0.0,774339000.0,0.0,-169476000.0,83299200.0,128316200.0,13.04052860051477,0.0,0.26377972773147695,1.4671977092895145,0.0,13.04052860051477,0.14196748935067077,0.998635704266721,0.8642430278884462,0.49077765143257784,0.0,0.0,0.0,0.08835486426825186,0.0,0.025523585165475367,-1.114370568561873,1.0,1.32835736702022,-0.3260444291760384,-0.8031712193126264,-0.739258702157065,1.2042303868999524,1.3190720216104557,0.0,0.31488244412465943,-0.8051689541247686,-0.8063736878991817,Auto & Truck Dealerships,Consumer Cyclical,KFS
2009Q4,2009,Q4,2009-12-31,2009-12-31,-75519000.0,-408426000.0,0.0,-5.603650731815905,-408426000.0,1.0,1957355000.0,169339000.0,0.0,0.0,1788016000.0,0.0,-193572000.0,94337250.0,366012250.0,12.565269816535887,0.0,0.16879973229179174,1.9511217144308164,0.0,12.565269816535887,-0.44596342248389326,-0.23097758223031833,-0.3122964088507528,0.5570911012820436,-0.10449026072908804,0.0,0.08364670371459841,-0.2086621997542602,0.0,-0.038582168283218934,-0.21690962601887726,1.0,0.3603138434000109,-3.3251898486733227,-1.764210416241687,-0.7352130849521032,-2.495370285618046,0.3606857142857143,0.0,-5.664304187458647,-1.910875046836103,-0.8044177195157564,Auto & Truck Dealerships,Consumer Cyclical,KFS
2009Q3,2009,Q3,2009-09-30,2009-09-30,-118125000.0,273127000.0,0.0,-8.76,273127000.0,1.0,3062498000.0,274140000.0,0.0,0.0,2788358000.0,0.0,-118053000.0,229643820.0,56811820.0,20.34169959374478,0.0,0.10978554108443499,1.2264463412854745,0.0,20.34169959374478,-0.43089297439264607,0.8407950147733472,-0.48601866666666665,0.837688115561392,-0.0668021164021164,0.0,0.03436190880294536,0.08918438477347577,0.0,-0.03857145376094939,-4.050655636498333,1.0,-2.1285714285714286,-6.0672080455227535,-0.42111460299294107,-0.5462342872225525,-0.083494122660725,-2.0780154780206894,0.0,-4.286178511077564,-0.4294863327628938,-0.6848729075500326,Auto & Truck Dealerships,Consumer Cyclical,KFS
2009Q2,2009,Q2,2009-06-30,2009-06-30,-38377000.0,298009000.0,0.0,-2.8,298009000.0,1.0,3139941000.0,367145000.0,0.0,0.0,2772796000.0,0.0,71000.0,158048030.0,348949030.0,26.66799832936861,0.0,0.11006894715537649,0.9413447003227607,0.0,26.66799832936861,-0.10452818368764384,0.530346499602361,-1.0295752012924408,0.43047850304375657,-0.0254579565885817,0.0,0.00618166515583902,0.09490910816477124,0.0,-0.012222204175173992,-2.1781401854990974,1.0,0.33962264150943405,-2.568692384002343,-0.34523238398364914,-0.3742333796657141,0.024378087220753686,0.34135960320593134,0.0,-1.9770571273056592,-0.3898365825660873,-0.5693868840126991,Auto & Truck Dealerships,Consumer Cyclical,KFS
2009Q1,2009,Q1,2009-03-31,2009-03-31,-58267000.0,290917000.0,0.0,-4.24,290917000.0,1.0,3098788000.0,370547000.0,0.0,0.0,2728241000.0,0.0,39425000.0,98022820.0,214501820.0,26.915106502751094,0.0,0.10855308591617109,0.9078011696222071,0.0,26.915106502751094,-0.15724590942579483,0.33694428307730384,-0.42057605505689327,0.2645354570405374,-0.014965589441708,0.0,0.008895887712677518,0.09388089795106991,0.0,-0.018803157879790422,-0.9411515861433289,1.0,0.8377907889880764,-3.5243903655318745,-0.3683255108340457,-0.3431896459475485,0.32487328138591226,0.8383147461102802,0.0,-3.0684106730476555,-0.340180778299986,-0.5406197277878856,Auto & Truck Dealerships,Consumer Cyclical,KFS
2008Q4,2008,Q4,2008-12-31,2008-12-31,-360373000.0,219581000.0,0.0,-26.13908281502167,219581000.0,1.0,3343441000.0,453572000.0,0.0,0.0,2889869000.0,0.0,98564000.0,300551150.0,533703150.0,32.89912415906577,0.0,0.10133512151104207,0.7469773266427381,0.0,32.89912415906577,-0.7945221486335136,1.3687484345184693,-0.2085000471733454,0.6626316218814212,-0.009282049432116168,0.0,0.011129553155927036,0.06567515323285203,0.0,-0.10778506335239653,-2.044760385342822,1.0,-19.42115844923568,-23.76636800590154,-0.6133957749748112,-0.15961898987846657,-0.413744032807544,-19.694441254163316,0.0,-12.968825732369679,-0.43915703664514916,-0.4228655971710584,Auto & Truck Dealerships,Consumer Cyclical,KFS
2008Q3,2008,Q3,2008-09-30,2008-09-30,-17414000.0,374548000.0,0.0,-1.28,374548000.0,1.0,3891296000.0,772175000.0,0.0,0.0,3119121000.0,0.0,462282000.0,384926060.0,538017060.0,56.00848640905217,0.0,0.09006562338100212,0.45387638812445363,0.0,56.00848640905217,-0.022551882669084082,1.0277082243130387,-5.526100551280579,0.49849588500016195,-0.2243597105776961,0.0,0.01015000127556965,0.09625276514559673,0.0,-0.0044751157454997,-1.5992407755938063,1.0,-3.909090909090909,-2.5153342468417716,-0.19239198385846606,0.46600364637628444,-0.18716823569751342,-3.7549438380003166,0.0,-1.5522429989039297,-0.25176771749033794,0.02476680096142587,Auto & Truck Dealerships,Consumer Cyclical,KFS
2008Q2,2008,Q2,2008-06-30,2008-06-30,6321000.0,460794000.0,0.0,0.44,460794000.0,1.0,4450756000.0,854441000.0,0.0,0.0,3596315000.0,0.0,483598000.0,478780120.0,802525120.0,61.96203702025055,0.0,0.1151024679852142,0.5995650957760688,0.0,61.96203702025055,0.007397819158958898,1.0390328867129346,18.936090808416388,0.560343101513153,0.6437272583451985,0.0,0.008498682025477582,0.10353162473970715,0.0,0.001420208162388592,-36.826407199446194,1.0,1.1774193548387097,-0.7221910325870391,-0.15042238863521848,0.7300619891112378,-0.028915840384392485,1.1837553417250501,0.0,-0.7839135724743279,-0.06439292899584882,0.19987216074780947,Auto & Truck Dealerships,Consumer Cyclical,KFS
2008Q1,2008,Q1,2008-03-31,2008-03-31,-34399000.0,474515000.0,0.0,-2.48,474515000.0,1.0,4545233000.0,893948000.0,0.0,0.0,3651285000.0,0.0,481506000.0,654958020.0,1171816020.0,64.53216870296511,0.0,0.11371430243510068,0.5781745694380434,,64.53216870296511,-0.03847986683789214,1.3802683160700926,-4.760007703712318,0.7326578503447628,-0.120323265211198,0.0,0.006319488995645858,0.10439838837744951,0.0,-0.007568148871576001,-9.972410737396654,1.0,0.6667381683962356,-2.8254544101529957,0.08464154945711817,0.9155366456199053,-0.06982100746275971,0.6676232438595474,0.0,-1.9039761874164711,0.05203373529189559,0.2903005649300247,Auto & Truck Dealerships,Consumer Cyclical,KFS
2007Q4,2007,Q4,2007-12-31,2007-12-31,-103494000.0,510133000.0,0.0,-7.441596261010246,510133000.0,1.0,4657405000.0,940801000.0,0.0,0.0,3716604000.0,0.0,521165000.0,668672600.0,1053129600.0,67.64702498651806,0.0,0.11725241846049463,0.5804543149932876,0.0,67.64702498651806,-0.11000626062259712,1.310780913996938,-1.615244845111794,0.7107481816026981,-0.04009894293388989,0.0,0.0062063257863414776,0.10953159538412485,0.0,-0.022221387231730973,-3.798412860713474,1.0,-5.429521583934671,-6.5339444328713245,0.2193395483072114,1.1209560547015962,-0.03398538100287835,-5.3832959213925715,0.0,-4.087830579051662,-0.07504821725144468,0.42552028885013377,Auto & Truck Dealerships,Consumer Cyclical,KFS
2007Q3,2007,Q3,2007-09-30,2007-09-30,23611000.0,528080000.0,0.0,1.68,528080000.0,1.0,4682471000.0,1047268000.0,0.0,0.0,3635203000.0,0.0,629793000.0,1029711300.0000001,1554264300.0,75.30239079633292,0.0,0.11202482620821357,0.5008775213221448,,75.30239079633292,0.022545327461547568,1.9499153537342828,10.90287683706747,0.9832357142584325,0.17233492863495828,0.0,0.003951593033892121,0.11277806098532164,0.0,0.005042423113779029,27.65810636583401,1.0,-0.43243243243243246,0.5171922739869019,0.4540691176929999,0.0,-0.019552144311943128,-0.4340061367341068,0.0,-0.018529165155477464,0.08458547228455424,0.6797830916769273,Auto & Truck Dealerships,Consumer Cyclical,KFS
2007Q2,2007,Q2,2007-06-30,2007-06-30,41716000.0,538611000.0,0.0,2.96,538611000.0,1.0,4529961000.0,988469000.0,0.0,0.0,3541492000.0,0.0,610251000.0,1027857600.0,1538082600.0,71.08730672419993,0.0,0.11263342002282138,0.5161770374184724,,71.08730672419993,0.042202638625996367,1.9083486969259817,6.159852334835555,1.0398480883062595,0.09389682615782913,0.0,0.0038108391668262216,0.11889969913648263,0.0,0.009208909304075686,15.189938965817902,1.0,1.1142857142857143,2.4155419414553383,0.7120169416120773,0.0,0.17379990890487534,1.1239244437655924,0.0,0.6882844887064758,0.17168059094548072,0.6680690889529746,Auto & Truck Dealerships,Consumer Cyclical,KFS
2007Q1,2007,Q1,2007-03-31,2007-03-31,19641000.0,458861000.0,0.0,1.4,458861000.0,1.0,4237276000.0,939501000.0,0.0,0.0,3297775000.0,0.0,572452000.0,1043999290.0,1545561290.0,67.34894890589437,0.0,0.11836897100873296,0.533859995891436,,67.34894890589437,0.020905778705930064,2.2751972601724706,13.288520060078406,1.1112274388212466,0.18196629499516317,0.0,0.0034233739756662097,0.1082915061468736,0.0,0.004635289275468485,-37.05541598637041,1.0,0.1653163580246912,0.6791885191548495,0.9454788175563049,0.0,-0.0165606487950826,0.1657763532763533,0.0,-0.16019544490920146,-0.016699728564005735,0.6435189276111344,Auto & Truck Dealerships,Consumer Cyclical,KFS
