Quarters,Year,Quarter,FillingDate,Date,NetIncome,Revenue,OperatingIncome,EPSDiluted,GrossProfit,GrossProfitRatio,TotalAssets,CommonStockEquity,CurrentAssets,CurrentLiability,TotalLiability,Inventory,RetainedEarnings,MarketCap,EnterpriseValue,bookValuePerShare,currentRatio,debtToAssets,debtToEquity,roic,shareholdersEquityPerShare,roe,priceToSalesRatio,peRatio,pbRatio,payoutRatio,inventoryTurnover,dividendYield,assetTurnover,quickRatio,returnOnAssets,priceToFreeCashFlowsRatio,grossProfitMargin,epsdilutedGrowth,fiveYNetIncomeGrowthPerShare,fiveYRevenueGrowthPerShare,fiveYShareholdersEquityGrowthPerShare,grossProfitGrowth,netIncomeGrowth,operatingIncomeGrowth,threeYNetIncomeGrowthPerShare,threeYRevenueGrowthPerShare,threeYShareholdersEquityGrowthPerShare,Industry,Sector,Symbol
2023Q1,2023,Q1,2023-05-08,2023-03-31,20278000.0,106919000.0,61078000.0,0.34,106919000.0,1.0,10038901000.0,958907000.0,1969378000.0,54450000.0,9079994000.0,0.0,263524000.0,739447763.11,1736161763.1100001,16.248753880147497,36.16855831037649,0.1999885246402968,2.0937014746998406,0.015086857556791877,16.248753880147497,0.021146993399777037,6.915962206062534,9.116379365691882,0.7711360571045993,0.2784298254265707,0.0,0.007635427790401069,0.010650468612052256,164.1725987144169,0.0020199422227592445,87.58116346203956,1.0,-0.055555555555555455,1.0312611677175658,0.14903609096495551,-0.17280165919247126,0.35701231120700594,-0.057669966076490546,0.05406851324531884,3.6301103659495118,0.7070500311174952,-0.017978710123415,Banks—Regional,Financial Services,BANC
2022Q4,2022,Q4,2023-02-27,2022-12-31,21519000.0,78790000.0,57945000.0,0.36,78790000.0,1.0,9197016000.0,959618000.0,1097193000.0,50518000.0,8237398000.0,0.0,248988000.0,943900210.35,1717258210.35,16.195265741419483,21.718852686171267,0.10897599830205797,1.0444301795089297,0.02077928026341355,16.195265741419483,0.02242454810143203,11.979949363497907,10.965893052070264,0.9836207848852356,0.1629722570751429,0.0,0.0037154351292067174,0.008566909093123248,160.85892157250882,0.002339780641895154,43.36381726236964,1.0,-0.10000000000000009,0.6237816840664071,-0.12633789605073156,-0.191562272875476,-0.07402837029463268,-0.11063812200363697,0.06019577348824444,0.2901320749062289,0.09969468961069318,-0.09495384764602752,Banks—Regional,Financial Services,BANC
2022Q3,2022,Q3,2022-11-07,2022-09-30,24196000.0,85089000.0,54655000.0,0.4,85089000.0,1.0,9368578000.0,951990000.0,1107053000.0,56376000.0,8416588000.0,0.0,231084000.0,958909115.9100001,1749555115.91,15.854766679918527,19.63695544203207,0.11172495975376412,1.099490540867026,0.01905474795315966,15.854766679918527,0.025416233363795837,11.269483904029899,9.907723548417094,1.0072680552421769,0.14725574475119854,0.0,0.0037156806008864884,0.009082381552461856,19.63695544203207,0.002582675834048668,27.95164449105113,1.0,-0.06976744186046505,0.19738176908441218,-0.22861544162167563,-0.2124702261637206,-0.004632391647657484,-0.09418987720874514,0.07313960337718436,2.4508867916704316,0.17099630888555242,-0.10462088591673711,Banks—Regional,Financial Services,BANC
2022Q2,2022,Q2,2022-08-08,2022-06-30,26712000.0,85485000.0,50930000.0,0.43,85485000.0,1.0,9502113000.0,949130000.0,1113062000.0,54455000.0,8552983000.0,0.0,210471000.0,1069694183.4200001,1748412183.42,15.634067062542577,20.440033054815903,0.09700810756512789,0.9711862442447294,0.0193330097565278,15.634067062542577,0.02814366841212479,12.513238385915658,10.011363651355197,1.1270259958277582,0.13731656184486374,0.0,0.0034290174302647513,0.008996420059412048,20.440033054815903,0.0028111642115811503,22.07011189692168,1.0,-0.4415584415584416,0.8052883712870361,-0.11580748856258127,-0.2186852100505911,0.038056611334410025,-0.44937335092348285,-0.35618845361346024,0.3494837924551474,0.15501972116223783,-0.17481309575181272,Banks—Regional,Financial Services,BANC
2022Q1,2022,Q1,2022-05-09,2022-03-31,48512000.0,82351000.0,79107000.0,0.77,82351000.0,1.0,9583540000.0,979009000.0,1154061000.0,190000000.0,8604531000.0,0.0,187457000.0,1216172761.76,2212032761.76,15.584639646567181,6.074005263157895,0.13044250871807286,1.2769045024100902,0.025139387172525014,15.584639646567181,0.04955214916308226,14.768160213719323,6.267381069426121,1.2422488064563246,0.11294112796833773,0.0,0.004505116519852817,0.008592962516982243,6.074005263157895,0.005062012575728802,256.7932351689189,1.0,7.122362869198313,1.3595662834443543,-0.263132640103166,-0.16908331901573193,0.057150926199309365,7.4354025386889235,3.6413400610185405,4.508967929441861,-0.10708523393876276,-0.17503010565099072,Banks—Regional,Financial Services,BANC
2021Q4,2021,Q4,2022-03-01,2021-12-31,5751000.0,77899000.0,17044000.0,0.0948,77899000.0,1.0,9393743000.0,1065290000.0,1551778000.0,25000000.0,8328453000.0,0.0,147894000.0,1185074800.92,1773071800.92,17.63685278243542,62.07112,0.08687910665642012,0.7661012494250392,0.00599256486389922,17.63685278243542,0.005398529977752537,15.212965518427708,51.516032034428804,1.1124433730908954,0.9579203616762302,0.0,0.004648651710190141,0.008292647563383413,62.07112,0.0006122160250711564,40.19110089262701,1.0,-0.7742857142857142,-0.8534947225139969,-0.5885704483701707,-0.07908351636512967,0.13729469304328784,-0.7517911091929219,0.0,-0.563080786051424,-0.09534559255162797,-0.055202215943978526,Banks—Regional,Financial Services,BANC
2021Q3,2021,Q3,2021-11-08,2021-09-30,23170000.0,68495000.0,0.0,0.42,68495000.0,1.0,8278741000.0,844803000.0,0.0,0.0,7433938000.0,0.0,147682000.0,937751413.1999999,1544745413.1999998,16.657300911652733,0.0,0.09576746029378139,0.9384838832248465,0.0,16.657300911652733,0.02742651245319915,13.69080098109351,10.118163716012084,1.1100237726428528,0.20565386275356065,0.0,0.00508130399264324,0.008273601022184413,0.0,0.002798734735148738,84.69575624999999,1.0,0.23529411764705868,-0.34689165506357267,-0.5621377580234928,-0.11905734845324063,0.06995016948623022,0.2162729658792651,0.0,1.0856446432351634,-0.08828657799610645,-0.10867950777819894,Banks—Regional,Financial Services,BANC
2021Q2,2021,Q2,2021-08-06,2021-06-30,19050000.0,64017000.0,0.0,0.34,64017000.0,1.0,8027413000.0,829362000.0,0.0,0.0,7198051000.0,0.0,129307000.0,888404262.4399999,1618633262.44,16.374313018317444,0.0,0.11131369471086139,1.0774076941070365,0.0,16.374313018317444,0.022969463274179428,13.877630355061935,11.658848588451443,1.0711899778866165,0.24761154855643044,0.0,0.0053095197754283304,0.007974798356581379,0.0,0.002373118213800635,22.61491351288056,1.0,1.2666666666666668,-0.30999132622880704,-0.5598776758354672,-0.15212085097688363,0.02760967622838981,0.32521739130434785,0.0,0.28745961916,-0.2063094744738545,-0.16208890659538774,Banks—Regional,Financial Services,BANC
2021Q1,2021,Q1,2021-05-10,2021-03-31,14375000.0,62297000.0,0.0,0.15,62297000.0,1.0,7933459000.0,804693000.0,0.0,0.0,7128766000.0,0.0,115004000.0,910344217.7599999,1445554217.7599998,15.981701378626878,0.0,0.11529888791257382,1.1367304052601428,0.0,15.981701378626878,0.01786395557063377,14.612970412058363,15.832073352347825,1.1312938198294256,0.42949565217391306,0.0,0.00678204999773799,0.007852438639942552,0.0,0.0018119460880808736,39.4310312193009,1.0,-0.5714285714285714,-0.3912477959819563,-0.5749011690654481,-0.22668229048644656,-0.09105897458344277,-0.33764917292540203,0.0,0.6877095865944188,-0.21531539612339454,-0.18639687934263027,Banks—Regional,Financial Services,BANC
2020Q4,2020,Q4,2021-02-26,2020-12-31,21703000.0,68538000.0,0.0,0.35,68538000.0,1.0,7877334000.0,897207000.0,0.0,0.0,6980127000.0,0.0,110179000.0,737345546.0200001,1333283546.02,17.899226544784764,0.0,0.103684444508764,0.9103328440371062,0.0,17.899226544784764,0.02418951256510482,10.75820050220316,8.493590126019445,0.8218232203047904,0.2950744136755287,0.0,0.0086852087661845,0.008700659385523071,0.0,0.0027551199428639183,20.356290266136604,1.0,0.4583333333333333,-0.08984126023020449,-0.5384494651417543,0.0979790871043082,0.145947934257386,0.36385345315151135,0.0,0.9358746898738747,-0.10162896020604294,-0.10650369952593082,Banks—Regional,Financial Services,BANC
2020Q3,2020,Q3,2020-11-06,2020-09-30,15913000.0,59809000.0,0.0,0.24,59809000.0,1.0,7738106000.0,874254000.0,0.0,0.0,6863852000.0,0.0,95001000.0,507099588.59999996,967652588.5999999,17.44716556451176,0.0,0.09731619080948233,0.8613549380386021,0.0,17.44716556451176,0.01820180405236922,8.478650179738835,7.966750276503488,0.580036909868299,0.4055803431156916,0.0,0.012727283052660715,0.00772915232745584,0.0,0.0020564463707268936,12.817845119053636,1.0,1.5454545454545454,-0.13394961998751956,-0.5536914245286545,0.07473684780999859,-0.01699455976858472,1.8625399750663993,0.0,-0.05637179418006888,-0.3502835723474015,-0.1333734120157563,Banks—Regional,Financial Services,BANC
2020Q2,2020,Q2,2020-08-07,2020-06-30,-18449000.0,60843000.0,0.0,-0.44,60843000.0,1.0,7770138000.0,846959000.0,0.0,0.0,6923179000.0,0.0,85670000.0,541834852.77,932432852.77,16.92871162330638,0.0,0.10440458071658444,0.957824404723251,0.0,16.92871162330638,-0.021782636467644834,8.90545917804842,-7.342333632852729,0.6397415373943721,-0.3495040381592498,0.0,0.01190030498598633,0.007830362858420275,0.0,-0.002374346504527976,-51.23249364315431,1.0,-1.3157894736842106,-1.9179292057857544,-0.5641745308617354,0.058625848262959315,0.1359783420463032,-1.798270893371758,0.0,-2.5129628327593143,-0.2363703442699506,-0.15398515861766532,Banks—Regional,Financial Services,BANC
2020Q1,2020,Q1,2020-05-11,2020-03-31,-6593000.0,53560000.0,0.0,-0.19,53560000.0,1.0,7662607000.0,835002000.0,0.0,0.0,6827605000.0,0.0,110640000.0,403718216.0,1141280216.0,16.546233821661392,0.0,0.15315335890252496,1.4054505258670038,0.0,16.546233821661392,-0.007895789471162944,7.537681404032861,-15.308593053238281,0.48349371139230807,-0.9722432883361141,0.0,0.015877410891957374,0.006989788201326259,0.0,-0.0008604121286658705,88.49588250767208,1.0,-1.95,-1.4039685146816383,-0.5774356289091377,0.25120112608175454,-0.12633553543756626,-1.4619534753363228,0.0,-1.3991789568176054,-0.4034284043351875,-0.11781459169555399,Banks—Regional,Financial Services,BANC
2019Q4,2019,Q4,2020-03-02,2019-12-31,14272000.0,61305000.0,0.0,0.2,61305000.0,1.0,7828410000.0,907245000.0,0.0,0.0,6921165000.0,0.0,127733000.0,871024539.6999999,1889665539.6999998,17.89440869871281,0.0,0.1778283201825147,1.5344399803801618,0.0,17.89440869871281,0.015731142084001566,14.208050561944376,15.257576718399664,0.9600764288587977,0.4671384529147982,0.0,0.007654204555816834,0.007831092137483857,0.0,0.0018231032866188664,48.27760446181132,1.0,1.4444444444444444,0.025678956493201878,-0.47900287560704474,0.3224242668749633,-0.004401065350136416,2.0099065949617887,0.0,-0.5668540400208688,-0.6142561366031254,-0.0656351142219907,Banks—Regional,Financial Services,BANC
2019Q3,2019,Q3,2019-11-08,2019-09-30,-14132000.0,61576000.0,0.0,-0.45,61576000.0,1.0,8625337000.0,900988000.0,0.0,0.0,7724349000.0,0.0,120221000.0,719474689.78,2041149689.78,17.707322440898665,0.0,0.2143161478792075,2.051691032510977,0.0,17.707322440898665,-0.01568500357385448,11.684336263804079,-12.727757744480611,0.7985397028373298,-0.4582507783753184,0.0,0.009001011560226284,0.007138967439764962,0.0,-0.0016384287361757574,22.849170788236787,1.0,-2.956521739130435,-1.8233075816280542,-0.5088394044566047,0.31859261913996706,-0.0068547281495459755,-1.8522494270896153,0.0,-1.3970521324853682,-0.607648962832816,-0.06352561764876212,Banks—Regional,Financial Services,BANC
2019Q2,2019,Q2,2019-08-09,2019-06-30,16582000.0,62001000.0,0.0,0.23,62001000.0,1.0,9359931000.0,963544000.0,0.0,0.0,8396387000.0,0.0,146039000.0,711999918.0,2421863918.0,18.9460920696342,0.0,0.21621035454214352,2.1002818760741597,0.0,18.9460920696342,0.017209385352407364,11.483684424444768,10.734530183331323,0.7389386660079871,0.44536244120130264,0.0,0.01037219220578618,0.006624087292951198,0.0,0.001771594256410651,130.4268030774867,1.0,3.5999999999999996,0.07227755933936315,-0.5399372805982231,0.15178752512574697,-0.1587381275440977,1.3564018757993463,0.0,-0.4018286372774784,-0.575472419692109,-0.018951426948736298,Banks—Regional,Financial Services,BANC
2019Q1,2019,Q1,2019-05-09,2019-03-31,7037000.0,73700000.0,0.0,0.05,73700000.0,1.0,9886525000.0,948325000.0,0.0,0.0,8938200000.0,0.0,136943000.0,705803578.0600001,1535194578.06,18.891161669439043,0.0,0.1147112863215336,1.1958938127751562,0.0,18.891161669439043,0.007420451849313263,9.576710692808685,25.074732771777747,0.7442633886694963,1.531192269432997,0.0,0.015266287016589795,0.007454590971043921,0.0,0.0007117768882392954,47.72812943332432,1.0,-0.6153846153846154,1.8332478465636344,-0.6274114479222977,-0.1115534155203784,0.020634261182661682,-0.36247508606631634,0.0,-0.7010979310345007,-0.49557228257310937,-0.08590021011167163,Banks—Regional,Financial Services,BANC
2018Q4,2018,Q4,2019-03-01,2018-12-31,11038000.0,72210000.0,0.0,0.13,72210000.0,1.0,10630067000.0,945534000.0,0.0,0.0,9684533000.0,0.0,140952000.0,674175524.5500001,1975757524.5500002,18.667330808842845,0.0,0.15928159248667012,1.7907066271546026,0.0,18.667330808842845,0.011673826641876443,9.336318024511842,15.26942209979163,0.7130103460584177,0.9167421634354049,0.0,0.015009444323500544,0.006792995754401171,0.0,0.0010383753931184066,26.864934231918713,1.0,0.857142857142857,0.19627651286714373,-0.5332075959761811,0.04756008059432281,-0.037687571630373944,-0.005227108868060562,0.0,-0.5419095633556992,-0.5187744931215357,0.1450963419500013,Banks—Regional,Financial Services,BANC
2018Q3,2018,Q3,2018-11-09,2018-09-30,11096000.0,75038000.0,0.0,0.07,75038000.0,1.0,10260822000.0,946678000.0,0.0,0.0,9314144000.0,0.0,140971000.0,947268621.1999999,2388143621.2,18.68834056550294,0.0,0.17670085301158134,1.9152193248390688,0.0,18.68834056550294,0.011720986438894746,12.623852197553239,21.342569872025955,1.0006238881647191,1.9131218457101657,0.0,0.022409694066619,0.007313059324097036,0.0,0.0010813948434150792,21.71737863267458,1.0,-0.611111111111111,1.4591078531318786,-0.4105163146448226,0.1047473743152669,-0.06862611242816538,-0.24925575101488498,0.0,-0.40263641755589696,-0.44610028512796956,0.15119261956349844,Banks—Regional,Financial Services,BANC
2018Q2,2018,Q2,2018-08-08,2018-06-30,14780000.0,80567000.0,0.0,0.18,80567000.0,1.0,10319280000.0,988688000.0,0.0,0.0,9330592000.0,0.0,143880000.0,989101536.95,2581427536.95,19.541826271550008,0.0,0.19168168709444844,2.0006483339536842,0.0,19.541826271550008,0.014949104267473663,12.27675769173483,16.730404887516915,1.0004182684021652,0.7884979702300406,0.0,0.011782410161788192,0.007807424548999542,0.0,0.0014322704684822973,29.94101822158317,1.0,2.0,-0.1885200338967809,-0.5944292988489794,-0.11787969847187331,0.010003886221464479,0.727039027810236,0.0,-0.27279784598902934,-0.4293056874618529,0.22203525428632098,Banks—Regional,Financial Services,BANC
2018Q1,2018,Q1,2018-05-10,2018-03-31,8558000.0,79769000.0,0.0,0.06,79769000.0,1.0,10329319000.0,993756000.0,0.0,0.0,9335563000.0,0.0,141008000.0,976397518.5,2707659518.5,19.643117108147383,0.0,0.20117163580677488,2.0910223435128947,0.0,19.643117108147383,0.008611771903767123,12.240312884704585,28.52294690640337,0.9825324511248233,1.3645711614863285,0.0,0.011960292584459287,0.007722580743222279,0.0,0.0008285154132619973,79.67990195038355,1.0,-0.5,1.3343997893046056,-0.38963627745895185,0.3373735319889189,0.03715983409395275,-0.24278888692266856,0.0,-0.47693492355034495,-0.37222291928704837,0.48538274693630434,Banks—Regional,Financial Services,BANC
2017Q4,2017,Q4,2018-02-28,2017-12-31,11302000.0,76911000.0,0.0,0.12,76911000.0,1.0,10327852000.0,1012308000.0,0.0,0.0,9315544000.0,0.0,144839000.0,1043497033.5999999,2523739033.6,20.032793124367537,0.0,0.18086442369623423,1.845229910264465,0.0,20.032793124367537,0.011164586272162227,13.56759154867314,23.082132224385063,1.0308098262584113,1.030171651035215,0.0,0.011157674267489169,0.007446950246769609,0.0,0.001094322420576902,20.886649991993593,1.0,-0.4782608695652174,1.8197276381070255,-0.010530132306045924,0.23889161758691166,-0.1687094682230869,-0.3331759985839873,0.0,-0.18507436479120096,-0.34421125924142887,0.48045415788760726,Banks—Regional,Financial Services,BANC
2017Q3,2017,Q3,2017-11-08,2017-09-30,16949000.0,92520000.0,0.0,0.23,92520000.0,1.0,10280028000.0,1013908000.0,0.0,0.0,9266120000.0,0.0,145420000.0,1045018015.5,2075057015.5,20.1322758918504,0.0,0.15981133514422335,1.6203294578995333,0.0,20.1322758918504,0.016716506823104264,11.295049886511025,15.414154456015105,1.030683272545438,0.6858221723995516,0.0,0.011123253214384418,0.008999975486448092,0.0,0.0016487309178535312,8.24784151394611,1.0,0.6428571428571428,-0.5886403127662452,-0.3682542139067386,0.2247590718644347,0.15522924782738987,0.3828016643550624,0.0,-0.002384931432793098,-0.25439621754877595,0.4991690859014022,Banks—Regional,Financial Services,BANC
2017Q2,2017,Q2,2017-08-09,2017-06-30,12257000.0,80088000.0,0.0,0.14,80088000.0,1.0,10365768000.0,1006292000.0,0.0,0.0,9359476000.0,0.0,140331000.0,1081226185.0,1611826185.0,20.00994639248401,0.0,0.1005993960119501,1.0362697904783105,0.0,20.00994639248401,0.012180361167533876,13.500476788033163,22.05323865954149,1.074465647148144,0.9458268744390961,0.0,0.01072208586957224,0.00772620031627179,0.0,0.0011824497712084622,2.7212022756673226,1.0,-0.3913043478260869,4.850673155897674,1.0500151519145853,0.2815813323247702,-0.1434530111977412,-0.2874251497005988,0.0,-0.19845426893753554,-0.39902056734599334,0.21646229462997688,Banks—Regional,Financial Services,BANC
2017Q1,2017,Q1,2017-05-10,2017-03-31,17201000.0,93501000.0,0.0,0.23,93501000.0,1.0,11052085000.0,985748000.0,0.0,0.0,10066337000.0,0.0,139926000.0,1087920005.3999999,1999710005.3999999,18.755959536287428,0.0,0.11962186320499707,1.34118557684114,0.0,18.755959536287428,0.017449693024992188,11.635383636538645,15.811871481309227,1.103649213997898,0.656822277774548,0.0,0.010384954724539713,0.008460032654471985,0.0,0.0015563579179856109,-41.35320075262277,1.0,-0.5740740740740742,9.126582692054619,1.2126375970886907,0.18903305687441976,-0.4172322881023167,-0.4828944203944204,0.0,5.614890046697587,-0.5485078619004982,-0.1179119378555736,Banks—Regional,Financial Services,BANC
2016Q4,2016,Q4,2017-03-01,2016-12-31,33264000.0,160443000.0,0.0,0.54,160443000.0,1.0,11029853000.0,980239000.0,0.0,0.0,10049614000.0,0.0,134515000.0,888036084.6,1180826084.6,19.15141394018979,0.0,0.06648320698381022,0.7480828655052493,0.0,19.15141394018979,0.03393458126028448,5.5349007722368695,6.674152872474748,0.9059383319782217,0.3403980278980279,0.0,0.012750607994831924,0.014546250072417104,0.0,0.0030158153513015996,5.972078202800307,1.0,-0.08474576271186429,2.350355490965892,3.5752133394365164,0.21085859169779153,0.012507809492556528,-0.0743801652892562,0.0,2.567627068704003,0.026386665689749348,0.07472551572165975,Banks—Regional,Financial Services,BANC
2016Q3,2016,Q3,2017-03-01,2016-09-30,35937000.0,158461000.0,0.0,0.59,158461000.0,1.0,11216404000.0,971424000.0,0.0,0.0,10244980000.0,0.0,112751000.0,897007500.0,1519386500.0,18.908496350364963,0.0,0.08884148609483039,1.0257951213888066,0.0,18.908496350364963,0.0369941446783279,5.660746177292835,6.240138993238167,0.9233944189149126,0.3062860005008765,0.0,0.012270800411367798,0.014127611665913604,0.0,0.003203968045373544,12.505158160349081,1.0,0.3720930232558139,11.537573215577822,2.7492052479968514,0.13978987751278354,0.13379984401943318,0.35468184559710497,0.0,2.4661209613619373,0.22741843545274393,0.1177617200467222,Banks—Regional,Financial Services,BANC
2016Q2,2016,Q2,2016-08-04,2016-06-30,26528000.0,139761000.0,0.0,0.43,139761000.0,1.0,10157662000.0,939884000.0,0.0,0.0,9217778000.0,0.0,88385000.0,880894094.2,1715405094.2,19.31208361142399,0.0,0.1090549183463675,1.1785954436930515,0.0,19.31208361142399,0.028224759651191,6.302860556235288,8.3015501941345,0.9372370358469769,0.43746230398069963,0.0,0.01317411488669281,0.0137591701712461,0.0,0.002611624604165801,-17.715672395623844,1.0,0.19444444444444448,2.4320452467506897,2.240569947183833,0.1737261642686446,0.1439223421756959,0.3474881901762584,0.0,0.5141080508527908,-0.2686178244977539,-0.12825030876223703,Banks—Regional,Financial Services,BANC
2016Q1,2016,Q1,2016-05-04,2016-03-31,19687000.0,122177000.0,0.0,0.36,122177000.0,1.0,9616972000.0,867530000.0,0.0,0.0,8749442000.0,0.0,73179000.0,734611115.0,1973995115.0,20.66641068996077,0.0,0.1513881916262208,1.6782082464007009,0.0,20.66641068996077,0.022693163348817907,6.01267926860211,9.328632028749936,0.8467846817977476,0.3829430588713364,0.0,0.010262572735507819,0.012704310670759986,0.0,0.002047110046696611,-3.6418991279602997,1.0,-0.07692307692307698,5.53836311668003,2.5495831026781253,0.4719309366847727,0.030525143811467804,0.034089715306229645,0.0,5.471909058150362,0.12666274520174015,0.4070430118498183,Banks—Regional,Financial Services,BANC
2015Q4,2015,Q4,2016-02-18,2015-12-31,19038000.0,118558000.0,0.0,0.39,118558000.0,1.0,8235555000.0,652405000.0,0.0,0.0,7583150000.0,0.0,63534000.0,585092400.0,1619344400.0,16.301974012993504,0.0,0.14472321537528438,1.8268958698967666,0.0,16.301974012993504,0.02918126010683548,4.935073128763981,7.683217774976363,0.8968239053961878,0.3943166298980985,0.0,0.012830452079022048,0.01439587253075233,0.0,0.002311683912013216,-3.6352884161344035,1.0,0.3448275862068967,2.3401654548089326,1.5224054788195927,0.15801643951440023,0.11831344621044192,0.3097138139790864,0.0,2.7435310104288515,0.9259236134522401,0.008165902250086177,Banks—Regional,Financial Services,BANC
2015Q3,2015,Q3,2015-11-06,2015-09-30,14536000.0,106015000.0,0.0,0.29,106015000.0,1.0,7256810000.0,643534000.0,0.0,0.0,6613276000.0,0.0,52277000.0,486399720.33,1198315720.33,16.23389539501136,0.0,0.150586690295047,1.6980905437785727,0.0,16.23389539501136,0.022587773140191506,4.588027357732396,8.365432724442762,0.7558259863969891,0.5001375894331316,0.0,0.014946554646593214,0.01460903620185729,0.0,0.0020030839997188846,4.794997193682903,1.0,-0.09375000000000008,-0.49174917075058433,0.3079311538682697,-0.3099468870696666,-0.04152502531462462,-0.08716402913840743,0.0,-0.5517921213712275,-0.08033222330174777,-0.012401242485109888,Banks—Regional,Financial Services,BANC
2015Q2,2015,Q2,2015-08-07,2015-06-30,15924000.0,110608000.0,0.0,0.32,110608000.0,1.0,6437882000.0,633882000.0,0.0,0.0,5804000000.0,0.0,45494000.0,545041667.5,698228667.5,15.991213185549709,0.0,0.09538494181782145,0.968756014526363,0.0,15.991213185549709,0.02512139483373877,4.927687576847967,8.556921431487064,0.8598472073666708,0.42514443607133884,0.0,0.01242106870664159,0.01718080573704209,0.0,0.002473484291883573,196.19930435565155,1.0,0.10344827586206906,1.6853407765192643,0.5829253450175851,-0.30476379100943624,0.1326636150451087,0.2664227771592174,0.0,7.346813380875225,2.5919249230505237,0.02419266388060136,Banks—Regional,Financial Services,BANC
2015Q1,2015,Q1,2015-05-08,2015-03-31,12574000.0,97653000.0,0.0,0.29,97653000.0,1.0,6097355000.0,514160000.0,0.0,0.0,5583195000.0,0.0,36880000.0,478612800.0,863978800.0,13.224279835390947,0.0,0.10704116785065,1.2693869612571962,0.0,13.224279835390947,0.02445542243659561,4.901158182544315,9.515921743279785,0.9308635444219698,0.3860346747256243,0.0,0.010141809830409885,0.016015633008083015,0.0,0.002062205661307239,-6.668609884215073,1.0,0.15999999999999992,0.5453501440917109,0.3625791050043491,-0.4385605555919099,0.13058327737513603,0.2310554141374584,0.0,9.006519241548505,2.1237767124463107,-0.1616474834456755,Banks—Regional,Financial Services,BANC
2014Q4,2014,Q4,2015-03-16,2014-12-31,10214000.0,86374000.0,0.0,0.25,86374000.0,1.0,5971571000.0,503589000.0,0.0,0.0,5467982000.0,0.0,29863000.0,426867520.0,920337520.0,13.531518701633706,0.0,0.12167133238472758,1.4427817128650546,0.0,13.531518701633706,0.020282412840629958,4.942083497348739,10.448098688075193,0.8476506039647411,0.35059721950264344,0.0,0.008389019619014348,0.014464200459142158,0.0,0.0017104376720966728,-4.688121423786146,1.0,-0.1935483870967742,2.9093231518513853,0.2571295893570676,-0.4196413038683311,0.053444238462289004,-0.09014787101371816,0.0,1.5702574102205331,2.3874668146690867,-0.14446234989424783,Banks—Regional,Financial Services,BANC
2014Q3,2014,Q3,2014-11-07,2014-09-30,11226000.0,81992000.0,0.0,0.31,81992000.0,1.0,4537996000.0,446881000.0,0.0,0.0,4091115000.0,0.0,24862000.0,387016382.97,600680382.97,13.428956133887667,0.0,0.0882656132795181,0.8963213920484424,0.0,13.428956133887667,0.025120781595100262,4.720172492072398,8.618750734233032,0.866039019269112,0.39836094779975056,0.0,0.011555066391974038,0.01806788723480585,0.0,0.0024737791747723005,-4.697484863936496,1.0,0.14814814814814806,-0.06064089492326084,0.32879578931301656,-0.4237575041216027,0.1585372746283841,0.38234207609900256,0.0,5.046428203166427,1.9949563970553639,-0.19051266777895146,Banks—Regional,Financial Services,BANC
2014Q2,2014,Q2,2014-08-18,2014-06-30,8121000.0,70772000.0,0.0,0.27,70772000.0,1.0,4386522000.0,439318000.0,0.0,0.0,3947204000.0,0.0,18779000.0,291110736.3,577395736.3,16.44929438488731,0.0,0.12458184411248821,1.2439303647927014,0.0,16.44929438488731,0.018485470661343265,4.113360316226757,8.961665321388992,0.6626424055012542,0.3854205147149366,0.0,0.010751922240251639,0.016133966728082066,0.0,0.0018513528485665865,-1.4931971824700705,1.0,28.000000000000004,0.8433599079644478,0.41331272121266155,-0.2857972021326255,0.17389861995753716,9.72787318361955,0.0,0.9145706858204221,1.990269066542211,-0.0002649329936324327,Banks—Regional,Financial Services,BANC
2014Q1,2014,Q1,2014-05-09,2014-03-31,757000.0,60288000.0,0.0,-0.01,60288000.0,1.0,4030634000.0,325326000.0,0.0,0.0,3705308000.0,0.0,14398000.0,187731000.0,329763000.0,21.26313725490196,0.0,0.11844687461079324,1.467500292014779,0.0,21.26313725490196,0.0023268967128357403,3.1139032643312103,61.99834874504623,0.5770550155843677,4.145310435931308,0.0,0.016715406619045338,0.014957448381569748,0.0,0.00018781164452044021,-0.6932971415909595,1.0,-1.0833333333333335,1.0795014475932603,1.2424420436980947,-0.0763153857187919,0.08279751427853012,-0.7720566094549834,0.0,-0.31021556564713426,3.8055907577310144,0.5144317997932972,Banks—Regional,Financial Services,BANC
2013Q4,2013,Q4,2014-03-17,2013-12-31,3321000.0,55678000.0,0.0,0.12,55678000.0,1.0,3628023000.0,324869000.0,0.0,0.0,3303154000.0,0.0,16981000.0,244474612.29,464830612.28999996,17.81981879096817,0.0,0.09159809626344706,1.0229353985760414,0.0,17.81981879096817,0.010222582025370226,4.390865553539998,18.40368957317073,0.7525329049247543,0.9512195121951219,0.0,0.012921587114545618,0.01534665022796162,0.0,0.0009153745717709066,-0.8360907664448259,1.0,1.2264150943396226,1.5618771560798232,0.9365088279172318,-0.2522809594808745,0.23872029901219186,1.3891492852120928,0.0,0.2790503158758944,1.6003976170872634,0.2658370754769395,Banks—Regional,Financial Services,BANC
2013Q3,2013,Q3,2013-11-12,2013-09-30,-8534000.0,44948000.0,0.0,-0.53,44948000.0,1.0,3718373000.0,302580000.0,0.0,0.0,3415793000.0,0.0,17027000.0,247374333.36,-64349666.639999986,16.9163928333264,0.0,0.02883626790534462,0.3543657875603146,0.0,16.9163928333264,-0.028204111309405776,5.503567085521047,-7.24672877197094,0.8175501796549672,-0.32622451370986644,0.0,0.01125419910055296,0.012088082610324461,0.0,-0.002295089814819546,-4.865263710492674,1.0,-2.4722222222222223,-2.371272585130982,0.587630591527827,-0.14224118662965468,-0.055436472912201065,-2.955993582397433,0.0,-1.66130547336424,0.22897836055187004,-0.2809360138062478,Banks—Regional,Financial Services,BANC
2013Q2,2013,Q2,2013-08-09,2013-06-30,4363000.0,47586000.0,0.0,0.36,47586000.0,1.0,2535114000.0,268485000.0,0.0,0.0,2266629000.0,0.0,28678000.0,164824438.4,-172972561.60000002,22.153243993701363,0.0,0.050146462841513244,0.4734975883196454,0.0,22.153243993701363,0.016250442296590124,3.4637170260160555,9.44444409809764,0.6139055753580274,0.28741691496676597,0.0,0.0076080950869479805,0.018770753504576125,0.0,0.0017210271411857612,-1.165537166495775,1.0,6.199999999999999,1.8320792955474317,1.5995459258431501,0.13490634280757016,0.4368621293556374,3.6964477933261572,0.0,1.6141633924859788,1.2273958375450735,-0.03686248239492363,Banks—Regional,Financial Services,BANC
2013Q1,2013,Q1,2013-05-10,2013-03-31,929000.0,33118000.0,0.0,0.05,33118000.0,1.0,2051055000.0,188298000.0,0.0,0.0,1862757000.0,0.0,25755000.0,146276200.0,151476200.0,14.68783151326053,0.0,0.06437223770206064,0.7011811065438825,0.0,14.68783151326053,0.004933668971523861,4.4168186484691105,39.36388589881593,0.7768335298303752,1.8557588805166847,0.0,0.011785922795369308,0.016146812250280952,0.0,0.00045293763453442255,-25.254868784530387,1.0,1.1666666666666667,-0.7411967729721195,0.8856495280571959,-0.2704549059384101,0.8443974159055468,1.291679748822606,0.0,-0.65373596460887,0.4014527751075009,-0.3764251764927322,Banks—Regional,Financial Services,BANC
2012Q4,2012,Q4,2013-03-28,2012-12-31,-3185000.0,17956000.0,0.0,-0.3,17956000.0,1.0,1682702000.0,188757000.0,0.0,0.0,1493945000.0,0.0,26550000.0,143231795.91,186496795.91,16.16993192946693,0.0,0.09326369137256627,0.8314128747543138,0.0,16.16993192946693,-0.01687354641152381,7.976820890510136,-11.242684137362637,0.7588158103275641,-0.4141287284144427,0.0,0.009208849135905525,0.010670932821141236,0.0,-0.0018927890975347981,-61.978276032020766,1.0,-1.379746835443038,-2.352620062896061,0.31828215090763995,-0.19909341475073297,-0.4706367924528302,-1.3337524887351986,0.0,-0.8981382473994457,-0.16681502156687822,-0.30648134787780595,Banks—Regional,Financial Services,BANC
2012Q3,2012,Q3,2012-11-13,2012-09-30,9543000.0,33920000.0,0.0,0.79,33920000.0,1.0,1669732000.0,191739000.0,0.0,0.0,1477993000.0,0.0,31477000.0,146740127.06,147632127.06,16.437743842307942,0.0,0.07187860087726654,0.6259446434997575,0.0,16.437743842307942,0.04977078215699467,4.326065066627359,3.8441823079744317,0.7653118408878736,0.2928848370533375,0.0,0.019047278041794003,0.020314637319042816,0.0,0.005715288441498396,-3.411291776548261,1.0,9.777777777777779,10.687419128845391,1.582698561719466,-0.204859617393762,2.7398015435501653,13.91339648173207,0.0,1.2781007159990476,0.5682814012008066,-0.2946490818896497,Banks—Regional,Financial Services,BANC
2012Q2,2012,Q2,2012-08-10,2012-06-30,-739000.0,9070000.0,0.0,-0.09,9070000.0,1.0,1115120000.0,182295000.0,0.0,0.0,932825000.0,0.0,23746000.0,138471275.82,116527275.82,15.613481476190243,0.0,0.059978298299734556,0.3668943196467265,0.0,15.613481476190243,-0.004053868729257522,15.266954335170892,-46.84413931664411,0.7595999660989056,-0.42625169147496617,0.0,0.0022748400210414123,0.008133653777171963,0.0,-0.0006627089461223904,91.15949691902567,1.0,-3.784844217506631,-1.3331315766528624,-0.31499260492297626,-0.21213573852475487,-0.03294594306429257,-2.9602122015915118,0.0,-1.383708823164493,-0.5856753172951841,-0.322086899667223,Banks—Regional,Financial Services,BANC
2012Q1,2012,Q1,2012-05-10,2012-03-31,377000.0,9379000.0,0.0,0.03231778619221299,9379000.0,1.0,1083082000.0,184002000.0,0.0,0.0,899080000.0,0.0,26201000.0,139044380.24,100337380.24000001,15.774127916670988,0.0,0.03243152411359435,0.19090009891196835,0.0,15.774127916670988,0.002048890772926381,14.825075193517433,92.20449618037136,0.7556677657851545,4.204244031830239,0.0,0.011399238122851013,0.008659547476553021,0.0,0.00034808075473509854,29.979383406640796,1.0,1.0671538414383646,-0.8707221394422895,-0.3414111038338011,-0.21239382473882898,0.17354854854854854,1.0671535447096545,0.0,1.0519319646493703,-0.5424262182810199,-0.31476154785326105,Banks—Regional,Financial Services,BANC
2011Q4,2011,Q4,2012-03-30,2011-12-31,-5614000.0,7992000.0,0.0,-0.48125,7992000.0,1.0,999041000.0,184495000.0,0.0,0.0,814546000.0,0.0,27623000.0,119564169.25,95089169.25,15.816391832622548,0.0,0.020019198411276414,0.10840402178920838,0.0,15.816391832622548,-0.030429008916230793,14.960481637887888,-5.324375189258995,0.64806184042928,-0.01460634128963306,0.0,0.0006858241939401088,0.007999671685146054,0.0,-0.005619388994045289,28.56969396654719,1.0,-13.03125,-2.631234804784246,-0.42797214735851746,-0.1966129740393582,-0.15838247683235046,-9.717391304347826,0.0,-0.48447439561486155,-0.5655706758344243,-0.33634469214933393,Banks—Regional,Financial Services,BANC
2011Q3,2011,Q3,2011-11-14,2011-09-30,644000.0,9496000.0,0.0,0.04,9496000.0,1.0,928977000.0,191488000.0,0.0,0.0,737489000.0,0.0,35065000.0,130779380.16,75679380.16,16.58945804258811,0.0,0.02152905830822507,0.1044451871657754,0.0,16.58945804258811,0.003363135026737968,13.772049300758214,50.76839291925466,0.6829638419117647,3.5263975155279503,0.0,0.01736512282916145,0.010221996884745262,0.0,0.0006932356775248473,35.97782122696011,1.0,-0.75,-0.820023915858256,-0.3600057459271803,-0.16799164682475257,0.09869258359365961,-0.5842479018721756,0.0,-0.8396458831200654,-0.4802399634506123,-0.1588186686564785,Banks—Regional,Financial Services,BANC
2011Q2,2011,Q2,2011-08-05,2011-06-30,1549000.0,8643000.0,0.0,0.16,8643000.0,1.0,882266000.0,160475000.0,0.0,0.0,721791000.0,0.0,35928000.0,144931853.57999998,113892853.57999998,16.453653500565405,0.0,0.03400335046346567,0.18694500701043776,0.0,16.453653500565405,0.00965259386197227,16.768697625824366,23.391196510652033,0.9031428794516281,0.19690122659780504,0.0,0.0021044373094396746,0.00979636526852446,0.0,0.0017557063289302772,-83.58238384083045,1.0,1.2857142857142856,-0.43278414125491504,-0.33575948368701375,-0.16919136519845052,0.09101237061348144,1.2352092352092352,0.0,1.367086640693057,-0.4132940854390674,-0.15708255976150085,Banks—Regional,Financial Services,BANC
2011Q1,2011,Q1,2011-04-29,2011-03-31,693000.0,7922000.0,0.0,0.07,7922000.0,1.0,834983000.0,135650000.0,0.0,0.0,699333000.0,0.0,35448000.0,153713621.77,185030621.77,14.040339920096855,0.0,0.07185775039731347,0.4423147806855879,0.0,14.040339920096855,0.005108735716918541,19.40338573213835,55.452244505772,1.1331634483597495,1.468975468975469,0.0,0.0066227051856420525,0.009487618310791956,0.0,0.0008299570170889706,57.7653595527997,1.0,-0.5,-0.7343392799518935,-0.3583467975995499,-0.2642235532392083,-0.3018418965365295,-0.49636627906976744,0.0,-0.7438271751828354,-0.40148152267054155,-0.3026158355359624,Banks—Regional,Financial Services,BANC
2010Q4,2010,Q4,2011-02-25,2010-12-31,1376000.0,11347000.0,0.0,0.14,11347000.0,1.0,861621000.0,136009000.0,0.0,0.0,725612000.0,0.0,35773000.0,128207401.69,144107401.69,14.077497915167365,0.0,0.08704523218445233,0.5514340962730407,0.0,14.077497915167365,0.010116977552956055,11.2987927813519,23.2934959465843,0.9426391024858649,0.938953488372093,0.0,0.01007742129525408,0.01316936332795974,0.0,0.0015969898598107522,44.6871389647961,1.0,-0.7878787878787878,-0.5242768834513032,-0.07478135941636238,-0.25447874299428846,0.32049342488071686,-0.5461741424802111,0.0,-0.29394664519024255,0.006543454232332472,-0.3027329469740036,Banks—Regional,Financial Services,BANC
2010Q3,2010,Q3,2010-10-22,2010-09-30,3032000.0,8593000.0,0.0,0.66,8593000.0,1.0,862713000.0,98867000.0,0.0,0.0,763846000.0,0.0,35587000.0,44967103.099999994,80059103.1,23.525573743263884,0.0,0.08693505256093279,0.75859487999029,0.0,23.525573743263884,0.030667462348407455,5.232992330967066,3.707709688324538,0.4548241890620733,0.14841688654353563,0.0,0.010007315770359243,0.009960438755414604,0.0,0.003514494391529976,5.198509028901733,1.0,2.0153846153846153,1.1862714960967016,0.5931531149638964,0.25660528328873294,0.162944918121532,2.2340252340252342,0.0,9.306708878608587,0.8160165671667604,0.13799885718523744,Banks—Regional,Financial Services,BANC
2010Q2,2010,Q2,2010-08-16,2010-06-30,-2457000.0,7389000.0,0.0,-0.65,7389000.0,1.0,881491000.0,96413000.0,0.0,0.0,785078000.0,0.0,33015000.0,33533320.0,123294320.0,23.001122465655055,0.0,0.11344415314506898,1.037204526360553,0.0,23.001122465655055,-0.02548411521267879,4.538275815401272,-3.412018722018722,0.34780911287896865,-0.18274318274318274,0.0,0.013389667351756403,0.008382388475889147,0.0,-0.0027873228427743447,13.202094488188976,1.0,-5.333333333333334,-3.254474183746021,0.37031789085937306,0.19841812162057593,-0.041261191124951344,-3.808,0.0,-4.085069531439178,0.5543974594858383,0.16064840453038903,Banks—Regional,Financial Services,BANC
2010Q1,2010,Q1,2010-05-10,2010-03-31,875000.0,7707000.0,0.0,0.15,7707000.0,1.0,903796000.0,98482000.0,0.0,0.0,805314000.0,0.0,35932000.0,32486937.209999997,131825937.21,23.554240741551272,0.0,0.12170888120770616,1.1169553827095307,0.0,23.554240741551272,0.008884872362462175,4.215250708446866,9.28198206,0.3298769034950549,0.5131428571428571,0.0,0.01382093969331743,0.00852736679516174,0.0,0.0009681388277885717,4.79441222107438,1.0,2.0435508557117017,-0.22490205762987076,0.4803349717265745,0.2477921414292485,-0.001554605518849592,2.4559068219633944,0.0,-0.16289430966644214,0.5098460334258003,0.1760691658920688,Banks—Regional,Financial Services,BANC
2009Q4,2009,Q4,2010-03-10,2009-12-31,-601000.0,7719000.0,0.0,-0.14374,7719000.0,1.0,893921000.0,97485000.0,0.0,0.0,796436000.0,0.0,35515000.0,22368740.549999997,146352740.55,23.3157852063334,0.0,0.1510200565821812,1.3848284351438682,0.0,23.3157852063334,-0.0061650510334923326,2.897880625728721,-9.30480056156406,0.22945828127404214,-0.7454242928452579,0.0,0.020027949226672042,0.008634991235243384,0.0,-0.0006723189185621548,-2.329349218994064,1.0,-1.4791333333333334,-1.5601707053958664,0.4851623416065087,0.24978435376205524,0.0,-1.4020066889632108,0.0,-1.4872007833434926,0.5413887194242634,0.18431558430526016,Banks—Regional,Financial Services,BANC
2009Q3,2009,Q3,2009-11-06,2009-09-30,1495000.0,7719000.0,0.0,0.3,7719000.0,1.0,894453000.0,97014000.0,0.0,0.0,797439000.0,0.0,36573000.0,26642649.6,165427649.6,23.304348828729108,0.0,0.16770025926460083,1.5461685942235142,0.0,23.304348828729108,0.015410146989094358,3.4515675087446565,4.455292575250836,0.2746268538561445,0.29899665551839466,0.0,0.016777610587199253,0.008629855341756358,0.0,0.0016714125840038548,2.4535085735334747,1.0,1.9999999999999998,0.12226075292451395,0.41779554039677963,0.26084465746146185,-0.008605188800410994,1.1824817518248176,0.0,0.15846268500393665,0.4424751348023338,0.16877916331180418,Banks—Regional,Financial Services,BANC
2009Q2,2009,Q2,2009-08-06,2009-06-30,685000.0,7786000.0,0.0,0.1,7786000.0,1.0,893638000.0,95642000.0,0.0,0.0,797996000.0,0.0,35535000.0,28487021.220000003,183034021.22,23.031685725686415,0.0,0.18519803320807754,1.730411325568265,0.0,23.031685725686415,0.0071621254260680455,3.6587491934240948,10.396723072992701,0.2978505386754773,0.9357664233576642,0.0,0.022501475147214428,0.008712700220894815,0.0,0.0007665296238521639,9.204207179321488,1.0,1.1470588235294117,-0.5148357635739855,0.4210997655840215,0.23888186647998474,0.06965242478362413,1.2657098525989139,0.0,-0.4108720434931246,0.4053916297947741,0.16295893640146986,Banks—Regional,Financial Services,BANC
2009Q1,2009,Q1,2009-05-15,2009-03-31,-2578000.0,7279000.0,0.0,-0.68,7279000.0,1.0,896291000.0,95358000.0,0.0,0.0,800933000.0,0.0,35288000.0,27961294.5,183461294.5,23.019910612507587,0.0,0.18620626559900746,1.7501940057467649,0.0,23.019910612507587,-0.027034962981606157,3.841364816595686,-2.7115297226532196,0.2932244227018184,-0.3809154383242824,0.0,0.03511997629437364,0.008121246336290334,0.0,-0.00287629798804183,11.903488505747127,1.0,-1.0974060022824714,-3.3936248156945044,0.4770128866675846,0.3217286192372071,0.11418949946425838,-0.9195830230826508,0.0,-3.30497223705513,0.3750735310148568,0.20634600954198487,Banks—Regional,Financial Services,BANC
2008Q4,2008,Q4,2009-03-06,2008-12-31,-1343000.0,6533000.0,0.0,-0.32421,6533000.0,1.0,876520000.0,98723000.0,0.0,0.0,777797000.0,0.0,38496000.0,39974295.1,203679295.1,23.832238882931545,0.0,0.1996531739150276,1.7726365689859507,0.0,23.832238882931545,-0.013603719497989324,6.118826741160263,-7.441231403574088,0.4049136989354052,-0.6478034251675354,0.0,0.021763986027110705,0.007453338201067859,0.0,-0.0015321955003878977,-344.60599224137934,1.0,-1.9263142857142859,-2.3198456388614552,0.3508373521033053,0.29569358604598306,-0.005480286192723398,-1.93005540166205,0.0,-2.0829303094227103,0.2424091817056465,0.262116378658493,Banks—Regional,Financial Services,BANC
2008Q3,2008,Q3,2008-11-04,2008-09-30,1444000.0,6569000.0,0.0,0.35,6569000.0,1.0,845549000.0,81849000.0,0.0,0.0,763700000.0,0.0,40703000.0,53122777.6,224226777.6,19.721619375565183,0.0,0.21678223260863652,2.2394897921782797,,19.721619375565183,0.017642243643783063,8.086889572233217,9.197156786703601,0.6490339234443915,0.5304709141274239,0.0,0.014419426743228124,0.007768916999487906,0.0,0.001707766196873274,18.26780522696011,1.0,1.8139534883720931,0.7396680703683686,0.5514597195350087,0.09231726893418832,0.047687400318979264,1.8040089086859687,0.0,0.05434420720288439,0.2332533234020369,0.053419201282629926,Banks—Regional,Financial Services,BANC
2008Q2,2008,Q2,2008-08-08,2008-06-30,-1796000.0,6270000.0,0.0,-0.43,6270000.0,1.0,824687000.0,81030000.0,0.0,0.0,743657000.0,0.0,40025000.0,53549847.9,214670847.9,19.519887375814562,0.0,0.2109891389096712,2.147352832284339,0.0,19.519887375814562,-0.022164630383808465,8.540645598086124,-7.454043415924276,0.6608644687152907,-0.4298440979955457,0.0,0.014416474187595217,0.007602884488296772,0.0,-0.002177795939550399,16.96763241444867,1.0,-2.535714285714285,-3.0602431225169013,0.508592686148496,0.12233201043908916,0.09903593339176162,-2.5403087478559176,0.0,-2.6640427425255964,0.1741436594253409,0.017036746710903026,Banks—Regional,Financial Services,BANC
2008Q1,2008,Q1,2008-05-06,2008-03-31,1166000.0,5705000.0,0.0,0.28,5705000.0,1.0,797530000.0,83839000.0,0.0,0.0,713691000.0,0.0,42587000.0,67919504.66,186610504.66,20.132863112668055,0.0,0.1671410479856557,1.589952170231038,0.0,20.132863112668055,0.013907608630828135,11.90525936196319,14.562500999142367,0.8101182583284627,0.6715265866209262,0.0,0.01152835262741741,0.007153335924667411,0.0,0.001462013968126591,79.8114038307873,1.0,0.4000000000000001,0.47368407861791767,0.518905276541609,0.13070392161519553,0.17410989915620498,0.3880952380952381,0.0,0.03703707419200529,0.10021481900318645,0.06654375541563297,Banks—Regional,Financial Services,BANC
2007Q4,2007,Q4,2008-03-10,2007-12-31,840000.0,4859000.0,0.0,0.2,4859000.0,1.0,774720000.0,84075000.0,0.0,0.0,690645000.0,0.0,42192000.0,75831648.06,173378648.06,20.18953549299928,0.0,0.14418112350268483,1.328575676479334,0.0,20.18953549299928,0.009991079393398751,15.60643096521918,22.568942875,0.9019524003568243,0.8476190476190476,0.0,0.009389219649250493,0.0062719434118133,0.0,0.0010842627013630732,86.46710155074116,1.0,1.857142857142857,0.35467713792952743,0.3674084734593277,0.1441309203500126,0.06744288224956063,1.9681978798586572,0.0,-0.21390975178347127,-0.06134285994152248,0.08220955655484928,Banks—Regional,Financial Services,BANC
2007Q3,2007,Q3,2007-11-02,2007-09-30,283000.0,4552000.0,0.0,0.07,4552000.0,1.0,770476000.0,83577000.0,0.0,0.0,686899000.0,0.0,42129000.0,99009567.92999999,185880567.93,20.672756914231694,0.0,0.1291409466355863,1.1905189226701125,,20.672756914231694,0.0033860990463883602,21.750783815905095,87.46428262367492,1.1846508959402704,2.745583038869258,0.0,0.007847726399021768,0.005908036071207929,0.0,0.00036730540600875305,349.8571304946996,1.0,-0.631578947368421,-0.47991571195954197,0.6037166785232817,0.24732117566336648,-0.046701570680628274,-0.64625,0.0,-0.7812499922703178,-0.13907785845925819,0.11846657041864997,Banks—Regional,Financial Services,BANC
2007Q2,2007,Q2,2007-08-03,2007-06-30,800000.0,4775000.0,0.0,0.19,4775000.0,1.0,769152000.0,83442000.0,0.0,0.0,685710000.0,0.0,42623000.0,105178939.48,187666939.48000002,19.817476486310735,0.0,0.1267629805292062,1.168476306895808,0.0,19.817476486310735,0.009587497902734833,22.027003032460733,32.8684185875,1.2605035770954676,0.9725,0.0,0.007396918088796078,0.006208135713097021,0.0,0.0010401065069063071,86.63833565074135,1.0,-0.24,0.4156339089894445,10.297911628887627,2.49343365698903,-0.05799960544486092,-0.22928709055876687,0.0,-0.4411763661944469,-0.14045203935165912,0.0659885060389839,Banks—Regional,Financial Services,BANC
2007Q1,2007,Q1,2007-05-04,2007-03-31,1038000.0,5069000.0,0.0,0.25,5069000.0,1.0,787778000.0,83156000.0,0.0,0.0,704622000.0,0.0,42601000.0,107536800.0,212145800.0,20.027938342967246,0.0,0.15385045025375169,1.4575015633267594,0.0,20.027938342967246,0.012482562893838088,21.214598540145985,25.9,1.2931935158016257,0.7302504816955684,0.0,0.007048749823316298,0.006434553897163922,0.0,0.0013176300937573784,124.17644341801386,1.0,-0.16666666666666663,0.3157894461859979,0.3535694297945938,0.1248111259451835,0.019304242911723307,-0.1526530612244898,0.0,-0.03846150627615058,0.026197641858816203,0.14993927377958846,Banks—Regional,Financial Services,BANC
