Quarters,Year,Quarter,FillingDate,Date,NetIncome,Revenue,OperatingIncome,EPSDiluted,GrossProfit,GrossProfitRatio,TotalAssets,CommonStockEquity,CurrentAssets,CurrentLiability,TotalLiability,Inventory,RetainedEarnings,MarketCap,EnterpriseValue,bookValuePerShare,currentRatio,debtToAssets,debtToEquity,roic,shareholdersEquityPerShare,roe,priceToSalesRatio,peRatio,pbRatio,payoutRatio,inventoryTurnover,dividendYield,assetTurnover,quickRatio,returnOnAssets,priceToFreeCashFlowsRatio,grossProfitMargin,epsdilutedGrowth,fiveYNetIncomeGrowthPerShare,fiveYRevenueGrowthPerShare,fiveYShareholdersEquityGrowthPerShare,grossProfitGrowth,netIncomeGrowth,operatingIncomeGrowth,threeYNetIncomeGrowthPerShare,threeYRevenueGrowthPerShare,threeYShareholdersEquityGrowthPerShare,Industry,Sector,Symbol
2023Q3,2023,Q3,2023-06-09,2023-04-30,6890000.0,299295000.0,10377000.0,0.27,89045000.0,0.2975158289,518226000.0,193439000.0,389962000.0,301675000.0,308774000.0,150324000.0,16685000.0,850514940.0,763364940.0,7.580492201583196,1.2926560039777906,0.006892745636073836,0.01846576957076908,0.03742802734513199,7.580492201583196,0.03561846370173543,2.8417278604721097,30.860484034833092,4.396812121650753,0.0,1.3986455921875416,0.0,0.5775375994257331,0.6776398442031988,0.013295357623893823,-68.74514548981571,0.29751582886449823,-0.5263157894736842,2.926658581558528,-0.20799201246379284,6.0440854513092335,-0.027277096851718335,-0.5288244546262737,-0.4292393157692096,12.745781235200468,-0.03745721278896915,2.5046486649360182,Telecom Services,Communication Services,IDT
2023Q2,2023,Q2,2023-03-13,2023-01-31,14623000.0,313936000.0,18181000.0,0.57,91542000.0,0.2915944651,500511000.0,188138000.0,373541000.0,287921000.0,297108000.0,132576000.0,9795000.0,749738900.0,639087900.0,7.375068600548804,1.2973732377978682,0.014305379901740422,0.03805717080015733,0.06769878965995159,7.375068600548804,0.07772486153780736,2.3881902680801184,12.81780243452096,3.985047677768447,0.0,1.6774831040308955,0.0,0.6272309699487124,0.7099377954369428,0.029216141103791924,62.34316480957924,0.2915944651139086,0.3255813953488371,8.317950459698665,-0.23394952505542954,0.32402645610219705,0.015103127079174983,0.32912197782221414,-0.10110748541481261,15.188104303117688,4.376676465765913e-05,2.436397853779533,Telecom Services,Communication Services,IDT
2023Q1,2023,Q1,2022-12-13,2022-10-31,11002000.0,321816000.0,20226000.0,0.43,90180000.0,0.2802222388,490693000.0,174096000.0,361077000.0,292756000.0,301930000.0,134293000.0,-4828000.0,667214180.0,566362180.0,6.799828145139242,1.2333718181693971,0.014353169904604305,0.04045469166436908,0.08111696768512053,6.799828145139242,0.06319501884018013,2.0732784572550775,15.161202054171968,3.832449797812701,0.0,1.724855353592518,0.0,0.6558398020758397,0.6659129104100343,0.02242135102803586,51.27683522901937,0.28022223879483926,-0.5425531914893618,6.058808610875474,-0.21342436991775002,0.20210297505932232,-0.0051738022482321925,-0.36190697134903144,1.9342811547947192,8.463640132844438,-0.029190853612153275,2.2391227332665204,Telecom Services,Communication Services,IDT
2022Q4,2022,Q4,2022-10-14,2022-07-31,17242000.0,328563000.0,6893000.0,0.94,90649000.0,0.2758953382,497094000.0,167615000.0,362627000.0,305072000.0,316266000.0,129793000.0,-15830000.0,680108670.0,586362670.0,6.498972509790237,1.1886603818115067,0.009265853138440618,0.027479640843599915,0.03900111705572801,6.498972509790237,0.10286668854219491,2.069949050866957,9.861220711054402,4.057564478119501,0.0,1.8330264343993898,0.0,0.66096754336202,0.6623387265956889,0.03468559266456646,84.37026051358393,0.27589533818476214,4.222222222222222,2.574820751889832,-0.25231516322148195,0.033795687498849106,0.12206020696142991,2.613917417732132,-0.48281812725090034,7.829189485079798,-0.09521644776052696,1.9225963958844405,Telecom Services,Communication Services,IDT
2022Q3,2022,Q3,2022-06-09,2022-04-30,4771000.0,328353000.0,13328000.0,0.18,80788000.0,0.2460400849,503270000.0,163637000.0,371091000.0,315363000.0,327011000.0,154744000.0,-33072000.0,685858480.0,596933480.0,6.317786958032508,1.176710647729759,0.016321258966360004,0.05019647145816655,0.04602797987622237,6.317786958032508,0.029155997726675507,2.0887839611637475,35.93892684971704,4.19134107811803,0.0,1.5998358579331025,0.0,0.6524390486220121,0.5990081271423724,0.009480000794801996,-213.92965689332502,0.2460400849086197,-0.41935483870967744,1.8893358460557932,-0.21018033710146908,0.0343891009777957,0.013231660667477706,-0.4216969696969697,0.15094991364421417,0.2500467442768315,-0.02435961911409103,1.9583332836273606,Telecom Services,Communication Services,IDT
2022Q2,2022,Q2,2022-03-14,2022-01-31,8250000.0,337058000.0,11580000.0,0.31,79733000.0,0.2365557263,505894000.0,160595000.0,386999000.0,327370000.0,332851000.0,366000.0,-37843000.0,962719560.0,865832560.0,6.260525495088102,1.1821455845068272,0.014590012927609341,0.04596033500420312,0.050278346314323284,6.260525495088102,0.05137146237429559,2.8562430204890554,29.17332,5.9947044428531395,0.0,703.0737704918033,0.0,0.6662621023376438,0.6143904450621621,0.01630776407705962,74.75111111111111,0.23655572631416552,4.1,7.3685371232541055,-0.18607427621713576,0.0303946540800659,0.016250732876188535,4.329297820823244,5.518142801404604,41.2282120395328,-0.06695721147076446,1.9480303735504048,Telecom Services,Communication Services,IDT
2022Q1,2022,Q1,2021-12-10,2021-10-31,-2478000.0,370083000.0,-2563000.0,-0.1,78458000.0,0.2120010916,507729000.0,163602000.0,385490000.0,325919000.0,332427000.0,0.0,-45336000.0,1314859380.0,1208349380.0,6.399202065242901,1.1827785431349507,0.01582143229951411,0.04910086673757044,-0.013960465414891597,6.399202065242901,-0.015146514101294604,3.552877003266835,-132.65328692493947,8.0369395239667,0.0,0.0,0.0,0.7288986841405553,0.6461206618822468,-0.004880556359790361,-128.83199882422105,0.21200109164700892,-1.0671140939597317,-1.1004368247684897,-0.1093897652571766,0.041578056757682565,-0.00731312313376183,-1.063979757816736,-1.1512540572440249,-0.5940883895844459,-0.047881278036485696,3.227287163320958,Telecom Services,Communication Services,IDT
2021Q4,2021,Q4,2021-10-14,2021-07-31,38731000.0,389968000.0,16945000.0,1.49,79036000.0,0.2026730398391663,512655000.0,164864000.0,388135000.0,339334000.0,346041000.0,0.0,-42858000.0,1269651000.0,1167977000.0,6.466522847617179,1.1438140593044022,0.010675795613034106,0.033197059394409936,0.19364664579717775,6.466522847617179,0.23492697010869565,3.255782525745702,8.195315122253492,7.70120220302795,0.0,0.0,0.0,0.7606831104739055,0.6331696794308852,0.07554983370882952,50.45104506079631,0.2026730398391663,0.07194244604316553,2.138835678720172,-0.05396917225846654,0.18912730216406776,0.08218090204562259,0.06556069109717179,0.22152537485582469,3.5443951807118834,-0.03954575999388382,4.1993256198800415,Telecom Services,Communication Services,IDT
2021Q3,2021,Q3,2021-06-09,2021-04-30,36348000.0,373831000.0,13872000.0,1.39,73034000.0,0.19536635538518743,461899000.0,127029000.0,354049000.0,327336000.0,334739000.0,0.0,-81589000.0,612975300.0,537582300.0,4.975675675675675,1.081607278148447,0.01867074836706726,0.06789000936793961,0.19996185005562503,4.975675675675675,0.28613938549465084,1.6397123299030845,4.216018075272367,4.825475285171104,0.0,0.0,0.0,0.8093349411884416,0.565470953393455,0.07869252802019489,77.56235606731622,0.19536635538518743,1.7254901960784312,6.605919759535422,-0.0667708707578614,-0.13860141863675446,0.03416830687755767,1.7729630759841317,0.07343496092238644,11.159255365205022,-0.011216454346743995,3.6235895645589102,Telecom Services,Communication Services,IDT
2021Q2,2021,Q2,2021-03-15,2021-01-31,13108000.0,339766000.0,12923000.0,0.51,70621000.0,0.20785187452540865,424571000.0,89860000.0,341399000.0,326301000.0,334155000.0,0.0,-117937000.0,373835880.0,303405880.0,3.5430959703493414,1.0462701615992596,0.02131798921735116,0.10072334742933452,0.09972088087680027,3.5430959703493414,0.14587135544179836,1.1002745418905953,7.129918370460788,4.160203427553973,0.0,0.0,0.0,0.800257200797982,0.514895755759253,0.03087351703248691,144.72933797909408,0.20785187452540865,0.59375,1.8987327895516948,-0.20139318817929716,-0.36304175186883264,0.005266828941936769,0.5815637065637066,-0.024900022636384214,7.4013158072690555,-0.16608239293544694,-0.3639174012696602,Telecom Services,Communication Services,IDT
2021Q1,2021,Q1,2020-12-10,2020-10-31,8288000.0,343425000.0,13253000.0,0.32,70251000.0,0.20455994758680934,405946000.0,81117000.0,325282000.0,319867000.0,328363000.0,0.0,-131045000.0,243339019.99999997,178927019.99999997,3.176823059450145,1.016928911078667,0.023820902287496365,0.1192105230716126,0.09619947948560931,3.176823059450145,0.10217340384876167,0.708565247142753,7.3401007480694975,2.9998523120924094,0.0,0.0,0.0,0.8459869046621965,0.5334217033954738,0.020416508599665966,17.13293107090051,0.20455994758680934,-0.6049382716049383,0.7754349727549102,-0.21022383995838126,-0.4611392711557475,-0.09178937570296442,-0.614386079188573,-0.0680028129395218,4.821187541194653,-0.1583398533385505,-0.43838750487658423,Telecom Services,Communication Services,IDT
2020Q4,2020,Q4,2020-10-14,2020-07-31,21493000.0,360344000.0,14220000.0,0.81,77351000.0,0.21465877050818108,404750000.0,74772000.0,322132000.0,324870000.0,333611000.0,0.0,-139333000.0,171069780.0,93562780.0,2.8454220260293783,0.991572013420753,0.01816676961087091,0.0983389504092441,0.23092998117420324,2.8454220260293783,0.28744717273845827,0.4747401927047488,1.9898313404364212,2.287885572139303,0.0,0.0,0.0,0.8902878319950587,0.4813279157816973,0.05310191476219889,4.639557930136689,0.21465877050818108,39.5,13.878918789812671,-0.2260558923903649,-0.5130522774084416,0.23767540841960413,40.49227799227799,2.75,2.926710215680712,-0.19519051483722105,-0.5473769099358211,Telecom Services,Communication Services,IDT
2020Q3,2020,Q3,2020-06-09,2020-04-30,518000.0,321336000.0,3792000.0,0.02,62497000.0,0.19449112455498294,371610000.0,57040000.0,291916000.0,308532000.0,318007000.0,0.0,-160826000.0,142403400.0,101126400.0,2.162982063630503,0.9461449703758443,0.028279648018083473,0.1842391304347826,0.011324123865027912,2.162982063630503,0.009081346423562413,0.4431604302038987,68.72750965250965,2.4965532959326793,0.0,0.0,0.0,0.864713005570356,0.37148820867851634,0.001393934501224402,-2.762003956708949,0.19449112455498294,-0.5,-0.19919997932832487,-0.2689449219646264,-0.658310217653915,0.021626834929872166,-0.44420600858369097,1.8662131519274376,1.094836621459278,-0.24083483946387638,-0.6458625327045507,Telecom Services,Communication Services,IDT
2020Q2,2020,Q2,2020-03-11,2020-01-31,932000.0,323890000.0,1323000.0,0.04,61174000.0,0.18887276544505852,439712000.0,56487000.0,355461000.0,376045000.0,386319000.0,0.0,-161344000.0,198979200.0,146619200.0,2.146162613981763,0.9452618702548897,0.019856178589622298,0.15456653743339174,0.007820696542049354,2.146162613981763,0.01649937153681378,0.6143419062027231,53.37424892703863,3.5225662541823777,0.0,0.0,0.0,0.7365957717778909,0.32743687590580917,0.002119569172549305,-8.996256442716339,0.18887276544505852,1.6666666666666667,-0.6780904346141271,-0.2876353540844552,-0.6643950511870567,0.006416162147933667,1.6159947124917382,1.9504310344827587,-0.07860286582718203,-0.23772264084581243,-0.6467717468815789,Telecom Services,Communication Services,IDT
2020Q1,2020,Q1,2019-12-10,2019-10-31,-1513000.0,340245000.0,-1392000.0,-0.06,60784000.0,0.17864773912915693,459037000.0,55167000.0,373741000.0,396394000.0,406706000.0,0.0,-162276000.0,178959990.0,126111990.0,2.099280794550782,0.9428523136071686,0.02033605134226653,0.169213479072634,-0.03025736239036195,2.099280794550782,-0.027425816158210523,0.5259739011594586,-29.57038830138797,3.2439681331230625,0.0,0.0,0.0,0.7412147604659319,0.32785309565735105,-0.0032960306031975637,-20.271861123697327,0.17864773912915693,0.38650306748466257,-1.016344675943926,-0.2864276481938837,-0.7007415224432073,0.00016454404844176785,0.38893376413570274,0.7884176926584587,-1.0596601787230842,-0.20341110597459558,-0.658306646940687,Telecom Services,Communication Services,IDT
2019Q4,2019,Q4,2019-10-11,2019-07-31,-2476000.0,356128000.0,-6579000.0,-0.0978,60774000.0,0.17065212507862343,443703000.0,56244000.0,368461000.0,389070000.0,390146000.0,0.0,-160763000.0,256976880.0,176808880.0,2.2236982564345866,0.9470300974117768,0.0,0.0,-0.07267480041958217,2.2236982564345866,-0.04402247350828533,0.7215857219876,-25.94677705977383,4.568965222957115,0.0,0.0,0.0,0.8026269824634947,0.35816948107024443,-0.005580309351074931,7.828455492597332,0.17065212507862343,-1.652,-1.2794449262170065,-0.2633723308739432,-0.5117531606872693,0.039511494252873564,-1.6397932816537468,-3.3932339032375407,-1.2022624124620493,-0.1291625235846555,-0.5910846724255566,Telecom Services,Communication Services,IDT
2019Q3,2019,Q3,2019-06-07,2019-04-30,3870000.0,341255000.0,2749000.0,0.15,58464000.0,0.171320566731623,419898000.0,56087000.0,346403000.0,362308000.0,363471000.0,0.0,-160289000.0,186992560.0,107666560.0,2.1355899935270153,0.9561008865385252,0.0,0.0,0.06200475478595492,2.1355899935270153,0.06899994651166937,0.5479555171352801,12.079622739018088,3.3339732914935722,0.0,0.0,0.0,0.812709277014894,0.38002749042251344,0.00921652401297458,37.556248242619,0.171320566731623,13.999999999999998,-0.3338598959630619,-0.27011679152141516,-0.4979301442589721,0.0028990479457929497,19.476190476190474,0.7815942968243681,-0.2127935095200075,-0.17187007567923973,-0.6302825363415784,Telecom Services,Communication Services,IDT
2019Q2,2019,Q2,2019-03-12,2019-01-31,189000.0,349473000.0,1543000.0,0.01,58295000.0,0.16680830851024256,416140000.0,52700000.0,341253000.0,361651000.0,362937000.0,0.0,-163366000.0,178178880.0,103733880.0,2.123629916183108,0.9435975567605233,0.0,0.0,0.006434786687418715,2.123629916183108,0.003586337760910816,0.5098502030199757,235.6863492063492,3.381003415559772,0.0,0.0,0.0,0.8397967030326332,0.3590809924485208,0.00045417407603210455,7.160379360231474,0.16680830851024256,1.1666666666666665,-0.9351899328167741,-0.2525296295070721,-0.507101799488907,0.011662009961300176,1.1304347826086956,0.20358814352574103,-0.9572845218297443,-0.16050437189149216,-0.618225528630668,Telecom Services,Communication Services,IDT
2019Q1,2019,Q1,2018-12-10,2018-10-31,-1449000.0,362316000.0,1282000.0,-0.06,57623000.0,0.15904072687929874,399846000.0,36075000.0,323575000.0,361767000.0,363170000.0,0.0,-164806000.0,167770240.0,108457240.0,1.5137845663211782,0.8944292873589907,0.0,0.0,-0.995038115038115,1.5137845663211782,-0.040166320166320164,0.4630494927080228,-28.945866114561767,4.6505957033957035,0.0,0.0,0.0,0.906138863462433,0.3088009685792236,-0.003623895199651866,44.5368303689939,0.15904072687929874,-1.1818181818181819,-1.3630930418786664,-0.23965944465780079,-0.6572495619025255,-0.14649030557077897,-1.175806842999272,-0.8775315246465418,-1.3325829650903633,-0.10723693684164845,-0.7432280490742226,Telecom Services,Communication Services,IDT
2018Q4,2018,Q4,2018-10-15,2018-07-31,8242000.0,392647000.0,10468000.0,0.33,67513000.0,0.17194324673307068,399597000.0,30664000.0,328881000.0,366984000.0,368294000.0,0.0,-173103000.0,129438750.0,61349750.0,1.2437233826809977,0.8961725851808253,0.0,0.0,0.2773326724857608,1.2437233826809977,0.2687842421080094,0.32965679095981887,3.9261935816549385,4.221195864857814,0.2746906090754671,0.0,0.01749089820474935,0.9826074770331109,0.38191038301397334,0.02062578047382738,7.298903236720424,0.17194324673307068,3.357142857142857,2.9114505122762044,-0.191333183896332,-0.7069628642726713,0.1591209545883767,3.3834586466165413,7.183106910809214,5.08126944527087,-0.101161041145719,-0.7871569618881807,Telecom Services,Communication Services,IDT
2018Q3,2018,Q3,2018-06-11,2018-04-30,-3458000.0,365410000.0,-1693000.0,-0.14,58245000.0,0.15939629457321913,387894000.0,26554000.0,314282000.0,359531000.0,360977000.0,0.0,-179081000.0,133738500.0,83585500.0,1.0761499493414386,0.8741443714172075,0.0,0.0,-0.09356415225066478,1.0761499493414386,-0.1302252014762371,0.36599573082291126,-9.668775303643724,5.036472847781879,-0.6469057258530942,0.0,0.01672667182598878,0.9420357107869676,0.362149578200489,-0.008914806622427777,20.581486611265003,0.15939629457321913,-3.3333333333333335,-1.3370918476846103,-0.22063438984492684,-0.7841484236741751,-0.006973096464009274,-3.2810026385224274,-2.527083333333333,-6.713322538128414,-0.1115344750424283,-0.829998848282155,Telecom Services,Communication Services,IDT
2018Q2,2018,Q2,2018-03-12,2018-01-31,1516000.0,395883000.0,-480000.0,0.06,58654000.0,0.14815993614274925,504229000.0,137266000.0,357257000.0,356120000.0,357869000.0,0.0,-173386000.0,267869409.99999997,213814409.99999997,5.570182201842308,1.0031927440188702,0.0,0.0,-0.0335778044751862,5.570182201842308,0.011044249850654933,0.6766378197598785,44.173715369393136,1.9514621974851747,3.113456464379947,0.0,0.017620526360214106,0.78512540928824,0.45913175334157025,0.0030065704273256793,-129.78169089147286,0.14815993614274925,1.7500000000000002,-0.5660790713811102,-0.187213180798555,0.20975262063681172,0.0282058024366728,1.7246653919694073,-6.783132530120482,-0.4407455112391404,-0.07004062119679483,-0.12896595041332667,Telecom Services,Communication Services,IDT
2018Q1,2018,Q1,2017-12-11,2017-10-31,-2092000.0,393555000.0,83000.0,-0.08,57045000.0,0.14494797423485917,488172000.0,139311000.0,342418000.0,338439000.0,340123000.0,0.0,-170182000.0,324597040.0,271842040.0,5.656610362189378,1.0117569192675786,0.0,0.0,0.002810061236692594,5.656610362189378,-0.015016761059787095,0.8247818983369541,-38.79027724665392,2.330017299423592,-2.2562141491395793,0.0,0.01454110610497249,0.8061810181657285,0.5280065240708074,-0.0042853748269052715,-9.056584358695348,0.14494797423485917,0.8095238095238095,-1.4890506654907705,-0.16997519062024546,0.28537985503434005,-0.015192058696590419,0.7874199776445483,-0.9777896708589778,-1.0241145274939176,-0.11929312420926913,-0.19363402479799977,Telecom Services,Communication Services,IDT
2017Q4,2017,Q4,2017-10-16,2017-07-31,-9841000.0,394987000.0,3737000.0,-0.42,57925000.0,0.1466503960889852,518963000.0,145734000.0,371117000.0,362776000.0,364406000.0,0.0,-163370000.0,343325420.0,252981420.0,6.2865153998792165,1.0229921494255407,0.0,0.0,-0.07265661989802033,6.2865153998792165,-0.06752713848518534,0.8692068852898956,-8.721812315821563,2.355836112369111,-0.4795244385733157,0.0,0.013744976995877555,0.7611082100265337,0.6272879132026374,-0.018962816231600326,27.245886834378226,0.1466503960889852,-1.0,-1.2355965033584522,-0.0828908831901036,0.2739679109781641,0.046881495002801324,-1.0609424083769634,1.5747462319286374,-2.2118092484430143,-0.10859687616322944,0.3803002567457942,Telecom Services,Communication Services,IDT
2017Q3,2017,Q3,2017-06-09,2017-04-30,-4775000.0,370035000.0,-6502000.0,-0.21,55331000.0,0.1495290985987812,484836000.0,140808000.0,327028000.0,332669000.0,334345000.0,0.0,-148810000.0,344196220.0,272744220.0,6.10774702871519,0.9830432051077798,0.0,0.0,-0.031082117674575457,6.10774702871519,-0.03391142548718823,0.9301720648046806,-18.0207445026178,2.444436537696722,-0.9193717277486911,0.0,0.012754352735192735,0.7632168403336386,0.5929377248856972,-0.009848691103795923,-66.45997682950376,0.1495290985987812,-6.25,-2.458033654123417,-0.11059295925735506,0.8155671512092608,-0.023162614974489345,-6.457142857142857,-3.0786445012787724,-1.9363237431355755,-0.09839731147113691,0.43591030062153907,Telecom Services,Communication Services,IDT
2017Q2,2017,Q2,2017-03-13,2017-01-31,875000.0,367556000.0,3128000.0,0.04,56643000.0,0.15410712925377357,459366000.0,138335000.0,304903000.0,310907000.0,312534000.0,0.0,-139644000.0,437145600.0,359621600.0,6.075852073085032,0.98068875901797,0.0,0.0,0.009417827081678074,6.075852073085032,0.0063252249972891895,1.1893306054043467,124.89874285714285,3.1600506017999783,5.0125714285714285,0.0,0.010033270379479972,0.8001375809267556,0.6365408305377492,0.0019047992232772996,-38.57620896576068,0.15410712925377357,-0.9583333333333333,-0.7034899303821046,-0.09477570104767416,0.8233873831211059,0.00928334699404868,-0.9600784743133498,-0.3968376397994601,-0.6729639578577359,-0.14313822693020375,0.4102158434355868,Telecom Services,Communication Services,IDT
2017Q1,2017,Q1,2016-12-12,2016-10-31,21918000.0,369151000.0,5186000.0,0.96,56122000.0,0.15202992813239027,471656000.0,139537000.0,318673000.0,320167000.0,321726000.0,0.0,-136134000.0,406317680.0,314389680.0,6.143756604438183,0.995333685233019,0.0,0.0,0.10516228818792898,6.143756604438183,0.15707661767129866,1.1006815097344989,4.634520485445752,2.9118992095286553,0.1997901268363902,0.0,0.010777281461146362,0.7826699967773123,0.6407468602323163,0.04647030886917584,-16252.7072,0.15202992813239027,1.0,5.543007380848973,-0.12148597269170804,0.7881095759644371,-0.04774670829374236,0.9892902523143946,-0.16690763052208835,4.762850465771302,-0.18714781217567078,0.39106667790445654,Telecom Services,Communication Services,IDT
2016Q4,2016,Q4,2016-10-14,2016-07-31,11018000.0,368075000.0,6225000.0,0.48,58936000.0,0.16011954085444544,469658000.0,123797000.0,339053000.0,343820000.0,345455000.0,0.0,-153673000.0,341702650.0,232165650.0,5.438040852185372,0.9861351870164621,0.0,0.0,0.06188333061525547,5.438040852185372,0.08900054120859148,0.9283506078924132,7.753282129243057,2.7601852225821304,0.3970775095298602,0.0,0.012803529618514812,0.7837085709175613,0.6454132976557501,0.023459623811369124,38.76377197958026,0.16011954085444544,1.526315789473684,42.84680672374607,-0.1679673216477798,-0.46515550288054625,-0.04840636806923499,1.6004248288883645,0.096723044397463,3.7673912830311105,-0.1790040562069145,0.2812719753306528,Telecom Services,Communication Services,IDT
2016Q3,2016,Q3,2016-06-09,2016-04-30,4237000.0,355154000.0,5676000.0,0.19,61934000.0,0.17438632255303332,469278000.0,130746000.0,336757000.0,335334000.0,337514000.0,0.0,-160316000.0,347220900.0,246085900.0,5.776275679257787,1.0042435303309536,0.0,0.0,0.03378837365568932,5.776275679257787,0.03240634512719318,0.9776629293208017,20.487426244984658,2.655690422651553,1.0283219258909606,0.0,0.01254820778357524,0.7568093965623788,0.5876379967435452,0.009028763334313563,58.39571140262361,0.17438632255303332,0.05555555555555561,-0.44848928300091057,-0.184693026387934,-0.46157388364461527,-0.012689303363621871,0.042312423124231245,-0.10992629763211542,-0.5497451629221589,-0.1742393510635929,0.1585915247436678,Telecom Services,Communication Services,IDT
2016Q2,2016,Q2,2016-03-11,2016-01-31,4065000.0,382454000.0,6377000.0,0.18,62730000.0,0.16401972524800368,455843000.0,126820000.0,323488000.0,326388000.0,328153000.0,0.0,-160196000.0,272220060.0,172706060.0,5.562524672134742,0.9911148694192189,0.0,0.0,0.0351166199408737,5.562524672134742,0.03205330389528466,0.711772030100352,16.74170110701107,2.1465073332281976,1.0890528905289052,0.0,0.016262578150926865,0.839003779810154,0.626910303074868,0.008917543978957667,36.34932033649353,0.16401972524800368,0.0,-0.06842381966902697,-0.14080133580001153,-0.4511693563699691,-0.05050933143626924,-0.030527068924397806,-0.19533123028391167,0.25762083688801946,-0.15127540951372145,0.2080895302215165,Telecom Services,Communication Services,IDT
2016Q1,2016,Q1,2015-12-10,2015-10-31,4193000.0,390578000.0,7925000.0,0.18,66067000.0,0.16915187235328155,469336000.0,135212000.0,327556000.0,331438000.0,333233000.0,0.0,-159835000.0,297008250.0,191536250.0,5.895443645083933,0.9882874021687315,0.0,0.0,0.035882289872508875,5.895443645083933,0.03101056119279354,0.7604326152522671,17.708576794657763,2.196611617312073,1.0014309563558312,0.0,0.01413765442542421,0.8321927148141204,0.6392749171790802,0.008933898102851688,35.21558572444866,0.16915187235328155,2.321033210332103,-0.7599773165293754,-0.021020683018591665,-0.39370763524839525,-0.006287132435887795,2.330420969023034,0.0950670167196352,0.05256139406028117,-0.11544708723748778,0.33965113604680114,Telecom Services,Communication Services,IDT
2015Q4,2015,Q4,2015-10-14,2015-07-31,1259000.0,405796000.0,7237000.0,0.0542,66485000.0,0.16383848041873256,485682000.0,133831000.0,341188000.0,348912000.0,350742000.0,0.0,-159829000.0,389809060.0,285801060.0,5.843382962930621,0.9778626129224561,0.013080575355891303,0.04747031704164207,0.017226652194088896,5.843382962930621,0.009407386928290157,0.9606035052095141,77.4044996028594,2.912696311019121,3.5131056393963465,0.0,0.01134658081061533,0.8355178903068263,0.6115983399825744,0.002592231130657508,-130.1532754590985,0.16383848041873256,1.7099999999999997,-0.8492003762521864,0.01776952416011239,-0.34978140707608113,-0.013897540862033163,1.2283185840707964,1.9299595141700405,-0.9694919909025795,-0.0463159950690543,0.18416673034367267,Telecom Services,Communication Services,IDT
2015Q3,2015,Q3,2015-06-09,2015-04-30,565000.0,383930000.0,2470000.0,0.02,67422000.0,0.17561013726460553,481560000.0,145811000.0,332743000.0,332888000.0,334662000.0,0.0,-156665000.0,392269020.0,283937020.0,6.330250933402795,0.9995644180625315,0.013335825234654042,0.04404331634787499,0.017124830264885312,6.330250933402795,0.0038748791243459,1.021720157320345,173.57036283185843,2.690256702169247,7.575221238938053,0.0,0.010910879477558538,0.7972630617160894,0.640287423998462,0.001173270205166542,-192.7611891891892,0.17561013726460553,-0.8181818181818181,-0.9600691847000409,-0.037550384704738364,-0.2736700104758558,0.030350265908674123,-0.7749003984063745,-0.3386880856760375,-0.8273289433546575,-0.07639402398805664,0.88170787027758,Telecom Services,Communication Services,IDT
2015Q2,2015,Q2,2015-03-12,2015-01-31,2510000.0,394173000.0,3735000.0,0.11,65436000.0,0.16600832629327733,480403000.0,145919000.0,334121000.0,331426000.0,333255000.0,0.0,-152950000.0,487392480.0,360743480.0,6.394907529143659,1.0081315286066874,0.01351365416119383,0.04449043647503067,0.01449234921556473,6.394907529143659,0.017201324022231512,1.2364938237778844,48.54506772908366,3.3401577587565705,13.920717131474104,0.0,0.07168965758355565,0.8205048677880863,0.7078050605565043,0.0052247800284344606,100.95121789560895,0.16600832629327733,-0.968299711815562,-0.39014612469931864,-0.020551184920162616,-0.19071382004848975,-0.0526270069928045,-0.9686856715114466,-0.9530820154006557,-0.1513034784417712,-0.031350036804904495,0.9191371950150382,Telecom Services,Communication Services,IDT
2015Q1,2015,Q1,2014-12-10,2014-10-31,80155000.0,412878000.0,79607000.0,3.47,69071000.0,0.16729154859304685,504335000.0,159625000.0,358537000.0,341845000.0,343728000.0,0.0,-136296000.0,375002400.0,213358400.0,7.014941771039332,1.0488291477131448,0.01300326172087997,0.04108379013312451,0.47615226974032426,7.014941771039332,0.5021456538762725,0.9082644267798236,1.169616368286445,2.3492711041503522,0.049279520928201606,0.0,0.010533265920431441,0.8186582331188594,0.7820825227807925,0.15893205904805338,172.01944954128442,0.16729154859304685,9.205882352941178,21.430833016296962,0.11917174613444459,-0.11243334174776365,-0.03226665172191554,9.396238651102465,12.694649922587304,17.582563839845392,-0.019280223472753256,1.0416636535645116,Telecom Services,Communication Services,IDT
2014Q4,2014,Q4,2014-10-14,2014-07-31,7710000.0,420686000.0,5813000.0,0.34,71374000.0,0.16966098230033802,480931000.0,100239000.0,338865000.0,367984000.0,379767000.0,0.0,-196725000.0,343120310.0,208921310.0,4.554454995683584,0.9208688421235706,0.040804190206079456,0.19577210466983908,0.09090349098274532,4.554454995683584,0.07691617035285667,0.8156209381819219,11.125820687418935,3.423022077235407,0.5120622568093385,0.0,0.011506168200885573,0.8747325499915788,0.6756543762772295,0.01603140575259237,30.51314450867052,0.16966098230033802,0.5454545454545455,0.09206415280798215,0.5397757440241799,-0.4176402798013582,-0.0001540939973383764,0.5367749651185968,-0.36608505997818974,30.736346144338633,-0.01637520788354359,-0.5520583132727568,Telecom Services,Communication Services,IDT
2014Q3,2014,Q3,2014-06-09,2014-04-30,5017000.0,403761000.0,9170000.0,0.22,71385000.0,0.17680013671454153,450955000.0,96471000.0,310935000.0,340545000.0,353636000.0,0.0,-200487000.0,359251200.0,232192200.0,4.253571428571429,0.9130511386160419,0.044279362685855576,0.2069844823833069,0.04795974184867716,4.253571428571429,0.05200526583118243,0.8897620126758157,17.90169423958541,3.7239294710327453,0.7839346222842336,0.0,0.01094777136443803,0.8953465423379273,0.6716263636230161,0.011125278575467619,31.837220843672455,0.17680013671454153,1.0,1.0768976812080624,0.009234250051085567,-0.43518960250698696,0.003091407292910841,0.9790927021696253,0.21072088724584104,-0.3482559999617087,-0.07494775258231133,-0.6035102768467207,Telecom Services,Communication Services,IDT
2014Q2,2014,Q2,2014-03-12,2014-01-31,2535000.0,406423000.0,7574000.0,0.11,71165000.0,0.17510081860524626,444998000.0,92942000.0,304014000.0,340559000.0,351138000.0,0.0,-201570000.0,366724000.0,250597000.0,4.30845540515483,0.8926911342821655,0.049514829280131595,0.23707258290116417,0.04244586850171389,4.30845540515483,0.027275074777818424,0.9023209808500011,36.16607495069034,3.945729594801059,1.5451676528599605,0.0,0.010681057143792062,0.9133142171425489,0.6325717423412683,0.005696654816426141,-60.405863943337174,0.17510081860524626,-0.26666666666666666,1.0144536113317824,-0.6715269383930532,-0.8566450802310551,0.011570553368111327,-0.28044280442804426,0.03995606206233695,-0.38601017211787636,-0.0350205830942905,-0.5749030355033125,Telecom Services,Communication Services,IDT
2014Q1,2014,Q1,2013-12-10,2013-10-31,3523000.0,420670000.0,7283000.0,0.15,70351000.0,0.16723560035181972,441281000.0,92916000.0,298696000.0,337137000.0,347775000.0,0.0,-200188000.0,460521820.0,331796820.0,4.416579522768324,0.885978103856889,0.0500746689750975,0.2378169529467476,0.03822615439285622,4.416579522768324,0.03791596711007792,1.0947341621698718,32.679663638944085,4.956324206810453,0.5214305989213738,0.0,0.003988953227015388,0.9532927998259613,0.6689713677229139,0.007983575091608295,38.402419946631085,0.16723560035181972,1.9375,1.1093080695968556,0.10182746659594333,-0.6356484069127117,0.05800523355490721,1.964941112024103,0.740678776290631,-0.780146005154564,0.1494804106610381,-0.5457952608527397,Telecom Services,Communication Services,IDT
2013Q4,2013,Q4,2013-10-15,2013-07-31,-3651000.0,411126000.0,4184000.0,-0.16,66494000.0,0.16173630468518166,435407000.0,88603000.0,290304000.0,333669000.0,346271000.0,0.0,-203711000.0,431506920.00000006,312767920.00000006,4.244251772370186,0.8700358738750079,0.06481521886418914,0.3185106599099353,0.010508317095490965,4.244251772370186,-0.04120627969707572,1.0495734154492784,-29.547173377156945,4.870116361748474,-0.0002738975623116954,0.0,2.3174599378383086e-06,0.9442337858601263,0.6593210636888653,-0.00838525793108517,-86.45700661190143,0.16173630468518166,-1.4102564102564104,0.9486230896204753,0.04183443039903097,-0.685214115080248,0.006828884211801402,-1.4200897480151882,-0.7158766807008013,-1.4797681856611986,0.13125811673273502,-0.5277236777133415,Telecom Services,Communication Services,IDT
2013Q3,2013,Q3,2013-06-10,2013-04-30,8691000.0,397221000.0,14726000.0,0.39,66043000.0,0.16626260947935784,446407000.0,104224000.0,293092000.0,326453000.0,341289000.0,0.0,-198224000.0,261354310.0,137793310.0,4.985601530734274,0.897807647655252,0.06388788706270287,0.2736413877801658,0.060551207766901136,4.985601530734274,0.08338770340804422,0.6579569307765702,7.517958520308365,2.5076211813018117,0.0,0.0,0.0,0.8898180360074999,0.6983823092451287,0.019468780731484947,14.56580895056568,0.16626260947935784,2.0,1.1264493222707155,0.04826959911251798,-0.7101354020740082,-0.017012472836602864,1.9431087030138843,1.8038842345773038,-0.32321820125252826,0.09717864318952256,-0.4279544451418408,Telecom Services,Communication Services,IDT
2013Q2,2013,Q2,2013-03-12,2013-01-31,2953000.0,411685000.0,5252000.0,0.13,67186000.0,0.16319759039071136,441117000.0,95905000.0,281173000.0,305356000.0,344102000.0,0.0,-206915000.0,179941731.0,58336731.0,4.604397714724663,0.9208039141199125,0.065807937576652,0.3026849486470987,0.022220734362625498,4.604397714724663,0.03079088681507742,0.43708595406682293,15.233807229935659,1.8762497367186275,4.6390111750761935,0.0,0.07613020017018733,0.9332784726047738,0.7031333918442736,0.006694369067616982,20.857972759939724,0.16319759039071136,-0.1875,1.0588563447144512,0.03676268653710852,-0.7714712108539805,0.028551308155110915,-0.18289983397897067,0.0045906656465187455,-0.21399615746659292,0.12064761647596564,-0.41730581395506566,Telecom Services,Communication Services,IDT
2013Q1,2013,Q1,2012-12-10,2012-10-31,3614000.0,400585000.0,5228000.0,0.16,65321000.0,0.1630640188723991,455715000.0,91566000.0,292198000.0,318133000.0,363320000.0,0.0,-209869000.0,177993481.50000003,42177481.50000003,4.400730523381554,0.9184774921180764,0.06654378284673534,0.3311818797370203,0.028731721121511143,4.400730523381554,0.03946879846231134,0.44433386547174764,12.312775421970116,1.943881806565756,0.9477033757609297,0.0,0.019242277701051653,0.8790252679854734,0.749582721691871,0.007930395093424619,8.054003687782807,0.1630640188723991,-0.9053254437869823,-0.3200589269863656,0.09172069707932548,-0.7988524792833672,0.0718903839842468,-0.9031851911382571,0.9916190476190476,2.007420946867993,0.18750938631324884,-0.44319684867068,Telecom Services,Communication Services,IDT
2012Q4,2012,Q4,2012-10-15,2012-07-31,37329000.0,384891000.0,2625000.0,1.69,60940000.0,0.15833054033479607,451114000.0,102230000.0,288658000.0,301365000.0,348389000.0,0.0,-196358000.0,177223576.50000003,55995576.50000003,4.934594777236087,0.9578351832495479,0.06711385592111972,0.2961557272816199,0.7832222357449494,4.934594777236087,0.36514721705957154,0.4604513394701358,1.1869027867073858,1.7335769979458084,0.09148383294489539,0.0,0.01926944522530838,0.8532011863963432,0.7373218522389793,0.0827484848619196,26.096830584597267,0.15833054033479607,11.07142857142857,1.4390270588031007,0.03304573752476006,-0.7855310431121696,0.017226413834546303,11.488792238206758,-0.20454545454545456,4.617118341745211,0.49661679627131416,-0.36903334504602614,Telecom Services,Communication Services,IDT
2012Q3,2012,Q3,2012-06-11,2012-04-30,2989000.0,379719000.0,3300000.0,0.14,59908000.0,0.15776929782286375,401329000.0,70784000.0,272169000.0,292122000.0,329901000.0,0.0,-230272000.0,149759317.5,23515317.5,3.364098664512143,0.9316963460471994,0.07531476668768018,0.42701740506329117,0.09680321535991639,3.364098664512143,0.04222705696202532,0.3943951119117031,12.525871319839409,2.1157227268874323,1.1421880227500836,0.0,0.022796578249630446,0.9461539036551059,0.8202531818897584,0.007447754834562167,6.986020315342632,0.15776929782286375,0.16666666666666682,1.2419249123918912,0.00834412444655647,-0.8812275538322488,0.013946246022611875,0.1253765060240964,-0.18154761904761904,1.049382347590918,0.023072981794353308,-0.5532982257813024,Telecom Services,Communication Services,IDT
2012Q2,2012,Q2,2012-03-12,2012-01-31,2656000.0,365449000.0,4032000.0,0.12,59084000.0,0.1616750900946507,392859000.0,68283000.0,263031000.0,281803000.0,323876000.0,0.0,-229847000.0,152433840.4,52218840.400000006,3.3321784110872534,0.9333860888634968,0.07681381869831161,0.4419401608013708,0.05323764941483669,3.3321784110872534,0.03889694360236076,0.4171138528221448,14.348064796686748,2.232383468798969,1.1174698795180722,0.0,0.019470742141060694,0.9302294207336474,0.7238744796897123,0.0067606953130767014,8.766611479181044,0.1616750900946507,1.5714285714285714,1.129343853671406,-0.06362230891826907,-0.8886401607177614,0.02888985633434915,1.6139620896902451,1.364491050442958,1.0159416233340746,-0.6890759447134374,-0.8891286728404568,Telecom Services,Communication Services,IDT
2012Q1,2012,Q1,2011-12-12,2011-10-31,-4326000.0,376777000.0,-11062000.0,-0.21,57425000.0,0.15241110789671344,393973000.0,69972000.0,258273000.0,282373000.0,323478000.0,0.0,-229535000.0,197968165.0,99587165.0,3.4358949177510434,0.9146518966048454,0.07800788378899062,0.43921854456068143,-0.0777992656186408,3.4358949177510434,-0.06182472989195678,0.52542529135271,-11.440601306056402,2.8292483421940204,-1.2059639389736476,0.0,0.026352721913647077,0.9563523388658614,0.7907271587580965,-0.010980447898713872,-12.23990138493879,0.15241110789671344,-21.792079207920793,-1.0281787577496038,0.00514671518892538,-0.8810088899170536,-0.07845748948871843,-20.05726872246696,-0.1298130936574405,0.8613416164710075,0.019474748253683467,-0.7165512857836119,Telecom Services,Communication Services,IDT
2011Q4,2011,Q4,2011-10-11,2011-07-31,227000.0,399629000.0,-9791000.0,0.0101,62314000.0,0.15592962472693422,568166000.0,209095000.0,434434000.0,325141000.0,364376000.0,0.0,-219992000.0,420858612.0,198481612.0,10.167517627036226,1.3361403206608826,0.05610332191648215,0.1524474521150673,-0.025733385098769223,10.167517627036226,0.0010856309333078266,1.0531233018624775,463.5006740088106,2.012762677251967,15.823788546255507,0.0,0.008534932867192938,0.7033666217267489,1.0709446055711214,0.0003995311229464628,131.97196989651928,0.15592962472693422,-0.9674193548387097,1.0040858532392267,0.49139401844135594,-0.5948785437185589,-0.19451410253095835,-0.9675760605627768,-2.571336864066763,1.0032426537884311,0.028014720714486806,-0.24589981807879,Telecom Services,Communication Services,IDT
2011Q3,2011,Q3,2011-06-14,2011-04-30,7001000.0,396964000.0,6231000.0,0.31,77362000.0,0.19488417085680312,581268000.0,221288000.0,450091000.0,317777000.0,362221000.0,0.0,-215002000.0,505472885.8,273192885.8,10.728074853347554,1.4163737463693093,0.06361093333883854,0.16708994613354541,0.04256112387168131,10.728074853347554,0.03163750406709808,1.273346917604619,18.050024489358663,2.284230892773219,0.07498928724467933,0.0,0.0010386313781580883,0.6829276684765031,1.245316684341535,0.0120443581962193,28.316222385300545,0.19488417085680312,0.7222222222222223,2.247926275437221,0.035329995765706515,-0.6246775289361959,0.07111012654722676,0.7787093495934959,-0.23121529919802591,1.1032335678033587,0.06171026673363606,-0.3762660163040467,Telecom Services,Communication Services,IDT
2011Q2,2011,Q2,2011-03-17,2011-01-31,3936000.0,401512000.0,8105000.0,0.18,72226000.0,0.17988503456932795,568183000.0,208431000.0,435741000.0,313914000.0,360417000.0,0.0,-222003000.0,400345024.50000006,186447024.50000006,10.135229759299781,1.3880903686997075,0.06715794031148416,0.1830725755765697,0.024706970038457423,10.135229759299781,0.018883947205550037,0.9970935476399212,25.428418730945126,1.9207556673431496,2.6704776422764227,0.0,0.02625485358067688,0.7066596501479276,1.2121186057327804,0.006927345591121171,18.953038133787818,0.17988503456932795,-0.7428571428571429,1.1099201069534028,0.013225045119668035,-0.6430038340013845,-0.02653817642698295,-0.7484662576687117,-0.2631818181818182,1.079455622694926,0.024124016046943503,-0.4969609646876503,Telecom Services,Communication Services,IDT
2011Q1,2011,Q1,2010-12-15,2010-10-31,15648000.0,357372000.0,11000000.0,0.7,74195000.0,0.2076127956303236,532846000.0,199765000.0,397706000.0,289651000.0,331251000.0,0.0,-215978000.0,238608288.0,50965288.0,9.72376362928349,1.3730523975404885,0.07365167421731607,0.19645583560683805,0.04857616771298669,9.72376362928349,0.07833204014717293,0.6676748262314899,3.8121211656441716,1.1944449127725076,0.03514826175869121,0.0,0.0023050330925638257,0.670685338728263,1.2496072860097152,0.029366833944516803,104.19575895196506,0.2076127956303236,1.0,1.8925107969963866,-0.08652695018476599,-0.6774027278035034,0.01355135718481483,1.0989939637826962,0.40989489874391183,1.9817170333305762,-0.013580056520257622,-0.5555485763845399,Telecom Services,Communication Services,IDT
2010Q4,2010,Q4,2010-10-28,2010-07-31,7455000.0,356025000.0,7802000.0,0.35,73203000.0,0.20561196545186433,517795000.0,183789000.0,381114000.0,284982000.0,331822000.0,0.0,-231626000.0,320160405.0,139114405.0,8.986797711603344,1.337326567993768,0.07861605461620912,0.2214876842466089,0.03887434589669503,8.986797711603344,0.04056281931998106,0.8992638297872341,10.736432092555331,1.7419998204462726,0.05902079141515761,0.0,0.0013743111050849653,0.6875790612114833,1.1822746699791566,0.014397589779739086,45.61339293346631,0.20561196545186433,-0.39655172413793105,513.7133603969615,-0.09641098978535775,-0.7199764430041642,-0.013183968940833906,-0.40866185452526377,-0.5293194980694981,1.0888187992191387,-0.03200167341180165,-0.6094128863709738,Telecom Services,Communication Services,IDT
2010Q3,2010,Q3,2010-06-14,2010-04-30,12607000.0,355423000.0,16576000.0,0.58,74181000.0,0.2087118728951137,513493000.0,178866000.0,368249000.0,280174000.0,333338000.0,0.0,-239081000.0,171921171.0,1310171.0,8.715392486478585,1.3143582202488453,0.08736243726788875,0.2508022765645791,0.05606708918644157,8.715392486478585,0.07048293135643442,0.48370862605965287,3.40924032283652,0.9611730066082991,0.019037042912667567,0.0,0.0013959886301612033,0.692167176573001,1.1531905173213788,0.024551454450206723,5.641198680929256,0.2087118728951137,2.4117647058823524,2.396546917448701,-0.06985737143538756,-0.7234830626785832,-0.00010783269756972058,2.3990293879751956,1.1724770642201834,2.0461451873130794,-0.032351777781467694,-0.6922954442891713,Telecom Services,Communication Services,IDT
2010Q2,2010,Q2,2010-03-17,2010-01-31,3709000.0,362672000.0,7630000.0,0.17,74189000.0,0.2045622490845723,501217000.0,162487000.0,349729000.0,285974000.0,338859000.0,0.0,-251688000.0,79262139.8,-48778860.2,7.9019111997276665,1.2229398476784603,0.09205992613977579,0.283973487109738,0.02509153331492388,7.9019111997276665,0.02282644149993538,0.21855048032381877,5.342554583445673,0.4878060386369371,0.16446481531410084,0.0,0.00769598198508388,0.7235827994660995,0.9923559484428655,0.0073999884281658445,7.208925857207822,0.2045622490845723,2.0,1.3243988313159456,-0.07654601107992119,-0.7449372075478183,0.07282402788020766,2.0654984199942543,48.225806451612904,1.179999969077406,-0.07394628280897612,-0.7359218347084019,Telecom Services,Communication Services,IDT
2010Q1,2010,Q1,2009-12-15,2009-10-31,-3481000.0,327329000.0,155000.0,-0.17,69153000.0,0.21126450757494752,504094000.0,159573000.0,343344000.0,287453000.0,344251000.0,0.0,-255397000.0,66901584.0,-51684416.0,7.903566121842497,1.1944352641997127,0.09443278436164683,0.2983148778302094,0.001058533935305515,7.903566121842497,-0.021814467359766377,0.20438636356693113,-4.80476759551853,0.4192537835348085,-0.1864406779661017,0.0,0.009700816650320266,0.6493411943010629,1.0138526993978145,-0.00690545810900348,200.90565765765766,0.21126450757494752,-1.53125,0.5336517158079807,-0.18294156618317792,-0.7485465594042391,-0.01407185628742515,-1.4813995298022404,-0.9645633287608596,-1.0228711207681846,-0.11919929599548688,-0.7262855445335977,Telecom Services,Communication Services,IDT
2009Q4,2009,Q4,2009-10-29,2009-07-31,7231000.0,279829000.0,4374000.0,0.32,70140000.0,0.25065307741513565,559620000.0,176294000.0,376620000.0,314385000.0,380178000.0,0.0,-251916000.0,49542807.6,-4594192.3999999985,7.820690267057049,1.1979579178395916,0.10206568743075659,0.3239928755374545,0.09015414773498465,7.820690267057049,0.041016710721862346,0.17704672353473014,1.712861554418476,0.2810237875367284,0.06568939289171623,0.0,0.009587668180517084,0.5000339516100211,0.7472493916694499,0.012921268003287946,-8.787301809152181,0.25065307741513565,1.1111111111111112,1.403266704993278,-0.40478526037504775,-0.768774717199615,-0.2480945081097306,1.113988902200643,1.0763737319062003,1.1187384938528162,-0.04728195839791808,-0.6883871219764195,Telecom Services,Communication Services,IDT
2009Q3,2009,Q3,2009-06-09,2009-04-30,-63436000.0,388989000.0,-57271000.0,-2.88,93283000.0,0.23980883778204526,635902000.0,166073000.0,394073000.0,343677000.0,466476000.0,0.0,-259147000.0,25350979.2,14447979.200000003,7.5309722474152005,1.1466376859667653,0.18114740950649627,0.6936226840004095,-0.19812798806862594,7.5309722474152005,-0.3819766006515207,0.06517145523395262,-0.0999076990983038,0.15264961312194034,-0.018443785862916957,0.0,0.04615206342798782,0.61171218206579,0.8431172292588681,-0.09975750980496995,-2.233763256674597,0.23980883778204526,0.6457564575645757,-0.1362643466040529,-0.05341288186416539,-0.7649329931340303,-0.08085605336538935,-0.023392378924273222,-5.545257142857142,-9.576761870175458,-0.05102869888379812,-0.7365283937657446,Telecom Services,Communication Services,IDT
2009Q2,2009,Q2,2009-03-17,2009-01-31,-61986000.0,437291000.0,-8750000.0,-8.13,101489000.0,0.23208572781054262,747587000.0,229135000.0,435995000.0,391172000.0,514751000.0,0.0,-195711000.0,6767817.6984,-8514182.301599994,30.0544649049999,1.1145864223410673,0.15726196415935537,0.513090536146813,-0.031173653055784088,30.0544649049999,-0.27052174482292096,0.015476691032744785,-0.02729575105023715,0.029536376801448928,0.0,0.0,0.0,0.5849366026964086,0.7268286073645353,-0.08291476443544363,-0.15749732839356775,0.23208572781054262,-4.313725490196079,-13.599672341900666,2.1062980247588543,-0.12729701522096187,-0.005146352461426863,-0.6636963873530517,0.3011182108626198,-3.6694093261453022,1.9766255669507866,0.05861721905021425,Telecom Services,Communication Services,IDT
2009Q1,2009,Q1,2008-12-10,2008-10-31,-37258000.0,441354000.0,-12520000.0,-1.53,102014000.0,0.2311387231111534,867995000.0,294801000.0,471713000.0,440306000.0,567738000.0,0.0,-133725000.0,62906111.99999999,60607111.99999999,12.121751644736841,1.0713299387244326,0.13836715649283693,0.40740024626782134,-0.031993692766499986,12.121751644736841,-0.12638356043568374,0.14252983319512227,-0.42209801921734924,0.21338500208615302,0.0,0.0,0.0,0.5084752792354794,0.8312196517876205,-0.04292421039291701,-1.1249304721030042,0.2311387231111534,0.5499999999999999,-2.021232955816805,-0.025773687107741843,-0.6292596197400475,-0.07725566460132965,0.5689228277218559,-1.0056249084604554,-0.795128803262521,-0.04702014765215144,-0.5978466606223286,Telecom Services,Communication Services,IDT
2008Q4,2008,Q4,2008-10-14,2008-07-31,-86430000.0,479951000.0,2225814000.0,-3.4,110555000.0,0.23034643119818482,1002975000.0,342337000.0,575983000.0,524533000.0,654788000.0,0.0,-96467000.0,113966932.0002,67676932.0002,13.482979941912479,1.0980872509451265,0.12236496423141155,0.3585034629619352,4.722635737989264,13.482979941912479,-0.25247051881625415,0.2374553485672496,-0.3296509661003124,0.3329086017585011,0.0,0.0,0.0,0.47852738104140186,0.8555534160863092,-0.08617363344051447,-2.848461184708823,0.23034643119818482,-0.033434650455927015,-11.91343689327559,0.0400366912001175,-0.5985226464056533,0.1764674583918614,-0.05131916653489192,32.55437417598775,-4786.823107010705,-0.018853310881361107,-0.5798779361236741,Telecom Services,Communication Services,IDT
2008Q3,2008,Q3,2008-06-06,2008-04-30,-82211000.0,453248000.0,-70539000.0,-3.29,93972000.0,0.207330203332392,1333454000.0,430080000.0,550599000.0,401580000.0,894947000.0,0.0,-10037000.0,242861062.5,248060062.5,17.199760047990402,1.3710817271776483,0.10054790041501244,0.3117466517857143,-0.12583227705523198,17.199760047990402,-0.1911528087797619,0.5358237929345524,-0.7385297055746798,0.5646881103515625,0.0,0.0,0.0,0.3399052385759089,1.2232307385825987,-0.061652670433325785,-11.946532662698608,0.207330203332392,-0.316,-8.45514809454749,0.06612966362288476,-0.46749455712824367,-0.08843814567994646,-0.3647924033401398,-0.3347019867549669,-6.47459549686379,-0.026459769466502716,-0.4542959506973137,Telecom Services,Communication Services,IDT
2008Q2,2008,Q2,2008-03-11,2008-01-31,-60237000.0,476737000.0,-52850000.0,-2.5,103089000.0,0.216238722817822,1414986000.0,503841000.0,608594000.0,431237000.0,902072000.0,0.0,72174000.0,440103194.4,411794194.4,20.14799856040309,1.411275006550922,0.08597682238552183,0.24145712635533828,-0.0869253832930456,20.14799856040309,-0.11955557407991807,0.9231572007207328,-1.826548443647592,0.8734961910602749,0.0,0.0,0.0,0.33691994125736935,1.028919132634723,-0.04257073921579436,-6.9457442734719,0.216238722817822,-11.416666666666668,-4.137967897926697,0.12392668493311072,-0.3721638070467801,0.014755389309971454,-9.884513274336284,-13.17181022570244,-3.3322216009971366,-0.0018289382451955585,-0.3496504016248551,Telecom Services,Communication Services,IDT
2008Q1,2008,Q1,2007-12-10,2007-10-31,6780000.0,468054000.0,4342000.0,0.24,101590000.0,0.21704760561815517,1503402000.0,580674000.0,693808000.0,449767000.0,911979000.0,0.0,134643000.0,540471230.6004,530811230.6004,21.87812461074824,1.5425942765921021,0.08436665642323211,0.2184306512776532,0.003930849034355543,21.87812461074824,0.011676086754357867,1.1547198199361612,19.928880184380528,0.9307653358001219,0.0,0.0,0.0,0.311329903778231,1.3692934341559073,0.004509771837472612,-8.370055606151272,0.21704760561815517,1.0585365853658537,2.65338350405589,0.053653983789477826,-0.32510093674162466,0.2180617004184502,1.0603165283300862,1.0351141087227262,1.6909555087600472,-0.11125202451540746,-0.30394335641074416,Telecom Services,Communication Services,IDT
2007Q4,2007,Q4,2007-10-15,2007-07-31,-112407000.0,492557000.0,-123654000.0,-4.1,83403000.0,0.16932659570364444,1367311000.0,630162000.0,803137000.0,501961000.0,726186000.0,0.0,147682000.0,693151439.4315,674698439.4315,23.008433709205445,1.5999988046880136,0.09902063246766829,0.21485268867370613,-0.15534062699672127,23.008433709205445,-0.17837794091043255,1.4072512205318368,-1.541610930439163,1.0999575338270158,-0.09094629338030549,0.0,0.014748580783998037,0.36023772206908306,1.4515211341120127,-0.08221026525786745,-24.435995185486142,0.16932659570364444,-5.833333333333333,-0.31348438685735447,0.08044880165766176,-0.33752883957495305,-0.07022139974582506,-6.058967596081387,-1.576554425737623,-4.159583583318076,-0.1376873798004422,-0.31973631360714627,Telecom Services,Communication Services,IDT
2007Q3,2007,Q3,2007-06-11,2007-04-30,-15924000.0,485356000.0,-47992000.0,-0.6,89702000.0,0.1848169178911974,1471449000.0,768115000.0,965711000.0,465303000.0,692907000.0,0.0,270312000.0,759922409.5896,627194409.5896,28.323898118262004,2.0754454624191117,0.09642739911475015,0.18472233975381291,-0.053689835651645035,28.323898118262004,-0.020731270708162188,1.5657010721812443,-11.930457322117558,0.9893341616679794,0.0,0.0,0.0,0.32984901277584205,1.818417246396434,-0.010821985675344507,-15.584955077719442,0.1848169178911974,0.393939393939394,0.6963468691939496,0.14276087419501618,-0.21757839929728354,-0.11301183613333202,0.4094567031336918,-0.5856213037301351,0.7680627415986219,-0.039586107559374195,-0.11591574969331436,Telecom Services,Communication Services,IDT
2007Q2,2007,Q2,2007-03-12,2007-01-31,-26965000.0,512500000.0,-30267000.0,-0.99,101131000.0,0.1973287804878049,1528282000.0,805197000.0,1029609000.0,472803000.0,713737000.0,0.0,306796000.0,917819918.1174,725492918.1174,29.922622307687906,2.1776701924480175,0.09679038292671117,0.18371032182186472,-0.03408393747340885,29.922622307687906,-0.03348869903886875,1.7908681329120002,-8.509363231201558,1.1398700170484988,0.0,0.0,0.0,0.33534386978319447,2.018813332402713,-0.017643995021861147,-27.256850239580675,0.1973287804878049,-1.1358024691358024,-0.42408303037884804,0.24554511347416638,-0.2218018778767341,-0.18083365733540693,-1.1260517950635751,-0.9567494181536075,-2.552908970205991,0.031445738173146054,-0.13112537911161481,Telecom Services,Communication Services,IDT
2007Q1,2007,Q1,2006-12-11,2006-10-31,213920000.0,522326000.0,-15468000.0,7.29,123456000.0,0.2363581364894721,1567686000.0,819401000.0,1061702000.0,504244000.0,738604000.0,0.0,333761000.0,,,,,,,,,,,,,,,,,,,,,,,,,,,,,,,Telecom Services,Communication Services,IDT
