Quarters,Year,Quarter,FillingDate,Date,NetIncome,Revenue,OperatingIncome,EPSDiluted,GrossProfit,GrossProfitRatio,TotalAssets,CommonStockEquity,CurrentAssets,CurrentLiability,TotalLiability,Inventory,RetainedEarnings,MarketCap,EnterpriseValue,bookValuePerShare,currentRatio,debtToAssets,debtToEquity,roic,shareholdersEquityPerShare,roe,priceToSalesRatio,peRatio,pbRatio,payoutRatio,inventoryTurnover,dividendYield,assetTurnover,quickRatio,returnOnAssets,priceToFreeCashFlowsRatio,grossProfitMargin,epsdilutedGrowth,fiveYNetIncomeGrowthPerShare,fiveYRevenueGrowthPerShare,fiveYShareholdersEquityGrowthPerShare,grossProfitGrowth,netIncomeGrowth,operatingIncomeGrowth,threeYNetIncomeGrowthPerShare,threeYRevenueGrowthPerShare,threeYShareholdersEquityGrowthPerShare,Industry,Sector,Symbol
2023Q1,2023,Q1,2023-05-10,2023-03-31,-1369032.0,0.0,-1370147.0,-0.0822,0.0,0.0,4330816.0,4080829.0,4330816.0,249987.0,249987.0,0.0,-44762358.0,137741396.23,133653092.22999999,0.24510204804826088,17.32416485657254,0.0,0.0,-0.3360891862207827,0.24510204804826088,-0.33547889411685716,0.0,-25.153063666517653,33.75328792997697,0.0,0.0,0.0,0.0,16.354066411453395,-0.31611409951380987,-108.34100582128397,0.0,0.1780000000000001,-1.097299593752183,0.0,2.8487613117634,0.0,0.1580855719288061,0.16076693997003585,-1.3979285387151463,0.0,0.3353988853779863,Biotechnology,Healthcare,LIXT
2022Q4,2022,Q4,2023-03-29,2022-12-31,-1626094.0,0.0,-1632618.0,-0.1,0.0,0.0,5560013.0,5165227.0,5560013.0,394786.0,394786.0,0.0,-43394699.0,80525286.28,75171894.28,0.32649378405910584,14.08361238747068,-0.07100451024125304,-0.07643149081347247,-0.3411432618900631,0.32649378405910584,-0.314815592809377,0.0,-12.380170869580725,15.589883325553746,0.0,0.0,0.0,0.0,13.560237698398627,-0.29246226582563745,-66.63529277221693,0.0,-0.12866817155756216,-1.21026945951498,0.0,2.0524854408505875,0.0,-0.1021392193835155,-0.10423868499243491,-20.396915543551927,0.0,7.992944192580872,Biotechnology,Healthcare,LIXT
2022Q3,2022,Q3,2022-11-08,2022-09-30,-1475398.0,0.0,-1478501.0,-0.0886,0.0,0.0,6819468.0,6411140.0,6819468.0,408328.0,408328.0,0.0,-41763395.0,93254213.986,86692373.986,0.38513226099779097,16.700956094120414,-0.05987681150494437,-0.06369038891679171,-0.24586629247254066,0.38513226099779097,-0.23013036683023613,0.0,-15.801535244388294,14.545652409087932,0.0,0.0,0.0,0.0,16.070022139064672,-0.21635089423397838,-79.43749210857187,0.0,0.07127882599580714,-0.8533001198396929,0.0,1.6701599693437836,0.0,0.045649627321599176,0.04366659982794419,0.0821860272527801,0.0,0.5614190910410468,Biotechnology,Healthcare,LIXT
2022Q2,2022,Q2,2022-08-10,2022-06-30,-1545971.0,0.0,-1546010.0,-0.0954,0.0,0.0,8023806.0,7492266.0,8023806.0,531540.0,531540.0,0.0,-40285386.0,120620368.5745,112884596.5745,0.4624730231075837,15.095394514053504,0.0,0.0,-0.20630301477731208,0.4624730231075837,-0.20634224679155813,0.0,-19.50560013326576,16.099317426063088,0.0,0.0,0.0,0.0,14.553508672912669,-0.19267302823622606,-101.00009091362014,0.0,0.205,-2.133192735923054,0.0,1.4385398055902294,0.0,0.06700040434764241,0.06548908575684013,-0.7467701480840756,0.0,0.5216379724846263,Biotechnology,Healthcare,LIXT
2022Q1,2022,Q1,2022-05-11,2022-03-31,-1656990.0,0.0,-1654352.0,-0.12,0.0,0.0,4117685.0,3473092.0,4106779.0,644593.0,644593.0,0.0,-38739082.0,169083093.9,165305351.9,0.252651111442668,6.371119450568033,0.0,0.0,-0.4763547549263291,0.252651111442668,-0.4770936099590797,0.0,-25.510578503793024,48.68373596207645,0.0,0.0,0.0,0.0,5.860662464531883,-0.4024081492391963,-163.34999898560233,0.0,0.2,-0.6001875895580858,0.0,2.1248521459872256,0.0,0.1834688149237374,0.18301587693523297,-2.141637850684565,0.0,-0.23903291752625808,Biotechnology,Healthcare,LIXT
2021Q4,2021,Q4,2022-03-21,2021-12-31,-2029304.0,0.0,-2024950.0,-0.15,0.0,0.0,5093264.0,4790338.0,5093264.0,302926.0,302926.0,0.0,-37082164.0,163433552.8,158609807.8,0.3487963225627192,16.81355842681051,0.0,0.0,-0.42270339297493686,0.3487963225627192,-0.42362438725618107,0.0,-20.134187977750006,34.11733217990046,0.0,0.0,0.0,0.0,15.923839485550927,-0.39842898385004194,-142.50660095618517,0.0,-0.6666666666666666,-1.2837716165198503,0.0,11.959381518711638,0.0,-0.6382212663999406,-0.6360323821219662,-3.1537219078203678,0.0,-0.17156288163014297,Biotechnology,Healthcare,LIXT
2021Q3,2021,Q3,2021-11-10,2021-09-30,-1238724.0,0.0,-1237720.0,-0.09,0.0,0.0,6333535.0,6074836.0,6307159.0,258699.0,258699.0,0.0,-35052802.0,285665369.6,279704775.6,0.44232378946362844,24.380299112095525,0.0,0.0,-0.2037454179833003,0.44232378946362844,-0.2039106899346748,0.0,-57.65315146876947,47.02437557162037,0.0,0.0,0.0,0.0,23.040653423476705,-0.19558177226462,-307.86787730780713,0.0,0.30769230769230776,-0.11246087558619428,0.0,3.7825456583006414,0.0,0.2852825407375866,0.28562647358442106,0.1563275577699783,0.0,304.22970001525135,Biotechnology,Healthcare,LIXT
2021Q2,2021,Q2,2021-08-10,2021-06-30,-1733166.0,0.0,-1732595.0,-0.13,0.0,0.0,7242664.0,6866338.0,7242664.0,376326.0,376326.0,0.0,-33814078.0,413081112.0,406282635.0,0.5036542106529431,19.245717808495826,0.0,0.0,-0.25233173782007234,0.5036542106529431,-0.25241489714022236,0.0,-59.584758759403314,60.160323013519,0.0,0.0,0.0,0.0,18.065392771161175,-0.23929951741513897,-396.48960786910925,0.0,0.07142857142857148,-0.8277776905651876,0.0,2.243285841665587,0.0,-0.003486680902113547,-0.0042981022270139925,-2.3101906723486763,0.0,18.92478893309806,Biotechnology,Healthcare,LIXT
2021Q1,2021,Q1,2021-05-12,2021-03-31,-1727144.0,0.0,-1725180.0,-0.14,0.0,0.0,7890100.0,7647700.0,7890100.0,242400.0,242400.0,0.0,-32080912.0,420073812.9,412334489.9,0.5989645683052766,32.54991749174918,0.0,0.0,-0.22558154739333394,0.5989645683052766,-0.22583835663009794,0.0,-60.80468867969317,54.9281238673065,0.0,0.0,0.0,0.0,31.927900165016503,-0.2189001406826276,-409.29423074487227,0.0,-1.8749625254450242,-1.5912228827120405,0.0,3.630737651479838,0.0,-0.9043914229039383,-0.907960729970438,-2.450223009947278,0.0,8.405354528724722,Biotechnology,Healthcare,LIXT
2020Q4,2020,Q4,2021-03-26,2020-12-31,-906927.0,0.0,-904201.0,-0.04869628691188905,0.0,0.0,5228475.0,5011951.0,5228475.0,216524.0,216524.0,0.0,-30353768.0,2125419222.81,2120349956.81,0.07475412706625514,24.147323160481054,0.0,0.0,-0.18040898644060965,0.07475412706625514,-0.18095288641090065,0.0,-585.8848680241078,424.0702318937276,0.0,0.0,0.0,0.0,23.4120282278177,-0.17345918264886032,-2875.91127812763,0.0,0.5941976090675913,0.8281407724545411,-1.0,0.8666050456054382,0.0,0.4337563332927503,0.43547171648998906,0.7091193981863685,0.0,-0.3011019025344455,Biotechnology,Healthcare,LIXT
2020Q3,2020,Q3,2020-11-10,2020-09-30,-1601655.0,0.0,-1601693.0,-0.12,0.0,0.0,1362384.0,1140926.0,1188131.0,221458.0,221458.0,0.0,-29446841.0,784435980.39464,783359732.39464,0.10210246275300412,5.365039872120222,0.0,0.0,-1.4038535365133233,0.10210246275300412,-1.403820230234038,0.0,-122.4414715395388,687.543259067319,0.0,0.0,0.0,0.0,4.85982895176512,-1.1756266955571997,-1257.7337786314354,0.0,-1.0,-0.44189767897826127,0.0,-0.005030094678084442,0.0,-3.292542713567839,-3.2896094957269764,-1.99715800678101,0.0,-0.29211355052894405,Biotechnology,Healthcare,LIXT
2020Q2,2020,Q2,2020-08-10,2020-06-30,-373125.0,0.0,-373389.0,-0.06,0.0,0.0,1891800.0,1677835.0,1804950.0,213965.0,213965.0,0.0,-27845186.0,603412300.347332,601637968.347332,0.15015091740672634,8.43572546911878,0.0,0.0,-0.22254214508578019,0.15015091740672634,-0.22238479945882642,0.0,-404.2963486414285,359.63744965823935,0.0,0.0,0.0,0.0,8.29262729885729,-0.197232794164288,-1701.435222846623,0.0,0.0,0.4807729101129547,0.0,-0.11899521184758731,0.0,0.026228224701507145,0.03556180050987067,-0.09634096049155168,0.0,-0.2082803306410006,Biotechnology,Healthcare,LIXT
2020Q1,2020,Q1,2020-05-11,2020-03-31,-383175.0,0.0,-387157.0,-0.06,0.0,0.0,2276277.0,2050960.0,2276277.0,225317.0,225317.0,0.0,-27472061.0,657048921.455444,654864090.455444,0.18354219906278,10.102553291584744,0.0,0.0,-0.18876867418184656,0.18354219906278,-0.18682714436166478,0.0,-428.6872326322464,320.36164598794903,0.0,0.0,0.0,0.0,9.697963313908849,-0.1683340823634382,-1586.9481936353961,0.0,-11.5,0.7285533712131206,0.0,-0.025234595386304827,0.0,-0.18972214201216503,-0.17150966633078854,0.5447793113325015,0.0,1.2700958303549426,Biotechnology,Healthcare,LIXT
2019Q4,2019,Q4,2020-03-25,2019-12-31,-322071.0,0.0,-330477.0,-0.0048,0.0,0.0,2672033.0,2434135.0,2672033.0,237898.0,237898.0,0.0,-27088886.0,2731440801.6435804,2728841937.6435804,0.0363055498919321,11.231843058789902,0.0,0.0,-0.13576773679356322,0.0363055498919321,-0.13231435396968533,0.0,-2120.216351086857,1122.140227080084,0.0,0.0,0.0,0.0,10.984669900545612,-0.12053406526042156,-7234.8764936074795,0.0,0.96,0.9402135760754247,0.0,0.01065677954256657,0.0,0.7015296476972807,0.6976314799887645,0.9257528479540553,0.0,0.3489175253892337,Biotechnology,Healthcare,LIXT
2019Q3,2019,Q3,2019-11-08,2019-09-30,-1079072.0,0.0,-1092961.0,-0.12,0.0,0.0,3065517.0,2756206.0,3065517.0,309311.0,309311.0,0.0,-26766815.0,905118456.10816,902142054.10816,0.24665527865488776,9.910792050719179,0.0,0.0,-0.3965454686623569,0.24665527865488776,-0.3915062952478879,0.0,-209.6983463819282,328.3928908463881,0.0,0.0,0.0,0.0,9.69372573235352,-0.35200326731184334,-1540.4855657661424,0.0,-1.0,-0.45999216641714064,0.0,2.148564178820975,0.0,-0.7676259369921895,-0.740699744858143,-0.19105994124727596,0.0,1.6669154138381883,Biotechnology,Healthcare,LIXT
2019Q2,2019,Q2,2019-08-06,2019-06-30,-610464.0,0.0,-627886.0,-0.06,0.0,0.0,3619258.0,3396224.0,3619258.0,223034.0,223034.0,0.0,-25687743.0,670458121.429768,666894165.429768,0.3039310476410027,16.227382372194374,0.0,0.0,-0.184877675913014,0.3039310476410027,-0.1797478611540346,0.0,-274.5690660832449,197.4128094700962,0.0,0.0,0.0,0.0,16.055969045078328,-0.16867103699156014,-2033.86072850364,0.0,0.0,0.44707290773424496,0.0,1.3388124246958621,0.0,-0.4238692342140618,-0.4311052965068309,0.21455691827086384,0.0,0.9571667282970485,Biotechnology,Healthcare,LIXT
2019Q1,2019,Q1,2019-05-09,2019-03-31,-428736.0,0.0,-438742.0,-0.06,0.0,0.0,3954835.0,3710023.0,3954835.0,244812.0,244812.0,0.0,-25077279.0,603412300.347332,599518696.347332,0.33201319381825695,16.154579840857473,0.0,0.0,-0.11825856605201639,0.33201319381825695,-0.11556154773164479,0.0,-351.85539606385515,162.6438165874799,0.0,0.0,0.0,0.0,15.921462183226312,-0.10840806253611086,-1590.404789428088,0.0,-0.6853932584269662,0.7137101707717558,0.0,24.882461495342348,0.0,-0.2299183278875696,-0.24655008310485418,0.2650215170076374,0.0,1.5668730318262654,Biotechnology,Healthcare,LIXT
2018Q4,2018,Q4,2019-03-25,2018-12-31,-348589.0,0.0,-351965.0,-0.0356,0.0,0.0,4336738.0,4125823.0,4334445.0,210915.0,210915.0,0.0,-24648543.0,547097831.430964,542824819.430964,0.4210293271854564,20.550672071687647,0.0,0.0,-0.08530782828056366,0.4210293271854564,-0.08448956729360421,0.0,-392.36596065206015,132.6033209449276,0.0,0.0,0.0,0.0,20.25940307706896,-0.08038046107466026,-948.7585649271199,0.0,0.7033333333333334,0.3133404481528569,0.0,11.350301706291301,0.0,0.6628599393206114,0.6597343537161767,0.5480529041759786,-1.0,9.51307128201351,Biotechnology,Healthcare,LIXT
2018Q3,2018,Q3,2018-11-08,2018-09-30,-1033959.0,0.0,-1034383.0,-0.12,0.0,0.0,444925.0,-14108.0,440338.0,459033.0,459033.0,0.0,-24299954.0,464234345.20103997,463859985.20103997,-0.001458708660271013,0.9592730805846202,0.0,0.0,73.3188970796711,-0.001458708660271013,73.2888432095265,0.0,-112.24679731039626,-32905.75171541253,0.0,0.0,0.0,0.0,0.8155404949099521,-2.323895038489633,-2819.7791794031646,0.0,-1.0,-1.3667793997264046,0.0,-1.0174208350098877,0.0,-1.7838000107694794,-1.7810106332925566,-0.0754572625420871,0.0,-1.0142148502442405,Biotechnology,Healthcare,LIXT
2018Q2,2018,Q2,2018-08-02,2018-06-30,-371420.0,0.0,-371945.0,-0.06,0.0,0.0,582775.0,244461.0,575895.0,338314.0,338314.0,0.0,-23265995.0,161311751.02640802,160775756.02640802,0.02527776893115781,1.7022499807870795,0.0,0.0,-1.521490135440827,0.02527776893115781,-1.5193425536179594,0.0,-108.57772267675946,659.8670177509214,0.0,0.0,0.0,0.0,1.5843122070029618,-0.637330015872335,-592.9641675264867,0.0,0.0,0.27829164401360384,0.0,-0.8006214652219974,0.0,0.020413545732672223,0.020576207542151732,0.4028015176156251,0.0,-0.8516836537079812,Biotechnology,Healthcare,LIXT
2018Q1,2018,Q1,2018-04-27,2018-03-31,-379160.0,0.0,-379759.0,-0.06,0.0,0.0,854559.0,615881.0,854559.0,238678.0,238678.0,0.0,-22894575.0,72532264.93518,71724226.93518,0.06368335892878783,3.580384451017689,0.0,0.0,-0.6166110011511964,0.06368335892878783,-0.6156384106669958,0.0,-47.82431225286159,117.76993434637535,0.0,0.0,0.0,0.0,3.3854733155129506,-0.44369083936861003,-145.7319823495208,0.0,-0.29032258064516125,0.1863420500763647,0.0,-0.6355259969191668,0.0,0.12357062449869284,0.12302526597280115,0.6896439498462107,0.0,-0.6617871233407961,Biotechnology,Healthcare,LIXT
2017Q4,2017,Q4,2018-03-23,2017-12-31,-432619.0,0.0,-433033.0,-0.0465,0.0,0.0,1368065.0,995041.0,1368065.0,373024.0,373024.0,0.0,-22515415.0,92098801.14143999,90793053.14143999,0.10695998077164523,3.6674986059878183,0.0,0.0,-0.43519111272801825,0.10695998077164523,-0.43477504947032336,0.0,-53.221657590998085,92.5577952480752,0.0,0.0,0.0,0.0,3.5004396499957107,-0.3162269336617778,-323.9117553764072,0.0,0.22499999999999998,-0.09598735676290178,0.0,-0.5341455915905794,0.0,0.06444371879183165,0.06515966633276916,0.42122664824503103,0.0,1.9775015122585433,Biotechnology,Healthcare,LIXT
2017Q3,2017,Q3,2017-11-09,2017-09-30,-462419.0,0.0,-463216.0,-0.06,0.0,0.0,1650879.0,1394666.0,1650879.0,256213.0,256213.0,0.0,-22082796.0,70489467.489645,68899386.489645,0.14423565082972942,6.443384996077483,0.0,0.0,-0.3321340019761004,0.14423565082972942,-0.33156253898782934,0.0,-38.10908909973693,50.54218536168875,0.0,0.0,0.0,0.0,6.206090245225652,-0.28010471997039155,-153.09885254191843,0.0,0.0,0.8325161270540076,0.0,-0.4175104538579941,0.0,-0.5793861686430952,-0.5812873801786056,0.2769648066741377,0.0,0.8411736654816435,Biotechnology,Healthcare,LIXT
2017Q2,2017,Q2,2017-08-04,2017-06-30,-292784.0,0.0,-292936.0,-0.06,0.0,0.0,2064933.0,1823125.0,2064933.0,241808.0,241808.0,0.0,-21620377.0,69790388.264685,67757889.264685,0.18965161940247505,8.53955617680143,0.0,0.0,-0.16067795680493657,0.18965161940247505,-0.16059458347617414,0.0,-59.592044190158106,38.280638060848815,0.0,0.0,0.0,0.0,8.405424965261695,-0.14178861977604115,-206.21382492069426,0.0,0.0,0.7411986216712824,0.0,-0.3784981759170441,0.0,0.528218217443989,0.5279824171291194,0.6917404640438725,0.0,0.45940853119462544,Biotechnology,Healthcare,LIXT
2017Q1,2017,Q1,2017-05-10,2017-03-31,-620592.0,0.0,-620604.0,-0.06,0.0,0.0,920566.0,666107.0,920566.0,254459.0,254459.0,0.0,-21327593.0,123578422.84266,122707486.84266,0.08085218104386462,3.617738024593353,0.0,0.0,-0.9316881522037751,0.08085218104386462,-0.9316701370800787,0.0,-49.78247497657881,185.52338114245907,0.0,0.0,0.0,0.0,3.422696780227856,-0.6741417779931043,-375.6262985615499,0.0,-4.565862708719852,0.2507702564733556,0.0,2.792355080773462,0.0,-0.20209895459044624,-0.20209658549435564,0.4379290467951577,0.0,6.815880623260836,Biotechnology,Healthcare,LIXT
2016Q4,2016,Q4,2017-03-29,2016-12-31,-516257.0,0.0,-516268.0,-0.01078,0.0,0.0,433411.0,214760.0,433411.0,218651.0,218651.0,0.0,-20707001.0,67074011.459594004,66874082.459594004,0.02691458092032427,1.9822045177017256,0.0,0.0,-2.403929968336748,0.02691458092032427,-2.403878748370274,0.0,-32.48092106237494,312.32078347734216,0.0,0.0,0.0,0.0,0.9143749628403255,-1.1911488171735374,-142.75865388703863,0.0,0.8203333333333334,0.4340900666933072,0.0,0.9964559081304134,0.0,0.20199679721023409,0.20215368495557715,-0.2488958191309595,0.0,-0.21049871540663936,Biotechnology,Healthcare,LIXT
2016Q3,2016,Q3,2016-11-04,2016-09-30,-646936.0,0.0,-647077.0,-0.06,0.0,0.0,933561.0,737984.0,933561.0,195577.0,195577.0,0.0,-20190744.0,95751624.496368,95081853.496368,0.0924871022811724,4.7733680340735365,0.0,0.0,-0.876817112566126,0.0924871022811724,-0.876626051513312,0.0,-37.001969474711565,129.74756159532998,0.0,0.0,0.0,0.0,3.424589803504502,-0.6929766774747446,-199.4277084142861,0.0,0.0,0.31843580256879156,0.0,-0.14827753645631095,0.0,-0.1656588515953268,-0.16586879320813597,-0.7949274443783961,0.0,0.10454033301178635,Biotechnology,Healthcare,LIXT
2016Q2,2016,Q2,2016-06-30,2016-06-30,-554996.0,0.0,-555017.0,-0.06,0.0,0.0,1378674.0,1239119.0,1378674.0,139555.0,139555.0,0.0,-19543808.0,95751624.496368,95655848.496368,0.15529134194175492,9.879072767009422,0.0,0.0,-0.44791258950915935,0.15529134194175492,-0.44789564198434534,0.0,-43.13167324465763,77.27395391109974,0.0,0.0,0.0,0.0,8.23978359786464,-0.4025578200502802,-238.432484278335,0.0,0.0,-0.16937402542914007,0.0,-0.16244419081087055,0.0,-0.3323858521209095,-0.33240108125237067,-0.307047503902698,0.0,0.22486127254264482,Biotechnology,Healthcare,LIXT
2016Q1,2016,Q1,2016-05-06,2016-03-31,-416543.0,0.0,-416554.0,-0.06,0.0,0.0,1224703.0,1032088.0,1224703.0,192615.0,192615.0,0.0,-18988812.0,57450969.910229996,57351583.910229996,0.12934539016993682,6.358295044518859,0.0,0.0,-0.4036031811240902,0.12934539016993682,-0.4035925231181837,0.0,-34.48081585228296,55.664797875985386,0.0,0.0,0.0,0.0,5.036778028710121,-0.3401175631969547,-176.29215800122742,0.0,-3.573170731707317,0.13055391866977303,0.0,-0.4545072475012455,-1.0,0.32142653510379554,0.3214163536192409,-0.08338861924330596,0.0,-0.25972761286028384,Biotechnology,Healthcare,LIXT
2015Q4,2015,Q4,2016-03-28,2015-12-31,-613851.0,200000.0,-613858.0,-0.01312,200000.0,1.0,597975.0,312333.0,597975.0,285642.0,285642.0,0.0,-18572269.0,138040823.43738,138015542.43738,0.04004817582715172,2.093442140861638,0.0,0.0,-1.965395907573007,0.04004817582715172,-1.9653734955960465,690.2041171868999,-56.21918976974053,441.9668220693298,0.0,0.0,0.0,0.3344621430661817,1.153107736257273,-1.0265496049165934,-225.45817099273518,1.0,0.8906666666666667,-3.9189920738682003,0.0,-0.8651531701328593,0.0,0.21269560733986845,0.21271187310186326,-0.8550150985113514,0.0,-0.8255738349685638,Biotechnology,Healthcare,LIXT
2015Q3,2015,Q3,2015-11-10,2015-09-30,-779687.0,0.0,-779712.0,-0.12,0.0,0.0,1027066.0,804884.0,1027066.0,222182.0,222182.0,0.0,-17956418.0,75296943.93104,75079386.93104,0.10261864424931484,4.622633696699102,0.0,0.0,-0.9687259282082884,0.10261864424931484,-0.9686948678318863,0.0,-24.143324157976217,93.55005681693262,0.0,0.0,0.0,0.0,3.3380021783942895,-0.7591401136830545,-147.95002098704157,0.0,-1.0,-0.5374598284327037,0.0,-0.6512233960161,0.0,-0.5573463350717366,-0.5572874016848883,0.6518645961324536,0.0,-0.5855789662913847,Biotechnology,Healthcare,LIXT
2015Q2,2015,Q2,2015-08-07,2015-06-30,-500651.0,0.0,-500686.0,-0.06,0.0,0.0,1524996.0,1326811.0,1524996.0,198185.0,198185.0,0.0,-17176731.0,121445953.679584,121319438.679584,0.1704314430817264,7.694810404420113,0.0,0.0,-0.3773604529959429,0.1704314430817264,-0.3773340739562756,0.0,-60.64401832792903,91.53221798702603,0.0,0.0,0.0,0.0,6.3101596992708835,-0.32829659881075096,-232.97240816434646,0.0,0.5,-0.2141174241329796,0.0,-0.4585151188772178,0.0,0.47735560104768776,0.33433312460031617,0.45354439854983597,0.0,-0.44148405855900075,Biotechnology,Healthcare,LIXT
2015Q1,2015,Q1,2015-05-13,2015-03-31,-957919.0,0.0,-752157.0,-0.12,0.0,0.0,1682002.0,1427819.0,1682002.0,254183.0,254183.0,0.0,-16676080.0,118293543.34608,118153442.34608,0.18829371476875378,6.6172875448004,0.0,0.0,-0.5267873589019336,0.18829371476875378,-0.6708966612714917,0.0,-30.87253289319869,82.84911697216525,0.0,0.0,0.0,0.0,5.731571348201886,-0.5695112134230518,-219.6176686694119,0.0,-7.961911874533233,-1.0254935138185424,0.0,-0.5037987437065954,0.0,-0.6108846488882611,-0.12486540325185744,-0.25647123098423974,0.0,5.174150801947908,Biotechnology,Healthcare,LIXT
2014Q4,2014,Q4,2014-12-31,2014-12-31,-594654.0,0.0,-668664.0,-0.01339,0.0,0.0,539299.0,265862.0,539299.0,273437.0,273437.0,0.0,-15718161.0,106573335.77271101,106528924.77271101,0.0359227292853706,1.972297092200397,0.0,0.0,-2.515079251641829,0.0359227292853706,-2.236701747523151,0.0,-44.80476704634586,400.85960299971794,0.0,0.0,0.0,0.0,0.9439468689314174,-1.1026425044363146,-165.37278824149072,0.0,0.7768333333333334,0.3148319863652324,0.0,-0.8644436739438078,0.0,-0.18600379343149984,-0.3335407442862271,0.29721167274463334,0.0,1.6646576935474533,Biotechnology,Healthcare,LIXT
2014Q3,2014,Q3,2014-11-12,2014-09-30,-501393.0,0.0,-501420.0,-0.06,0.0,0.0,996170.0,593851.0,996170.0,402319.0,402319.0,0.0,-15123507.0,222867156.56814,222858292.56814,0.07833897124093286,2.476069984266217,0.0,0.0,-0.844353213179737,0.07833897124093286,-0.844307747229524,0.0,-111.12398685668727,375.29137202453137,0.0,0.0,0.0,0.0,2.2433765245986392,-0.5033207183512854,-659.7040412994148,0.0,0.5,0.2832234275864013,0.0,2.3807870838462857,0.0,0.3236538311080415,0.030660377358490566,0.44398070645762383,0.0,-0.27856901199089296,Biotechnology,Healthcare,LIXT
2014Q2,2014,Q2,2014-08-08,2014-06-30,-741326.0,0.0,-517280.0,-0.12,0.0,0.0,1302195.0,975030.0,1302195.0,327165.0,327165.0,0.0,-14622114.0,67527386.94495599,67480667.94495599,0.12995101463963094,3.9802393287790565,0.0,0.0,-0.5305272658277181,0.12995101463963094,-0.7603109647908269,0.0,-22.77250054124501,69.25672742885449,0.0,0.0,0.0,0.0,3.791304082038115,-0.5692895457285583,-229.9250814454413,0.0,0.0,-0.9871998157772621,0.0,9.353653847626823,0.0,0.20185828178916146,0.2773188372388684,-0.6611172631519722,0.0,-0.2991159335704141,Biotechnology,Healthcare,LIXT
2014Q1,2014,Q1,2014-05-09,2014-03-31,-928815.0,0.0,-715779.0,-0.12,0.0,0.0,187867.0,-96348.0,187867.0,284215.0,284215.0,0.0,-13880788.0,83166193.66728,83050753.66728,-0.013901967093425756,0.6610031138398748,0.0,0.0,7.429100759745921,-0.013901967093425756,9.64021048698468,0.0,-22.385026530385492,-863.18547003861,0.0,0.0,0.0,0.0,0.4277571556744014,-4.944002938248867,-231.28768272696684,0.0,-1.3166023166023166,-1.2670278163636186,0.0,0.5418215241382774,0.0,-1.5869545841944306,-0.9935967958912542,-1.2320882429612385,0.0,-1.058629242874266,Biotechnology,Healthcare,LIXT
2013Q4,2013,Q4,2013-12-31,2013-12-31,-359038.0,0.0,-359039.0,-0.0518,0.0,0.0,558040.0,236266.0,558040.0,321774.0,321774.0,0.0,-12951973.0,54058023.11152,53583004.11152,0.03409061067479688,1.7342606922871333,0.0,0.0,-1.519638881599553,0.03409061067479688,-1.519634649081967,0.0,-37.64087861975613,228.80153348988006,0.0,0.0,0.0,0.0,1.495316588661607,-0.6433911547559314,-171.0956826084975,0.0,0.13666666666666666,0.07876873320215379,0.0,1.4905129204889243,0.0,-0.14689938700084013,-0.14689891775168343,-2.9212286306500594,0.0,-0.8852129795481319,Biotechnology,Healthcare,LIXT
2013Q3,2013,Q3,2013-11-07,2013-09-30,-313051.0,0.0,-313052.0,-0.06,0.0,0.0,873821.0,580318.0,873821.0,293503.0,293503.0,0.0,-12592935.0,103957742.0841,103166771.0841,0.08373356727407572,2.9772131801037807,0.0,0.0,-0.5394490606874162,0.08373356727407572,-0.5394473374942704,0.0,-83.01981313276431,179.13926861496628,0.0,0.0,0.0,0.0,2.71583595397662,-0.35825529484871615,-365.4795778545362,0.0,0.0,0.5761673410302028,0.0,3.3171169674307848,0.0,0.15117934312526607,0.1511789332118609,0.30138299389212164,0.0,-0.7154093250115751,Biotechnology,Healthcare,LIXT
2013Q2,2013,Q2,2013-08-05,2013-06-30,-368807.0,0.0,-368808.0,-0.06,0.0,0.0,1144687.0,878672.0,1144687.0,266015.0,266015.0,0.0,-12279884.0,103957742.0841,102882329.0841,0.12678280016102664,4.3030919309061515,0.0,0.0,-0.4197334158821494,0.12678280016102664,-0.4197322778010452,0.0,-70.46893231697067,118.31234190243914,0.0,0.0,0.0,0.0,4.065740653722535,-0.32219025812296287,-347.4895111913707,0.0,0.0,-23.143343324169898,0.0,50.29681018175203,0.0,-0.10439112910470555,-0.10439081650681097,-0.004656627728318909,0.0,-0.5971930517499227,Biotechnology,Healthcare,LIXT
2013Q1,2013,Q1,2013-05-09,2013-03-31,-333946.0,0.0,-333947.0,-0.06,0.0,0.0,1481087.0,1210949.0,1481087.0,270138.0,270138.0,0.0,-11911077.0,145540838.91774,144166257.91774,0.1747267524994481,5.482705135893506,0.0,0.0,-0.27577296814316704,0.1747267524994481,-0.2757721423445579,0.0,-108.95536921967923,120.18742235861295,0.0,0.0,0.0,0.0,5.111150597102222,-0.2254735879796393,-518.7881903391316,0.0,-2.7074558907228234,0.5548159198467326,0.0,4.501686229229876,0.0,-0.21126586869786,-0.21126510241167062,0.22740978980191714,0.0,-0.5395510986398564,Biotechnology,Healthcare,LIXT
2012Q4,2012,Q4,2013-03-15,2012-12-31,-275700.0,0.0,-275701.0,0.03514,0.0,0.0,1753010.0,1491858.0,1753010.0,261152.0,261152.0,0.0,-11577131.0,97464570.07046999,95809448.07046999,0.2295995891438306,6.712604153902708,0.0,0.0,,0.2295995891438306,-0.18480311128807164,0.0,-88.37918940013601,65.33099669705159,0.0,0.0,0.0,0.0,6.361260874892783,-0.15727234870308784,-431.920418297349,0.0,1.1171337237790793,0.3677114282286422,0.0,1.7114291823093524,0.0,0.8605998705606343,0.6710675293407415,0.6381737569145361,0.0,-0.13359376117827815,Biotechnology,Healthcare,LIXT
2012Q3,2012,Q3,2012-11-13,2012-09-30,-1977760.0,0.0,-838169.0,-0.299999,0.0,0.0,1961585.0,1715114.0,1961585.0,246471.0,246471.0,0.0,-11301431.0,295064690.25472504,293183914.25472504,0.24761929511875913,7.958684794560009,0.0,0.0,,0.24761929511875913,-1.1531361763707835,0.0,-37.297838243103946,172.03794631419544,0.0,0.0,0.0,0.0,7.655707973757562,-1.0082458827937613,-997.2174953182456,0.0,-1.4999916666666668,-0.37518401326204176,0.0,35.89632311430108,0.0,-1.6943197175116613,-1.0952915442784825,-2.094355763874853,0.0,5.364488312714186,Biotechnology,Healthcare,LIXT
2012Q2,2012,Q2,2012-08-10,2012-06-30,-734048.0,0.0,-400025.0,-0.12,0.0,0.0,2254667.0,1903346.0,2254667.0,351321.0,351321.0,0.0,-9323671.0,310621896.26,308445232.26,0.3051505434956873,6.417683542970673,0.0,0.0,,0.3051505434956873,-0.38566188175980615,0.0,-105.79073039501503,163.19780862754328,0.0,0.0,0.0,0.0,6.213115640681884,-0.3255682546469168,-713.6598941762473,0.0,0.0,-1.967118694346041,0.0,6.839686533764434,0.0,-0.24024343677030638,0.32412568449117446,-1.3669630239972623,0.0,20.616022382335164,Biotechnology,Healthcare,LIXT
2012Q1,2012,Q1,2012-03-31,2012-03-31,-591858.0,0.0,-591863.0,-0.12,0.0,0.0,201574.0,-265550.0,201574.0,467124.0,467124.0,0.0,-8589623.0,310821929.026572,310753263.026572,-0.04510946626099007,0.43152139474743323,0.0,0.0,,-0.04510946626099007,2.2288006025230653,0.0,-131.29075260728587,-1170.4836340673019,0.0,0.0,0.0,0.0,0.32068572798657313,-2.9361822457261355,-1248.4663545449403,0.0,-4.999999999999999,-0.7598749347510138,0.0,-1.5888764629929906,0.0,0.11681835071022155,0.11682933999047984,-0.7007206356858636,0.0,-0.4867094965409761,Biotechnology,Healthcare,LIXT
2011Q4,2011,Q4,2012-03-29,2011-12-31,-670143.0,0.0,-670157.0,-0.02,0.0,0.0,429767.0,79021.0,429767.0,350746.0,350746.0,0.0,-7997765.0,175847024.166839,175832723.166839,0.013481179729898719,1.225294087459301,0.0,0.0,,0.013481179729898719,-8.480568456486251,0.0,-65.60055994274319,2225.3201575130533,0.0,0.0,0.0,0.0,1.041865053343445,-1.5593170252718334,-310.879323685638,0.0,0.8333333333333333,-2.481790667677229,0.0,-0.9062168707566423,0.0,0.04135594869058569,-0.3423516898652154,-1.0330476809867668,0.0,1.1939740212937124,Biotechnology,Healthcare,LIXT
2011Q3,2011,Q3,2011-11-10,2011-09-30,-699053.0,0.0,-499241.0,-0.12,0.0,0.0,1000515.0,638123.0,1000515.0,362392.0,362392.0,0.0,-7327622.0,229184418.38334,229054459.38334,0.1085883092672808,2.76086392635599,0.0,0.0,,0.1085883092672808,-1.0954831592028496,0.0,-81.96246149553039,359.15398502066216,0.0,0.0,0.0,0.0,2.569245457957129,-0.6986931730158968,-566.9387392011854,0.0,-1.0,-3.7622358646030505,0.0,-0.36234243282544326,0.0,-1.0102055487818906,-0.4354709320881339,-0.11618080039414361,0.0,4.004909763897495,Biotechnology,Healthcare,LIXT
2011Q2,2011,Q2,2011-08-12,2011-06-30,-347752.0,0.0,-347789.0,-0.06,0.0,0.0,1421074.0,1084008.0,1421074.0,337066.0,337066.0,0.0,-6628569.0,343775915.061621,343741681.061621,0.18541014250990456,4.216011107616906,0.0,0.0,,0.18541014250990456,-0.32080206050139853,0.0,-247.1415801071029,317.13411253572025,0.0,0.0,0.0,0.0,3.9616069256466093,-0.24471069064665177,-1096.3605648075527,0.0,0.0,0.09456344695248338,0.0,0.4236982408844914,0.0,0.009295899035653747,0.009323139502424074,-25.98580261019689,0.0,74.01765913059441,Biotechnology,Healthcare,LIXT
2011Q1,2011,Q1,2011-03-31,2011-03-31,-351015.0,0.0,-351062.0,-0.06,0.0,0.0,1688705.0,1386233.0,1688705.0,302472.0,302472.0,0.0,-6280816.0,308679151.009536,308636320.009536,0.23711660618301642,5.583012642492529,0.0,0.0,,0.23711660618301642,-0.2532150078666429,0.0,-219.84754996904405,222.67479637949464,0.0,0.0,0.0,0.0,5.434830331402576,-0.20786046112257617,-4050.2165117438763,0.0,-3.225134831674501,-12.536406555598635,0.0,11.816266881131007,0.0,-3.226673263935144,-3.22958794837923,0.4452705276807579,0.0,6.466178752237416,Biotechnology,Healthcare,LIXT
2010Q4,2010,Q4,2010-12-31,2010-12-31,157641.0,0.0,157456.0,0.02696465811685113,0.0,0.0,1931328.0,1736266.0,1931328.0,195062.0,195062.0,0.0,-5929801.0,122770122.459264,122651031.459264,0.2969901173547024,9.901098112395033,0.0,0.0,,0.2969901173547024,0.09079311580138066,0.0,194.69890837292328,70.70928213722091,0.0,0.0,0.0,0.0,9.415375624160523,0.08162311114424893,-602.3635395962201,0.0,1.4494109686141854,1.8211920045610743,0.0,1.0660404443762506,0.0,1.417047405639787,1.4157879865748773,1.4018184419725856,0.0,2.507269651726452,Biotechnology,Healthcare,LIXT
2010Q3,2010,Q3,2010-09-30,2010-09-30,-377993.0,0.0,-378693.0,-0.06,0.0,0.0,1959877.0,1720098.0,1959877.0,239779.0,239779.0,0.0,-6087442.0,220986212.241984,220863123.241984,0.2942245640250911,8.173680764370525,0.0,0.0,,0.2942245640250911,-0.21975085140497808,0.0,-146.15760889883146,128.47303597933606,0.0,0.0,0.0,0.0,8.023684309301482,-0.1928656747336695,-1086.9582072529918,0.0,0.0,-1.588401358234735,0.0,0.7277598386529546,0.0,-0.2206592327788596,-0.22160608523980954,0.6886095929171593,0.0,42.84070545563763,Biotechnology,Healthcare,LIXT
2010Q2,2010,Q2,2010-06-30,2010-06-30,-309663.0,0.0,-309996.0,-0.06,0.0,0.0,2162924.0,1840084.0,2162924.0,322840.0,322840.0,0.0,-5709450.0,122770122.459264,122718054.459264,0.3147482949631624,6.699677859001363,0.0,0.0,,0.3147482949631624,-0.16828742600881264,0.0,-99.11591186165606,66.71984673485775,0.0,0.0,0.0,0.0,6.589078181142361,-0.14316869201136978,-443.29825728122705,0.0,0.0,0.19368926769037,0.0,1.4168397035588796,0.0,0.11584474468644,0.1154369655101569,-0.33545454374049344,0.0,7.086264377185663,Biotechnology,Healthcare,LIXT
2010Q1,2010,Q1,2010-03-31,2010-03-31,-350236.0,0.0,-350451.0,-0.06,0.0,0.0,2457924.0,2130974.0,2457924.0,326950.0,326950.0,0.0,-5399787.0,168469228.676532,168140105.676532,0.3794704515165826,7.51773665698119,0.0,0.0,,0.3794704515165826,-0.164354891237528,0.0,-120.25407773367957,79.05738346715258,0.0,0.0,0.0,0.0,7.353310903807921,-0.1424926075826592,-667.6649599190413,0.0,0.48835241562339343,-13.06088234172776,0.0,18.30985333831345,0.0,0.39168947741388654,0.3905666349009815,-0.09170047228451014,0.0,3.953754407258058,Biotechnology,Healthcare,LIXT
2009Q4,2009,Q4,2009-12-31,2009-12-31,-575752.0,0.0,-575044.0,-0.11726821709342033,0.0,0.0,1601345.0,1301082.0,1601345.0,300263.0,300263.0,0.0,-5049551.0,150236571.888774,148692580.888774,0.2650022343514942,5.333141279478324,0.0,0.0,,0.2650022343514942,-0.4425178428415734,0.0,-65.23493270052644,115.47048678620872,0.0,0.0,0.0,0.0,5.225389075577078,-0.35954275936790636,-1062.1929573584134,0.0,0.022764857554830507,-2.5713311049201897,0.0,0.8435136458307189,0.0,-0.27082422845841775,-0.2691746581767218,-2.5713311049201897,0.0,0.8435136458307189,Biotechnology,Healthcare,LIXT
2009Q3,2009,Q3,2009-09-30,2009-09-30,-453054.0,0.0,-453085.0,-0.12,0.0,0.0,148910.0,-278552.0,148910.0,427462.0,427462.0,0.0,-4473799.0,206207071.585032,206196640.585032,-0.05673501161577627,0.3483584505757237,0.0,0.0,,-0.05673501161577627,1.6264611275453058,0.0,-113.78724809020117,-740.2821433162641,0.0,0.0,0.0,0.0,0.2583410923076203,-3.0424686051977705,-1328.0035007665833,0.0,-1.0,-2.6941707123637,0.0,-1.3331621030353118,0.0,-0.8647420541822043,-0.864516633471054,-2.6941707123637,0.0,-1.3331621030353118,Biotechnology,Healthcare,LIXT
2009Q2,2009,Q2,2009-06-30,2009-06-30,-242958.0,0.0,-243004.0,-0.06,0.0,0.0,189690.0,-76016.0,189690.0,265706.0,265706.0,0.0,-4020745.0,219894030.43795198,219728323.43795198,-0.015556188586452921,0.713909358463866,0.0,0.0,,-0.015556188586452921,3.1961429172805724,0.0,-226.26753434539302,-2892.733509234266,0.0,0.0,0.0,0.0,0.6236479417100104,-1.2808160683219991,-1618.0338069929212,0.0,0.0,0.24313786816261052,0.0,-1.1194504142308035,0.0,0.13095514881835968,0.12940485232369842,0.24313786816261052,0.0,-1.1194504142308035,Biotechnology,Healthcare,LIXT
2009Q1,2009,Q1,2009-03-31,2009-03-31,-279569.0,0.0,-279124.0,-0.06,0.0,0.0,115123.0,-143491.0,115123.0,258614.0,258614.0,0.0,-3777787.0,156061642.60525,155974833.60525,-0.030341816182612096,0.44515378131114325,0.0,0.0,,-0.030341816182612096,1.9483382233032036,0.0,-139.55556821862405,-1087.6057913405718,0.0,0.0,0.0,0.0,0.33567014933452943,-2.4284374104218966,-758.2359641109794,0.0,-0.06695462844832192,-12.327782617665472,0.0,-0.384066627691378,0.0,-0.06789689603275859,-0.07091363216071148,-12.327782617665472,0.0,-0.384066627691378,Biotechnology,Healthcare,LIXT
2008Q4,2008,Q4,2008-12-31,2008-12-31,-261794.0,0.0,-260641.0,-0.05623481861385084,0.0,0.0,51653.0,-323548.0,51525.0,375201.0,375201.0,0.0,-3498218.0,159213405.83470398,159303024.83470398,-0.06949992395881575,0.13732639305332342,1.9359959731283758,-0.3090731514334813,,-0.06949992395881575,0.809134966063768,0.0,-152.04073225007448,-492.08589091789776,0.0,0.0,0.0,0.0,0.027667836706192148,-5.068321297891701,-1403.9611459547277,0.0,0.531376511551243,-0.7125966598025363,0.0,-1.4834829355903947,0.0,0.4723437704703262,0.4750295576722049,-0.7125966598025363,0.0,-1.4834829355903947,Biotechnology,Healthcare,LIXT
2008Q3,2008,Q3,2008-09-30,2008-09-30,-496145.0,0.0,-496487.0,-0.12,0.0,0.0,99507.0,-168231.0,99238.0,267738.0,267738.0,0.0,-3236424.0,139660885.333052,139637101.333052,-0.036136961772335274,0.37065339996563806,0.0,0.0,,-0.036136961772335274,2.94918891286386,0.0,-70.37301864024226,-830.1733053542569,0.0,0.0,0.0,0.0,0.08883311296864846,-4.986031133488097,-783.9466819330344,0.0,-53.44348893869993,-3.266545225398447,0.0,-1.2122052298660335,0.0,-47.35249975635903,-44.159814444242315,-3.266545225398447,0.0,-1.2122052298660335,Biotechnology,Healthcare,LIXT
2008Q2,2008,Q2,2008-06-30,2008-06-30,-10261.0,0.0,-10994.0,-0.002204120315197153,0.0,0.0,226417.0,11506.0,225993.0,214911.0,214911.0,0.0,-2740279.0,83796528.406608,83594593.406608,0.0024715532937002673,1.051565531778271,0.0,0.0,,0.0024715532937002673,-0.8917955849122197,0.0,-2041.6267519395767,7282.854893673561,0.0,0.0,0.0,0.0,0.9396215177445547,-0.04531903523145347,-658.6172269856246,0.0,0.9816323307066904,0.9664476700535345,0.0,-0.9810218252957473,0.0,0.9796134482498281,0.9782480951749709,0.9664476700535345,0.0,-0.9810218252957473,Biotechnology,Healthcare,LIXT
2008Q1,2008,Q1,2008-03-31,2008-03-31,-503322.0,0.0,-505427.0,-0.12,0.0,0.0,384433.0,147686.0,383850.0,236747.0,236747.0,0.0,-2730018.0,265063377.87218398,264734211.87218398,0.03175876362616671,1.6213510625266634,0.0,0.0,,0.03175876362616671,-3.4080549273458556,0.0,-131.65696009323256,1794.7766062604715,0.0,0.0,0.0,0.0,1.3903703109226304,-1.3092580501673894,-1481.5955924528462,0.0,-1.0,-23.401816076230666,0.0,2.448701837990372,0.0,-0.6849910782735037,-0.6842570037555525,-23.401816076230666,0.0,2.448701837990372,Biotechnology,Healthcare,LIXT
2007Q4,2007,Q4,2008-03-31,2007-12-31,-298709.0,0.0,-300089.0,-0.06,0.0,0.0,629109.0,376926.0,628367.0,252183.0,252183.0,0.0,-2226696.0,200306425.483804,199798355.483804,0.08467843845668072,2.491710384918888,0.0,0.0,,0.08467843845668072,-0.7924871194876448,0.0,-167.64344686953186,531.4210892424614,0.0,0.0,0.0,0.0,2.0146877465967177,-0.4748127907882418,-1357.3746890187233,0.0,0.6666666666666666,-1.0436891859162123,0.0,-0.41092626186890335,0.0,0.6756526384596842,0.674458894182787,-1.0436891859162123,0.0,-0.41092626186890335,Biotechnology,Healthcare,LIXT
2007Q3,2007,Q3,2007-09-30,2007-09-30,-920954.0,0.0,-921816.0,-0.18,0.0,0.0,272750.0,29767.0,271860.0,242983.0,242983.0,0.0,-1927987.0,279430208.138466,279306139.138466,0.006711218739917785,1.1188437051151727,0.0,0.0,,0.006711218739917785,-30.938757684684383,0.0,-75.85346503149614,9387.247896612556,0.0,0.0,0.0,0.0,0.5106077379899006,-3.376549954170486,-3957.822839841166,0.0,-2.0,-7.312399159894894,0.0,-0.9605900539077485,0.0,-4.240971534583035,-4.141021493982354,-7.312399159894894,0.0,-0.9605900539077485,Biotechnology,Healthcare,LIXT
2007Q2,2007,Q2,2007-06-30,2007-06-30,-175722.0,0.0,-179306.0,-0.06,0.0,0.0,376624.0,172447.0,375586.0,204177.0,204177.0,0.0,-1007033.0,199366332.405776,199171661.405776,0.038923819489650076,1.8395117961376648,0.0,0.0,,0.038923819489650076,-1.0189913422674792,0.0,-283.6388335065842,1156.1020626962256,0.0,0.0,0.0,0.0,0.9534423563868604,-0.46657143464038403,-583.0362555550629,0.0,0.0,0.3962274971552211,0.0,-0.7011178968650004,0.0,0.30572928807639577,0.3045464770814425,0.3962274971552211,0.0,-0.7011178968650004,Biotechnology,Healthcare,LIXT
2007Q1,2007,Q1,2007-03-31,2007-03-31,-253103.0,0.0,-257826.0,-0.06,0.0,0.0,788366.0,339378.0,787180.0,448988.0,448988.0,0.0,-831311.0,199366332.405776,198829716.405776,0.07660259680225498,1.753231712206117,0.0,0.0,,0.07660259680225498,-0.7457849359711001,0.0,-196.9221348677969,587.446246974689,0.0,0.0,0.0,0.0,1.1951677995848442,-0.3210475844975557,-1393.9362093479135,0.0,-0.8272629328414522,-11.87979871649568,0.0,4.4942897679690565,0.0,-0.7684175959308013,-0.7369740086503093,-11.87979871649568,0.0,4.4942897679690565,Biotechnology,Healthcare,LIXT
