Year,Date,FillingDate,NetIncome,Revenue,OperatingIncome,EPSDiluted,GrossProfit,GrossProfitRatio,TotalAssets,CommonStockEquity,CurrentAssets,CurrentLiability,TotalLiability,Inventory,RetainedEarnings,EnterpriseValue,bookValuePerShare,currentRatio,debtToAssets,debtToEquity,roic,shareholdersEquityPerShare,roe,priceToSalesRatio,peRatio,pbRatio,payoutRatio,inventoryTurnover,dividendYield,assetTurnover,quickRatio,returnOnAssets,priceToFreeCashFlowsRatio,grossProfitMargin,epsdilutedGrowth,fiveYNetIncomeGrowthPerShare,fiveYRevenueGrowthPerShare,fiveYShareholdersEquityGrowthPerShare,grossProfitGrowth,netIncomeGrowth,operatingIncomeGrowth,threeYNetIncomeGrowthPerShare,threeYRevenueGrowthPerShare,threeYShareholdersEquityGrowthPerShare,Industry,Sector,Price,MarketCap,AvgVolume,Symbol
2022,2022-12-31,2023-03-29,-6304714.0,0.0,-6311481.0,-0.4,0.0,0.0,5560013.0,5165227.0,5560013.0,394786.0,394786.0,0.0,-43394699.0,75171894.28,0.32649378405910584,14.08361238747068,-0.07100451024125304,-0.07643149081347247,-1.3214001191645497,0.32649378405910584,-1.2206073421361734,0.0,-12.772234597794602,15.589883325553746,0.0,0.0,0.0,0.0,13.560237698398627,-1.1339387156109166,-17.4609450365448,0.0,0.9198396793587174,-1.0500889019292299,0.0,2.0524854408505875,0.0,0.06304402198684397,0.0608537083481823,0.8137152147357755,0.0,-0.8501118514980143,Biotechnology,Healthcare,5.19,8646073,18445,LIXT
2021,2021-12-31,2022-03-21,-6728933.0,0.0,-6720445.0,-4.99,0.0,0.0,5093264.0,4790338.0,5093264.0,302926.0,302926.0,0.0,-37082164.0,11210112.700000001,3.5552905150205993,16.81355842681051,0.0,0.0,-1.403028630844578,3.5552905150205993,-1.4046885626859733,0.0,-2.3828232054026994,3.347124503531901,0.0,0.0,0.0,0.0,15.923839485550927,-1.3211435731585874,-3.870187464623339,0.0,-0.726643598615917,-17.66713007045079,0.0,131.09533247221614,0.0,-1.0643115058365162,-1.0574218415155336,-21.942274336269822,0.0,7.444282346760499,Biotechnology,Healthcare,5.19,8646073,18445,LIXT
2020,2020-12-31,2021-03-26,-3259650.0,0.0,-3266440.0,-2.89,0.0,0.0,5228475.0,5011951.0,5228475.0,216524.0,216524.0,0.0,-30353768.0,30680332.112000003,4.444353700235522,24.147323160481054,0.0,0.0,-0.6506858313842871,4.444353700235522,-0.6503754725455217,0.0,-10.967311862316507,7.132870635008203,0.0,0.0,0.0,0.0,23.4120282278177,-0.623441825771377,-16.772714316411548,0.0,-0.35046728971962615,-6.90390908179689,-1.0,109.9751844732552,0.0,-0.36351657728957343,-0.3117885228744941,-13.869438476448417,0.0,40.55155664924826,Biotechnology,Healthcare,5.19,8646073,18445,LIXT
2019,2019-12-31,2020-03-25,-2390620.0,0.0,-2490066.0,-2.14,0.0,0.0,2672033.0,2434135.0,2672033.0,237898.0,237898.0,0.0,-27088886.0,42926894.387214005,2.1782494968558526,11.231843058789902,0.0,0.0,-1.0021341763163567,2.1782494968558526,-0.9821230128978056,0.0,-19.043494318299857,18.703054015990897,0.0,0.0,0.0,0.0,10.984669900545612,-0.8946820641810935,-27.19338934623104,0.0,-7.916666666666668,-4.723724990519301,0.0,59.637082431900204,0.0,-0.12071099343311793,-0.16464293882606168,-6.996426006485993,0.0,79.93194923986239,Biotechnology,Healthcare,5.19,8646073,18445,LIXT
2018,2018-12-31,2019-03-25,-2133128.0,0.0,-2138051.0,-0.24,0.0,0.0,4336738.0,4125823.0,4334445.0,210915.0,210915.0,0.0,-24648543.0,542824819.430964,0.4210293271854564,20.550672071687647,0.0,0.0,-0.5182120027931397,0.4210293271854564,-0.5170187863124521,0.0,-256.47679437472294,132.6033209449276,0.0,0.0,0.0,0.0,20.25940307706896,-0.49187384619499724,-362.06851164895295,0.0,-0.3333333333333333,-0.09731755912286541,0.0,11.350301706291301,0.0,-0.17955733587552408,-0.18138136545199468,0.40476585133463144,-1.0,9.51307128201351,Biotechnology,Healthcare,5.19,8646073,18445,LIXT
2017,2017-12-31,2018-03-23,-1808414.0,0.0,-1809789.0,-0.18,0.0,0.0,1368065.0,995041.0,1368065.0,373024.0,373024.0,0.0,-22515415.0,90793053.14143999,0.10695998077164523,3.6674986059878183,0.0,0.0,-1.818808471208724,0.10695998077164523,-1.8174266186016454,0.0,-50.92794080417426,92.5577952480752,0.0,0.0,0.0,0.0,3.5004396499957107,-1.321877249984467,-65.21741982185003,0.0,0.25,0.6471188393263785,0.0,-0.5341455915905794,0.0,0.15286134278213845,0.15228990381350077,0.4799040764685966,0.0,1.9775015122585433,Biotechnology,Healthcare,5.19,8646073,18445,LIXT
2016,2016-12-31,2017-03-29,-2134732.0,0.0,-2134915.0,-0.24,0.0,0.0,433411.0,214760.0,433411.0,218651.0,218651.0,0.0,-20707001.0,66874082.459594004,0.02691458092032427,1.9822045177017256,0.0,0.0,-9.940934065934066,0.02691458092032427,-9.94008195194636,0.0,-31.420342909364738,312.32078347734216,-0.0009368857542773519,0.0,2.9817808067209726e-05,0.0,0.9143749628403255,-4.925421828241554,-39.985770912341195,0.0,0.3333314814763375,0.24168571816386267,0.0,0.9964559081304134,-1.0,0.25152483706788104,0.19327973373770457,-0.3486251170046523,0.0,-0.21049871540663936,Biotechnology,Healthcare,5.19,8646073,18445,LIXT
2015,2015-12-31,2016-03-28,-2852108.0,200000.0,-2646413.0,-0.359999,200000.0,1.0,597975.0,312333.0,597975.0,285642.0,285642.0,0.0,-18572269.0,138015542.43738,0.04004817582715172,2.093442140861638,0.0,0.0,-8.473049597705014,0.04004817582715172,-9.131625540688944,690.2041171868999,-48.39957793932768,441.9668220693298,0.0,0.0,0.0,0.3344621430661817,1.153107736257273,-4.769610769681007,-63.28878911047779,1.0,0.0,-1.4052222100219482,0.0,-0.8664644546916617,0.0,-0.03106079557860854,-0.10122993096956777,0.33613296233144085,0.0,-0.8255738349685638,Biotechnology,Healthcare,5.19,8646073,18445,LIXT
2014,2014-12-31,2015-03-27,-2766188.0,0.0,-2403143.0,-0.359999,0.0,0.0,539299.0,265862.0,539299.0,273437.0,273437.0,0.0,-15718161.0,106528924.77271101,0.0359227292853706,1.972297092200397,0.0,0.0,-9.039061618433623,0.0359227292853706,-10.40460088316495,0.0,-38.52714847028149,400.85960299971794,0.0,0.0,0.0,0.0,0.9439468689314174,-5.129228869328517,-65.16078795355614,0.0,-0.9999944444444446,-0.1772704598190368,0.0,-0.865087812648538,0.0,-1.012004288492787,-0.7479374038527979,-0.05941568723309359,0.0,1.6646576935474533,Biotechnology,Healthcare,5.19,8646073,18445,LIXT
2013,2013-12-31,2014-03-21,-1374842.0,0.0,-1374845.0,-0.18,0.0,0.0,558040.0,236266.0,558040.0,321774.0,321774.0,0.0,-12951973.0,53583004.11152,0.03409061067479688,1.7342606922871333,0.0,0.0,-5.819055640676187,0.03409061067479688,-5.819042943123429,0.0,-39.31944406085936,228.80153348988006,0.0,0.0,0.0,0.0,1.495316588661607,-2.4636979427997994,-45.8079243247787,0.0,0.6666660493815729,0.27389756212452093,0.0,1.490378580209861,0.0,0.615897899236904,0.34710208865406184,-0.3047001596127273,0.0,-0.8863291974645472,Biotechnology,Healthcare,5.19,8646073,18445,LIXT
2012,2012-12-31,2013-03-15,-3579366.0,0.0,-2105758.0,-0.539999,0.0,0.0,1753010.0,1491858.0,1753010.0,261152.0,261152.0,0.0,-11577131.0,95809448.07046999,0.2295995891438306,6.712604153902708,0.0,0.0,-1.4115002902421008,0.2295995891438306,-2.3992672224836413,0.0,-27.229562461751605,65.33099669705159,0.0,0.0,0.0,0.0,6.361260874892783,-2.04184003513956,-80.83268027510518,0.0,-0.5000013888927469,-0.48746649640912904,0.0,1.7114291823093524,0.0,-0.7308647539318867,-0.1271285962799411,-0.7351268225172554,0.0,-0.13771076411485383,Biotechnology,Healthcare,5.19,8646073,18445,LIXT
2011,2011-12-31,2012-03-29,-2067964.0,0.0,-1868250.0,-0.359999,0.0,0.0,429767.0,79021.0,429767.0,350746.0,350746.0,0.0,-7997765.0,175832723.166839,0.013481179729898719,1.225294087459301,0.0,0.0,,0.013481179729898719,-26.169802963769126,0.0,-85.03389041919444,2225.3201575130533,0.0,0.0,0.0,0.0,1.041865053343445,-4.811825942894639,-129.3309495389967,0.0,-0.9999944444444446,-1.7407242570397041,0.0,-0.9184180609210191,0.0,-1.349291678500426,-1.1189564515177775,-0.29133791713128165,0.0,1.1939208962422343,Biotechnology,Healthcare,5.19,8646073,18445,LIXT
2010,2010-12-31,2010-12-31,-880250.0,0.0,-881684.0,-0.18,0.0,0.0,1931328.0,1736266.0,1931328.0,195062.0,195062.0,0.0,-5929801.0,121457183.846964,0.2999064835859175,9.901098112395033,0.0,0.0,,0.2999064835859175,-0.5069787693821108,0.0,-138.11562038848507,70.02168725700093,0.0,0.0,0.0,0.0,9.415375624160523,-0.4557744722802134,-129.83452995957256,0.0,0.39999799999333335,-1.0816209495313853,0.0,18.15058045668609,0.0,0.432584751307424,0.43126554581952914,0.589443348523982,0.0,2.5417101336763768,Biotechnology,Healthcare,5.19,8646073,18445,LIXT
2009,2009-12-31,2009-12-31,-1551333.0,0.0,-1550256.0,-0.299999,0.0,0.0,1601345.0,1301082.0,1601345.0,300263.0,300263.0,0.0,-5049551.0,147978684.358564,0.2662674884351826,5.333141279478324,0.0,0.0,,0.2662674884351826,-1.1923406826010967,0.0,-96.38335248367953,114.92179229177253,0.0,0.0,0.0,0.0,5.225389075577078,-0.9687687537663652,-234.2000428522085,0.0,0.0,-3.346548465480493,0.0,16.226886490765303,0.0,-0.22005989672219592,-0.2172714066978132,-1.4663544796107832,0.0,0.6113291607599938,Biotechnology,Healthcare,5.19,8646073,18445,LIXT
2008,2008-12-31,2008-12-31,-1271522.0,0.0,-1273550.0,-0.299999,0.0,0.0,51653.0,-323548.0,51525.0,375201.0,375201.0,0.0,-3498218.0,159259419.92140397,-0.06951896361420916,0.13732639305332342,1.9359959731283758,-0.3090731514334813,,-0.06951896361420916,3.9299331165700297,0.0,-125.18053240243108,-491.9511198381816,0.0,0.0,0.0,0.0,0.027667836706192148,-24.616614717441387,-266.30873400949986,0.0,0.16666712963091562,-2.7403691868234015,0.0,-2.975541190290268,0.0,0.2286737907706941,0.23235587874170377,-2.7403691868234015,0.0,-2.975541190290268,Biotechnology,Healthcare,5.19,8646073,18445,LIXT
TTM,,,,,,,,,,,,,,,,4557769.0,0.24510204804826088,17.32416485657254,0.0,0.0,-1.4753106530076945,0.24510204804826088,-1.0395913304594293,0.0,-14.362341679000815,21.174853663312035,0.0,0.0,0.0,0.0,16.354066411453395,-1.3892289582378934,-1.7834275885213908,0.0,,,,,,,,,,,Biotechnology,Healthcare,5.19,8646073,18445,LIXT
