Quarters,Year,Quarter,FillingDate,Date,NetIncome,Revenue,OperatingIncome,EPSDiluted,GrossProfit,GrossProfitRatio,TotalAssets,CommonStockEquity,CurrentAssets,CurrentLiability,TotalLiability,Inventory,RetainedEarnings,MarketCap,EnterpriseValue,bookValuePerShare,currentRatio,debtToAssets,debtToEquity,roic,shareholdersEquityPerShare,roe,priceToSalesRatio,peRatio,pbRatio,payoutRatio,inventoryTurnover,dividendYield,assetTurnover,quickRatio,returnOnAssets,priceToFreeCashFlowsRatio,grossProfitMargin,epsdilutedGrowth,fiveYNetIncomeGrowthPerShare,fiveYRevenueGrowthPerShare,fiveYShareholdersEquityGrowthPerShare,grossProfitGrowth,netIncomeGrowth,operatingIncomeGrowth,threeYNetIncomeGrowthPerShare,threeYRevenueGrowthPerShare,threeYShareholdersEquityGrowthPerShare,Industry,Sector,Symbol
2023Q1,2023,Q1,2023-05-22,2023-03-31,278260.0,538943.0,187571.0,0.1,538943.0,1.0,38515189.0,30392346.0,59317.0,2709427.0,8122843.0,0.0,-7600424.0,77110.42240000001,1902891.4224,7.370428698364905,0.021892820880577334,0.04824520009495475,0.0611395053215043,0.004386452481243874,7.370428698364905,0.009155594635570417,0.14307713876977715,0.06927911162222383,0.002537165850902066,0.0,0.0,0.0,0.013992998969834991,0.011955295344735252,0.007224682189668081,-2.2266942650880743,1.0,0.0,0.0,0.0,0.0,0.0,7.451209051074583,1.0528691292382173,0.0,0.0,0.0,,,MAQCW
2022Q4,2022,Q4,2022-12-31,2022-12-31,-43133.0,0.0,-3547836.0,0.0,0.0,0.0,37703500.0,30114087.0,133323.0,2026749.0,7589413.0,0.0,-7133678.0,0.0,1288832.0,0.0,0.06578170261833113,0.0359609585317013,0.045023911898773486,0.05288817761957468,0.0,-0.0014323196980868124,0.0,0.0,0.0,0.0,0.0,,0.0,0.0330687223726273,-0.0011440051984563768,0.0,0.0,-1.0,0.0,0.0,0.0,0.0,-1.018075005426734,-1.7131043401480022,0.0,0.0,0.0,,,MAQCW
2022Q3,2022,Q3,2022-11-10,2022-09-30,2386334.0,0.0,4975199.0,0.13,0.0,0.0,180282852.0,173620218.0,355032.0,1205643.0,6662634.0,0.0,-6117067.0,527857.129,980474.129,9.702997552960964,0.2944752302298442,0.003893736937332232,0.0040431581533897165,0.026307501457871217,9.702997552960964,0.013744562859608896,0.0,0.055300005049586515,0.003040297582162925,0.0,0.0,0.0,0.0,0.20682490588009883,0.0132366111004279,-3.204455453298204,0.0,0.0,0.0,0.0,0.0,0.0,-0.4631175589981817,2.404022596663442,0.0,0.0,0.0,,,MAQCW
2022Q2,2022,Q2,2022-08-16,2022-06-30,4444798.0,0.0,-3543532.0,0.0,0.0,0.0,177921648.0,171233884.0,181633.0,600174.0,6687764.0,0.0,-6191232.0,0.0,315759.0,0.0,0.30263390283484454,0.0020702483601096142,0.0021511046259979714,-0.04356011123701128,0.0,0.025957467623639256,0.0,0.0,0.0,0.0,0.0,,0.0,0.08761292558491371,0.024981771751574604,0.0,0.0,0.0,0.0,0.0,0.0,0.0,-0.2150334027738042,0.4109005766754977,0.0,0.0,0.0,,,MAQCW
2022Q1,2022,Q1,2022-05-10,2022-03-31,5662404.0,0.0,-6015168.0,0.0,0.0,0.0,176180768.0,169126826.0,329244.0,159687.0,7053942.0,0.0,-6567318.0,0.0,-171744.0,0.0,2.0618084127073586,0.0,0.0,-0.07341901704580281,0.0,0.03348022388831444,0.0,0.0,0.0,0.0,0.0,,0.0,1.0755039546112082,0.03213973956567155,0.0,0.0,0.0,0.0,0.0,0.0,0.0,5.339018115625651,-33.37317424398272,0.0,0.0,0.0,,,MAQCW
2021Q4,2021,Q4,2022-03-25,2021-12-31,893262.0,0.0,-174996.0,0.0,0.0,0.0,176402339.0,166383815.0,633000.0,326436.0,10018524.0,0.0,-9310329.0,0.0,-475500.0,0.0,1.939124361283682,0.0,0.0,-0.002616017167236529,0.0,0.005368683246023659,0.0,0.0,0.0,0.0,0.0,,0.0,1.4566408116751828,0.005063776393577185,0.0,0.0,0.0,0.0,0.0,0.0,0.0,4.323827420045024,-0.47976898164198917,0.0,0.0,0.0,,,MAQCW
2021Q3,2021,Q3,2021-11-12,2021-09-30,-268745.0,0.0,-118259.0,0.0,0.0,0.0,176450215.0,166083835.0,744647.0,212774.0,10366380.0,0.0,-9610321.0,0.0,-497482.0,0.0,3.4997086110145035,0.0,0.0,-0.000712044010785276,0.0,-0.0016181285794610897,0.0,0.0,0.0,0.0,0.0,,0.0,2.338077020688618,-0.0015230641685531525,0.0,0.0,0.0,0.0,0.0,0.0,0.0,-1.0427039347462204,0.3235926650422687,0.0,0.0,0.0,,,MAQCW
2021Q2,2021,Q2,2021-08-23,2021-06-30,6293214.0,0.0,-174834.0,0.0,0.0,0.0,176610707.0,166476869.0,931545.0,157124.0,10133838.0,0.0,4999353.0,0.0,-644984.0,0.0,5.928725083373641,6.228387953851519e-08,6.607524556459552e-08,-0.001050199883611466,0.0,0.03780233276732277,0.0,0.0,0.0,0.0,0.0,,0.0,4.1050062371120895,0.035633252971463386,0.0,0.0,0.0,0.0,0.0,0.0,0.0,8681.295172413793,-240.1503448275862,0.0,0.0,0.0,,,MAQCW
2021Q1,2021,Q1,2021-06-17,2021-03-31,-725.0,0.0,-725.0,0.0,0.0,0.0,163043.0,24275.0,25000.0,138768.0,138768.0,0.0,-725.0,0.0,113043.0,0.0,0.1801568084861063,0.8466662168875695,5.686632337796087,-0.004466540987444399,0.0,-0.029866117404737384,0.0,0.0,0.0,0.0,0.0,,0.0,0.1801568084861063,-0.0044466797102604835,0.0,0.0,0.0,0.0,0.0,0.0,0.0,0.0,0.0,0.0,0.0,0.0,,,MAQCW
