Quarters,Year,Quarter,FillingDate,Date,NetIncome,Revenue,OperatingIncome,EPSDiluted,GrossProfit,GrossProfitRatio,TotalAssets,CommonStockEquity,CurrentAssets,CurrentLiability,TotalLiability,Inventory,RetainedEarnings,MarketCap,EnterpriseValue,bookValuePerShare,currentRatio,debtToAssets,debtToEquity,roic,shareholdersEquityPerShare,roe,priceToSalesRatio,peRatio,pbRatio,payoutRatio,inventoryTurnover,dividendYield,assetTurnover,quickRatio,returnOnAssets,priceToFreeCashFlowsRatio,grossProfitMargin,epsdilutedGrowth,fiveYNetIncomeGrowthPerShare,fiveYRevenueGrowthPerShare,fiveYShareholdersEquityGrowthPerShare,grossProfitGrowth,netIncomeGrowth,operatingIncomeGrowth,threeYNetIncomeGrowthPerShare,threeYRevenueGrowthPerShare,threeYShareholdersEquityGrowthPerShare,Industry,Sector,Symbol
2023Q1,2023,Q1,2023-05-19,2023-03-31,-4137096.0,0.0,-3377874.0,-0.72,0.0,0.0,45648026.0,35424443.0,71714.0,8068582.0,10223583.0,0.0,-9130962.0,1115689.7,2689662.7,3.1751160739406306,0.008888054927123502,0.035050803730264264,0.0451665535009259,-0.09646065527127153,3.1751160739406306,-0.11678647988904159,0.0,-0.06741985803568494,0.03149491157842623,0.0,0.0,0.0,0.0,0.0032257216943448056,-0.09063033744328834,-2.9130431490503867,0.0,-1.0000000251679264,0.0,0.0,0.0,0.0,-9.032915354414797,-3.591773648924196,0.0,0.0,0.0,Shell Companies,Financial Services,MPRAW
2022Q4,2022,Q4,2023-04-04,2022-12-31,515018.0,0.0,-735636.0,28607839.43,0.0,0.0,237097060.0,234658130.0,156446.0,2115680.0,2438930.0,0.0,-1264083.0,346150.0,1033195.0,10.202527391304347,0.07394596536338198,0.003121084673087047,0.0031535238092965283,-0.0017645741714241295,10.202527391304347,0.0021947588178598374,0.0,0.1680281077554571,0.0014751246845783694,0.0,0.0,0.0,0.0,0.02502977766013764,0.0021721821434647903,-0.7706453472968972,0.0,204341709.2142857,0.0,0.0,0.0,0.0,-0.8705242228142425,-0.5861915799687348,0.0,0.0,0.0,Shell Companies,Financial Services,MPRAW
2022Q3,2022,Q3,2022-11-15,2022-09-30,3977717.0,0.0,-463775.0,0.14,0.0,0.0,235250748.0,234143112.0,250865.0,1077381.0,1107636.0,0.0,-322883.0,269100.0,422976.0,10.180135304347827,0.2328470615316216,0.0008501567017334202,0.0008541784479229096,-0.001861618876126357,10.180135304347827,0.016988400666682862,0.0,0.016912967916018158,0.001149297101680275,0.0,0.0,0.0,0.0,0.04281122462712819,0.016908413825744775,-1.5540271305070945,0.0,0.16666666666666682,0.0,0.0,0.0,0.0,0.1386210941558934,-0.10841441351009648,0.0,0.0,0.0,Shell Companies,Financial Services,MPRAW
2022Q2,2022,Q2,2022-08-12,2022-06-30,3493451.0,0.0,-418413.0,0.12,0.0,0.0,234155537.0,222360920.0,400275.0,512117.0,11794617.0,0.0,-11161217.0,3447700.0,3377122.0,9.667866086956522,0.781608499620204,0.0,0.0,-0.0018626927047980606,9.667866086956522,0.01571072380884195,0.0,0.24672594520432659,0.015504972726322593,0.0,0.0,0.0,0.0,0.13781616310335335,0.014919361057005455,-19.231241214663424,0.0,-0.9414634146341463,0.0,0.0,0.0,0.0,-0.7039663305809061,-0.351013713138071,0.0,0.0,0.0,Shell Companies,Financial Services,MPRAW
2022Q1,2022,Q1,2022-05-16,2022-03-31,11800857.0,0.0,-309703.0,2.05,0.0,0.0,234175972.0,218867469.0,704692.0,362503.0,15308503.0,0.0,-14583106.0,7360000.0,7110146.0,9.515976913043477,1.9439618430744021,0.0,0.0,-0.0029063244464650885,9.515976913043477,0.053917820925685395,0.0,0.1559208793056301,0.03362765619590548,0.0,0.0,0.0,0.0,0.6892467096824026,0.050393116335607654,-53.584949618498456,0.0,14.666666666666666,0.0,0.0,0.0,0.0,13.901129860120365,-0.1515990971729018,0.0,0.0,0.0,Shell Companies,Financial Services,MPRAW
2021Q4,2021,Q4,2022-04-15,2021-12-31,-914715.0,0.0,-268933.0,-0.15,0.0,0.0,234358235.0,-20328108.0,865940.0,256343.0,21236343.0,0.0,-20328683.0,0.0,-387206.0,0.0,3.3780520630561397,0.0,0.0,0.020447506980961212,0.0,0.04499754723853297,0.0,0.0,0.0,,0.0,,0.0,1.5104996040461414,-0.0039030631887119306,0.0,0.0,0.0,0.0,0.0,0.0,0.0,0.0,0.0,0.0,0.0,0.0,Shell Companies,Financial Services,MPRAW
2021Q2,2021,Q2,2021-06-30,2021-06-30,-1381.0,0.0,-1381.0,0.0,0.0,0.0,,,,,,,,0.0,,0.0,0.0,0.0,0.0,0.0,0.0,0.0,0.0,0.0,0.0,,0.0,,0.0,0.0,0.0,0.0,0.0,0.0,0.0,0.0,0.0,0.0,0.0,0.0,0.0,0.0,0.0,Shell Companies,Financial Services,MPRAW
2021Q3,2021,Q3,2021-09-30,2021-09-30,,,,,,,695090.0,12532.0,21375.0,682558.0,682558.0,0.0,-12468.0,0.0,140827.0,0.0,0.0313160200305322,0.23335395416420895,12.943025853814236,,0.0,,0.0,0.0,0.0,0.0,0.0,,,0.0313160200305322,,0.0,0.0,0.0,0.0,0.0,0.0,0.0,0.0,0.0,0.0,0.0,0.0,Shell Companies,Financial Services,MPRAW
2021Q1,2021,Q1,2021-02-28,2021-02-28,,,,,,,149839.0,22181.0,25000.0,127658.0,127658.0,0.0,-2819.0,0.0,-25000.0,0.0,0.1958357486408999,0.0,0.0,,0.0,,0.0,0.0,0.0,0.0,0.0,,,0.1958357486408999,,0.0,0.0,0.0,0.0,0.0,0.0,0.0,0.0,0.0,0.0,0.0,0.0,Shell Companies,Financial Services,MPRAW
