Quarters,Year,Quarter,FillingDate,Date,NetIncome,Revenue,OperatingIncome,EPSDiluted,GrossProfit,GrossProfitRatio,TotalAssets,CommonStockEquity,CurrentAssets,CurrentLiability,TotalLiability,Inventory,RetainedEarnings,MarketCap,EnterpriseValue,bookValuePerShare,currentRatio,debtToAssets,debtToEquity,roic,shareholdersEquityPerShare,roe,priceToSalesRatio,peRatio,pbRatio,payoutRatio,inventoryTurnover,dividendYield,assetTurnover,quickRatio,returnOnAssets,priceToFreeCashFlowsRatio,grossProfitMargin,epsdilutedGrowth,fiveYNetIncomeGrowthPerShare,fiveYRevenueGrowthPerShare,fiveYShareholdersEquityGrowthPerShare,grossProfitGrowth,netIncomeGrowth,operatingIncomeGrowth,threeYNetIncomeGrowthPerShare,threeYRevenueGrowthPerShare,threeYShareholdersEquityGrowthPerShare,Industry,Sector,Symbol
2023Q1,2023,Q1,2023-05-05,2023-03-31,-5833000.0,154792000.0,-16061000.0,-0.15,59365000.0,0.3835146519,910492000.0,682158000.0,405218000.0,102915000.0,228334000.0,8740000.0,551696000.0,1258712000.0,1130365000.0,17.401989795918368,3.937404654326386,0.10947817224094226,0.14612303894405695,-0.009268776748647466,17.401989795918368,-0.008550804945481839,8.131634709804125,-53.94788273615635,1.8451912899944,-0.07560432024687125,10.91842105263158,0.0003503581438804111,0.17000918184893443,3.803391148034786,-0.006406426415608265,-12.09485922936485,0.38351465191999584,-1.7499999999999998,-1.3229901667235102,-0.11552369602884957,1.0405291730919937,-0.2736004894463139,-1.7373277714574642,-2.5706043418736555,-1.4501714726824166,-0.1813077363371928,0.3510757650236175,Real Estate Services,Real Estate,MMI
2022Q4,2022,Q4,2023-02-28,2022-12-31,7911000.0,262449000.0,10226000.0,0.2,81725000.0,0.3113938327,1003708000.0,713509000.0,527140000.0,152015000.0,290199000.0,8655000.0,585581000.0,1359431450.0,1205667450.0,18.081371480702465,3.467684110120712,0.0817897237045037,0.11505531114533944,0.009158717500251804,18.081371480702465,0.011087456500198316,5.179792835941459,42.960164644166355,1.9052758269342085,1.2889647326507394,20.880878105141537,0.007500929892419363,0.2614794342577722,3.3628457717988356,0.007881774380596748,60.95558470092369,0.3113938327065449,-0.6226415094339622,-0.07880139478529789,0.27804489513834135,1.2374899047186694,-0.23248497370398197,-0.6296695066005056,-0.6652919612463996,-0.6181456814372717,0.10334900850735441,0.4419589328911592,Real Estate Services,Real Estate,MMI
2022Q3,2022,Q3,2022-11-04,2022-09-30,21362000.0,323840000.0,30552000.0,0.53,106480000.0,0.3288043478,999888000.0,723961000.0,515757000.0,146642000.0,275927000.0,0.0,599710000.0,1314019080.0,1124675080.0,18.060195579504065,3.5171165150502586,0.08152913126270142,0.1126027507006593,0.023507109703082597,18.060195579504065,0.029507114333506914,4.057618206521739,15.377996910401649,1.8150412522221504,0.0036981556034079207,0.0,6.0120892612913956e-05,0.323876274142704,3.3974509349299655,0.021364392811994943,35.97785176464146,0.328804347826087,-0.49038461538461536,0.34415843738869334,0.7199273573097369,1.2938870798427085,-0.2389665153843405,-0.49340732308859797,-0.46156286348736386,0.08948148221940695,0.6074527446345518,0.5088162970794743,Real Estate Services,Real Estate,MMI
2022Q2,2022,Q2,2022-08-05,2022-06-30,42168000.0,395957000.0,56742000.0,1.04,139915000.0,0.3533590769,966762000.0,717170000.0,498360000.0,128042000.0,249592000.0,0.0,596361000.0,1481375520.0,1351722520.0,17.90776068717539,3.8921603848737134,0.08481715251530367,0.11433551319770766,0.04838258111749545,17.90776068717539,0.05879777458622084,3.741253519952924,8.78258110415481,2.065584896189188,1.1876778599886169,0.0,0.03380776806680321,0.40957029754996577,3.7397494572093533,0.04361776735121985,117.9814845492195,0.35335907686945806,0.2839506172839506,1.6377178011346245,1.1378998546793773,1.4115435663646,0.14033872334876443,0.2862764237562151,0.2823050847457627,0.9493600489225421,0.8583671662490124,0.5659397892430952,Real Estate Services,Real Estate,MMI
2022Q1,2022,Q1,2022-05-06,2022-03-31,32783000.0,319464000.0,44250000.0,0.81,122696000.0,0.3840683144,980163000.0,675389000.0,570826000.0,192257000.0,304774000.0,0.0,554193000.0,2106620520.0,1865508520.0,16.889369576633573,2.9690778489209757,0.07609244584829258,0.1104296931101928,0.03949954805057018,16.889369576633573,0.04853943431118955,6.594234467733454,16.064885153890735,3.1191217505763347,0.0,0.0,0.0,0.3259294627526238,2.8534929807497256,0.03344647777971623,-30.34689158431531,0.38406831442666467,-0.47058823529411764,1.660798978052298,1.0308308905775132,1.4234248325420793,-0.24171389371288016,-0.4712589916454308,-0.4711682103376158,1.0608246130072265,0.9541625174311911,0.558203410125143,Real Estate Services,Real Estate,MMI
2021Q4,2021,Q4,2022-03-01,2021-12-31,62002000.0,495134000.0,83675000.0,1.53,161807000.0,0.3267943627,1045198000.0,696304000.0,608131000.0,225630000.0,348894000.0,-40000.0,573546000.0,2057216420.0,1752383420.0,17.417615128699,2.6952577228205468,0.07396397620355186,0.11102478227900457,0.07299044787228806,17.417615128699,0.08904444035938326,4.15486801552711,8.294959920647722,2.954480255750362,0.0,-8333.175,0.0,0.47372268220949526,2.5851083632495677,0.05932081768239128,13.385405911862113,0.32679436273816787,0.8214285714285715,2.507816001421034,1.543331069710416,1.6136448517081263,0.429529371228653,0.8276736233934677,0.8323260193579468,1.3157379497023944,1.1060083169409765,0.6651973894692211,Real Estate Services,Real Estate,MMI
2021Q3,2021,Q3,2021-11-05,2021-09-30,33924000.0,332383000.0,45666000.0,0.84,113189000.0,0.34053787347728376,875080000.0,632269000.0,429971000.0,130562000.0,242811000.0,0.0,511544000.0,1622362800.0,1422070800.0,15.830470706059089,3.29323233406351,0.09223728116286511,0.12765927160749618,0.04257476080453532,15.830470706059089,0.053654378120704956,4.881004142811155,11.955863105765829,2.5659375993445828,0.0,0.0,0.0,0.37983155825753073,3.165944149139872,0.038766741326507294,25.091059249292442,0.34053787347728376,0.07692307692307684,1.1839524937168036,0.7939735589910104,1.5481172935031802,0.06419646298925358,0.0758594443739693,0.09760846052157193,0.596231841768599,0.5487429530971987,0.6211825661987393,Real Estate Services,Real Estate,MMI
2021Q2,2021,Q2,2021-08-06,2021-06-30,31532000.0,284946000.0,41605000.0,0.78,106361000.0,0.373267215542594,817770000.0,596853000.0,411341000.0,115519000.0,220917000.0,0.0,477620000.0,1550018990.0,1401054990.0,14.967349600020063,3.5608081787411594,0.09960013206647346,0.13646576292654974,0.04031685867337828,14.967349600020063,0.05283042893308738,5.43969380163259,12.289253694659392,2.596986175825538,0.0,0.0,0.0,0.34844271616713746,3.399033925155169,0.03855851889895692,29.867217565562555,0.373267215542594,1.1081081081081081,0.7560881358202036,0.5164289057802013,1.5884946796198836,0.42053316237946414,1.100452970956568,1.0596534653465346,0.39668431118159125,0.4030938241480653,0.6328685005424552,Real Estate Services,Real Estate,MMI
2021Q1,2021,Q1,2021-05-07,2021-03-31,15012000.0,183977000.0,20200000.0,0.37,74874000.0,0.4069747848915897,751082000.0,561669000.0,382239000.0,91317000.0,189413000.0,0.0,446088000.0,1339810900.0,1194445900.0,14.127549865432503,4.185847104044154,0.10164402821529474,0.13592169053303635,0.020120304468489118,14.127549865432503,0.026727485405105143,7.282491289672079,22.31233180122569,2.3854100902844917,0.0,0.0,0.0,0.24494928649601508,3.992378199020993,0.019987165183029284,-63.19564643177208,0.4069747848915897,-0.37288135593220334,-0.008774640738300346,0.0955582978699918,1.68095316588531,-0.16381139576958298,-0.36449072898145796,-0.3278317582856382,-0.18038793795119193,0.03651044920483766,0.6565736437501196,Real Estate Services,Real Estate,MMI
2020Q4,2020,Q4,2021-03-01,2020-12-31,23622000.0,250214000.0,30052000.0,0.59,89542000.0,0.35786167041012895,779122000.0,546836000.0,429078000.0,120317000.0,232286000.0,0.0,431076000.0,1478589449.9999998,1314035449.9999998,13.769004154601536,3.5662292111671667,0.008424867992432507,0.012003598885223357,0.03480446829251841,13.769004154601536,0.04319759489133854,5.909299439679633,15.648436309372618,2.7038992495007643,0.0,0.0,0.0,0.3211486776140322,3.424171147884339,0.030318743406039107,22.810346184106997,0.35786167041012895,2.933333333333333,0.15648060807608807,0.2028868370000655,1.8259280022682913,0.5210640755588775,2.9109271523178806,3.5951070336391435,1.7330782889407785,0.2106714839821092,0.70385348405847,Real Estate Services,Real Estate,MMI
2020Q3,2020,Q3,2020-11-09,2020-09-30,6040000.0,158575000.0,6540000.0,0.15,58868000.0,0.37123127857480687,696125000.0,521034000.0,373291000.0,76037000.0,175091000.0,0.0,407454000.0,1092021120.0,993865120.0,13.130566265971119,4.909333613898497,0.0,0.0,0.008330689342905298,13.130566265971119,0.01159233370566988,6.886464575122182,45.19954966887418,2.0958730524303597,0.0,0.0,0.0,0.22779673190878075,4.730210292357668,0.008676602621655594,48.83596976879388,0.37123127857480687,55.1377245508982,-0.6099368212682225,-0.06307138970048548,1.9976033277191745,0.3484206427377053,55.9811320754717,3.5019127773527163,-0.6160668569320135,-0.14920594299797457,0.667758035949064,Real Estate Services,Real Estate,MMI
2020Q2,2020,Q2,2020-08-10,2020-06-30,106000.0,117400000.0,-2614000.0,0.002672,43657000.0,0.37186541737649065,670815000.0,512913000.0,347668000.0,58554000.0,157902000.0,0.0,401414000.0,1143692940.0,1066954940.0,12.942870120366399,5.937561908665505,0.0,0.0,-0.003167538028084001,12.942870120366399,0.00020666272837693722,9.741847870528108,2697.389009433962,2.229799088734347,0.0,0.0,0.0,0.17501099408927945,5.704102196263278,0.00015801674083018417,-1347.1059363957597,0.37186541737649065,-0.9919030303030303,-0.9940778184050323,-0.3362338457201054,2.293913964753144,-0.432731288981289,-0.9918898240244836,-1.133122835608067,-0.9932993194906717,-0.3594173845166692,0.7429479717927453,Real Estate Services,Real Estate,MMI
2020Q1,2020,Q1,2020-05-11,2020-03-31,13070000.0,190717000.0,19636000.0,0.33,76960000.0,0.4035298374030632,670329000.0,509292000.0,352065000.0,65513000.0,161037000.0,0.0,401308000.0,1071561100.0,967757100.0,12.880099137604006,5.373971578160059,0.00979220651351799,0.01288848047878231,0.02270776105895647,12.880099137604006,0.025663077370153074,5.618592469470472,20.496578041315992,2.1040210723906916,0.0,0.0,0.0,0.28451253041416974,5.164150626593195,0.019497888350347367,-19.415856133357494,0.4035298374030632,-0.36538461538461536,-0.056202941409044485,0.2846062515751292,2.7950882473316225,-0.06954250894670665,-0.369238936344771,-0.27553128689492323,0.07283233437023186,0.22612327804796856,0.8481419305820533,Real Estate Services,Real Estate,MMI
2019Q4,2019,Q4,2020-03-02,2019-12-31,20721000.0,237908000.0,27104000.0,0.52,82712000.0,0.34766380281453335,709034000.0,494907000.0,410167000.0,101805000.0,214127000.0,0.0,388271000.0,1470183000.0,1324994000.0,12.539449680754029,4.028947497667109,0.009257666063968724,0.013263097915365916,0.03199121985303732,12.539449680754029,0.04186847225842431,6.179628259663399,17.73783842478645,2.9706247840503366,0.0,0.0,0.0,0.3355382111436123,3.8934335248759884,0.029224268511806203,50.39878646601076,0.34766380281453335,0.06122448979591842,0.24190020794522088,0.35854650773545693,3.172158924761836,0.11662819110877108,0.07407215426083351,0.12595546693253573,0.18742693893769072,0.23781081760110453,0.8816392404580526,Real Estate Services,Real Estate,MMI
2019Q3,2019,Q3,2019-11-08,2019-09-30,19292000.0,198220000.0,24072000.0,0.49,74073000.0,0.3736908485521138,664593000.0,472100000.0,386340000.0,84481000.0,192493000.0,0.0,367550000.0,1399761090.0,1262060090.0,11.969777642554702,4.573099276760455,0.009876721542357502,0.013903833933488667,0.031485415601688035,11.969777642554702,0.04086422368142343,7.061654172131974,18.139139150943397,2.964967358610464,0.0,0.0,0.0,0.29825773067125294,4.346409251784425,0.029028292503833174,88.6317412777813,0.3736908485521138,-0.09259259259259267,0.4051211573929349,0.29389626561830046,3.6600584482203455,-0.09386391994715337,-0.09337844823534941,-0.10771739936244347,0.2576897710748064,0.08339006615536648,0.9266892296959549,Real Estate Services,Real Estate,MMI
2019Q2,2019,Q2,2019-08-09,2019-06-30,21279000.0,209593000.0,26978000.0,0.54,81746000.0,0.3900225675475803,639674000.0,450513000.0,352023000.0,80767000.0,189161000.0,0.0,348258000.0,1212184150.0,1096819150.0,11.435791344079197,4.358500377629477,0.010261476939816218,0.014570056801912486,0.03559982477592922,11.435791344079197,0.04723282125044116,5.783514478059859,14.241554466845246,2.690675185843694,0.0,0.0,0.0,0.32765596225577404,4.192751990293066,0.03326538205398375,103.13827533395728,0.3900225675475803,0.35000000000000003,0.6398093709557748,0.5393250559670892,4.239988043682998,0.1843984989640534,0.36072387773372555,0.4767091794843724,0.19957492488172582,0.12906159948975449,0.9777372642750616,Real Estate Services,Real Estate,MMI
2019Q1,2019,Q1,2019-05-10,2019-03-31,15638000.0,160707000.0,18269000.0,0.4,69019000.0,0.4294710249086848,603516000.0,426092000.0,340174000.0,73363000.0,177424000.0,0.0,326979000.0,1616468320.0,1425987320.0,10.839001806110248,4.636860542780421,0.012677377236063336,0.017956216028463336,0.02632650343869217,10.839001806110248,0.0367009941514978,10.058481086698153,25.84199258217163,3.7937072744853224,0.0,0.0,0.0,0.2662845724057026,4.4681378896719055,0.02591149199027035,-40.16868744098206,0.4294710249086848,-0.3939393939393939,1.278593306717948,0.38589863976237576,5.011917861189137,-0.15639132666780747,-0.4036987607244995,-0.4376866016190095,0.04427425584910334,-0.032153981228729624,1.0568928429854283,Real Estate Services,Real Estate,MMI
2018Q4,2018,Q4,2019-03-01,2018-12-31,26225000.0,230283000.0,32489000.0,0.66,81814000.0,0.3552758996539041,566380000.0,409574000.0,371339000.0,92856000.0,156806000.0,0.0,311341000.0,1344259810.0,1137227810.0,10.459790075848508,3.9990846041182047,0.013508598467460008,0.018680384985375047,0.0611120785721947,10.459790075848508,0.0640299433069482,5.83742529843714,12.814678836987607,3.282092637716261,0.0,0.0,0.0,0.40658745012182634,3.888321702420953,0.04630283555210283,22.86039504787171,0.3552758996539041,0.24528301886792453,3.980403428951711,0.5298825866106661,5.491573638285614,0.05302854789301619,0.2575525079121511,0.1864227286006427,0.30221394689000297,0.12284601273740146,1.1467502908196832,Real Estate Services,Real Estate,MMI
2018Q3,2018,Q3,2018-11-09,2018-09-30,20854000.0,210590000.0,27384000.0,0.53,77694000.0,0.36893489719359895,510135000.0,382691000.0,321357000.0,68772000.0,127444000.0,0.0,285116000.0,1339548380.0,1166179380.0,9.764767421091577,4.672788344093527,0.014997990727944563,0.019992631130598838,0.05015560019935481,9.764767421091577,0.05449305052901688,6.360930623486396,16.058650378824204,3.5003393860843346,0.0,0.0,0.0,0.4128122947847139,4.5176670738091085,0.04087937506738412,44.5980949527234,0.36893489719359895,-0.05357142857142862,1.61125421806553,0.7135421499056491,93.62838108831325,-0.023122477462185508,-0.059232191997112826,-0.05409326424870466,0.363589503076636,0.2598121385892489,1.2292183537983201,Real Estate Services,Real Estate,MMI
2018Q2,2018,Q2,2018-08-09,2018-06-30,22167000.0,199402000.0,28950000.0,0.56,79533000.0,0.3988575841766883,474171000.0,358897000.0,344947000.0,60600000.0,115274000.0,0.0,264262000.0,1527397540.0,1295029540.0,9.16629207743781,5.6921947194719476,0.016135529165638558,0.021318094049267617,0.05773867212278316,9.16629207743781,0.061764238764882406,7.659890773412504,17.226029007082598,4.25581027425696,0.0,0.0,0.0,0.42052761556484897,5.48473597359736,0.04674895765451704,43.94882718535996,0.3988575841766883,0.21739130434782614,1.6824139984858817,0.8322875281561533,41.61577755833038,0.09110739175766888,0.230747876297818,0.23380497783839072,0.2534867662965082,0.1410731696445996,1.3327884154047105,Real Estate Services,Real Estate,MMI
2018Q1,2018,Q1,2018-05-10,2018-03-31,18011000.0,174541000.0,23464000.0,0.46,72892000.0,0.4176210747045107,432967000.0,333409000.0,309103000.0,48302000.0,99558000.0,0.0,242095000.0,1409765700.0,1219081700.0,8.528174958434583,6.39938304832098,0.020061575131592017,0.02605208617643795,0.05081063230488362,8.528174958434583,0.05402073729263457,8.076988787734686,19.56812087057909,4.228337267440291,0.0,0.0,0.0,0.40312772105033406,6.213220984638317,0.04159901331972183,-98.23466657375792,0.4176210747045107,1.090909090909091,9.672742393555913,1.4421810869285026,0.0,0.025983165836218788,1.123938679245283,-0.14374338576068313,0.31542862771709684,0.18906204190603174,1.512804925658639,Real Estate Services,Real Estate,MMI
2017Q4,2017,Q4,2018-03-16,2017-12-31,8480000.0,202776000.0,27403000.0,0.22,71046000.0,0.3503669073263108,459664000.0,314888000.0,320430000.0,83259000.0,144776000.0,0.0,224071000.0,1270681260.0,1058581260.0,8.081096340399322,3.8485929449068568,0.01889641129172613,0.027584410965168567,0.025094645555604454,8.081096340399322,0.026930210106450546,6.266428275535566,37.4611220518868,4.035343550722797,0.0,0.0,0.0,0.44113961502314736,3.7146494673248536,0.018448257857913607,32.06200191764231,0.3503669073263108,-0.4358974358974359,-0.36660830434203845,0.3375372567432567,13.177089484667322,0.03659283900901689,-0.45201938610662357,0.11019730178665478,-0.4852087758889885,0.17284686009312067,1.6887637876329702,Real Estate Services,Real Estate,MMI
2017Q3,2017,Q3,2017-11-09,2017-09-30,15475000.0,183341000.0,24683000.0,0.39,68538000.0,0.3738280035562149,423552000.0,307314000.0,280462000.0,60675000.0,116238000.0,0.0,215591000.0,1053500669.9999999,879524669.9999999,7.873184228729537,4.62236505974454,0.02050751737685101,0.02826425089647722,0.04743041016929791,7.873184228729537,0.0503556622867816,5.746126998325524,17.019396930533116,3.428092016634452,0.0,0.0,0.0,0.43286538606829855,4.480807581376185,0.03653624584466606,45.26707644051046,0.3738280035562149,-0.025000000000000022,1.348837152706092,0.9537672525458323,0.0,-0.020801783009972284,-0.00603763889780975,-0.012601008080646452,0.13889362940599762,0.20928194705491557,2.065177965298915,Real Estate Services,Real Estate,MMI
2017Q2,2017,Q2,2017-08-09,2017-06-30,15569000.0,180371000.0,24998000.0,0.4,69994000.0,0.3880557295795887,399946000.0,289623000.0,252320000.0,58138000.0,110323000.0,0.0,200116000.0,1028092720.0,872948720.0,7.425849956412492,4.3400185764904196,0.02171793192080931,0.02999071206361373,0.05092177688037933,7.425849956412492,0.053756089813309024,5.699878140055774,16.50865052347614,3.5497620009460573,0.0,0.0,0.0,0.4509883834317633,4.177543087137501,0.03892775524695834,28.93509104725451,0.3880557295795887,0.29032258064516137,0.8913367562736729,0.6638726655549703,33.52414206862908,0.10114056477621332,0.29741666666666666,0.3123687526249475,0.21187295859131394,0.33805666150937347,2.402594872101392,Real Estate Services,Real Estate,MMI
2017Q1,2017,Q1,2017-05-10,2017-03-31,12000000.0,153212000.0,19048000.0,0.31,63565000.0,0.4148826462679164,363487000.0,271437000.0,204945000.0,40916000.0,92050000.0,0.0,184547000.0,957341839.9999999,837981839.9999999,6.969215364075177,5.008920715612474,0.02660892961784053,0.03563257772521801,0.04169430376298545,6.969215364075177,0.04420915350523326,6.248478187087173,19.944621666666666,3.5269393634618713,0.0,0.0,0.0,0.42150613364439443,4.776737706520676,0.0330135603199014,-24.896414844095386,0.4148826462679164,-0.29545454545454547,6.137654187926345,1.1518363604531925,0.0,-0.058575236966824644,-0.301269360661465,-0.3174227764638429,0.7648011774851097,0.3335778903837476,2.8655174226595337,Real Estate Services,Real Estate,MMI
2016Q4,2016,Q4,2017-03-16,2016-12-31,17174000.0,189157000.0,27906000.0,0.44,67520000.0,0.35695216143203795,394016000.0,258854000.0,234012000.0,78176000.0,135162000.0,0.0,172599000.0,1037884960.0,860185960.0,6.664109363334449,2.993399508800655,0.02454722650856818,0.037364692065797706,0.0635263158327971,6.664109363334449,0.06634628014247414,5.486896916318191,15.108375451263537,4.009538040748839,0.0,0.0,0.0,0.4800744132217981,2.8571556487924683,0.04358706245431657,33.97999476165532,0.35695216143203795,0.12820512820512817,0.28682957227244277,0.25165550876790205,10.691195204205833,0.01105088197418466,0.13404648705758057,0.12049789198956033,2.967558538717724,0.2668210952623199,3.1358914808015306,Real Estate Services,Real Estate,MMI
2016Q3,2016,Q3,2016-11-07,2016-09-30,15144000.0,180634000.0,24905000.0,0.39,66782000.0,0.36970891415791046,359996000.0,241913000.0,185644000.0,64828000.0,118083000.0,0.0,155425000.0,1018254850.0,905973850.0,6.212614602326716,2.863639168260628,0.026866965188502095,0.039981315596929475,0.05938602154119149,6.212614602326716,0.06260101772124689,5.637116212894583,16.809542558108824,4.2091778862648965,0.0,0.0,0.0,0.5017666862965144,2.731042142284198,0.04206713407926755,38.48134424247005,0.36970891415791046,-0.13333333333333333,1.3041459691622388,0.9295670166642412,0.0,-0.04951537837491638,-0.13581374115498746,-0.13620283018867924,0.9085429476238671,0.47930626747587207,59.205188387177536,Real Estate Services,Real Estate,MMI
2016Q2,2016,Q2,2016-08-08,2016-06-30,17524000.0,183387000.0,28832000.0,0.45,70261000.0,0.3831296656796829,329803000.0,225034000.0,189173000.0,53167000.0,104769000.0,0.0,140281000.0,988906380.0,906141380.0,5.782260136697672,3.558090544886866,0.02932659799941177,0.04298017188513736,0.07406253153178925,5.782260136697672,0.07787267701769511,5.392456280979568,14.107886041999542,4.394475412604318,0.0,0.0,0.0,0.5560501268939336,3.4040288148663644,0.053134750138719176,33.67865613186663,0.3831296656796829,0.1842105263157895,1.1334268316944507,0.6953457593824434,25.882790738955798,0.031444971300224604,0.18285521430982113,0.15986805052699332,1.1334268316944507,0.6953457593824434,25.882790738955798,Real Estate Services,Real Estate,MMI
2016Q1,2016,Q1,2016-05-09,2016-03-31,14815000.0,164272000.0,24858000.0,0.38,68119000.0,0.41467200740235705,297582000.0,204940000.0,167542000.0,39867000.0,92642000.0,0.0,122757000.0,987442490.0,921118490.0,5.269599650304698,4.202523390272656,0.03565403821467696,0.051771250121986925,0.06917921196551474,5.269599650304698,0.0722894505708988,6.011021293951495,16.66288373270334,4.818202839855568,0.0,0.0,0.0,0.5520226357777016,4.015752376652369,0.04978459718665779,-46.23940482322641,0.41467200740235705,-0.2549019607843137,7.824944115043174,1.3105536422601327,0.0,-0.07310999836716922,-0.2573562584590706,-0.2673740053050398,7.824944115043174,1.3105536422601327,0.0,Real Estate Services,Real Estate,MMI
2015Q4,2015,Q4,2016-03-15,2015-12-31,19949000.0,203156000.0,33930000.0,0.51,73492000.0,0.36175156037724704,321225000.0,188990000.0,196114000.0,75011000.0,132235000.0,0.0,107942000.0,1130282320.0,1044707320.0,4.8723832113024645,2.614469877751263,0.033029807767141414,0.05614053653632467,0.09981838843259179,4.8723832113024645,0.1055558495158474,5.563617712496801,14.164648854579177,5.98064617175512,0.0,0.0,0.0,0.6324414351311386,2.482369252509632,0.06210288738423224,37.06451287096245,0.36175156037724704,0.30769230769230765,0.4968768863993484,0.3461933123661156,7.547876411879582,0.15072182381862023,0.3145097522403795,0.2375082062878401,0.4968768863993484,0.3461933123661156,7.547876411879582,Real Estate Services,Real Estate,MMI
2015Q3,2015,Q3,2015-11-09,2015-09-30,15176000.0,165876000.0,27418000.0,0.39,63866000.0,0.3850225469627915,284229000.0,170352000.0,185572000.0,62218000.0,113877000.0,0.0,87993000.0,1788551100.0,1731529100.0,4.380354847004371,2.9826095342183936,0.037329055092900444,0.06228280266741805,0.08652642728188736,4.380354847004371,0.08908612754766601,10.78245858352022,29.463480166051664,10.499149408284024,0.0,0.0,0.0,0.5835998437879316,2.62099392458774,0.05339356645521745,117.9549627382444,0.3850225469627915,-0.13333333333333333,1.311924015810321,0.7741517859079842,0.0,-0.05975708502024291,-0.13556618819776714,-0.07148904466795354,1.311924015810321,0.7741517859079842,0.0,Real Estate Services,Real Estate,MMI
2015Q2,2015,Q2,2015-08-10,2015-06-30,17556000.0,173482000.0,29529000.0,0.45,67925000.0,0.39153917985727626,260632000.0,152733000.0,162002000.0,58344000.0,107899000.0,0.0,72817000.0,1793461800.0,1719873800.0,3.9293285310007717,2.7766694090223503,0.040708738758095706,0.06946763305899838,0.10756677927457109,3.9293285310007717,0.11494568953664237,10.338028152776657,25.539157552973343,11.742464300445876,0.0,0.0,0.0,0.6656204917278001,2.432983682983683,0.06735934190736365,46.44709812757362,0.39153917985727626,0.2857142857142858,1.139961960995578,0.6057581379525735,17.26817094808706,0.12490270440355729,0.2843660838393445,0.2420711701859174,1.139961960995578,0.6057581379525735,17.26817094808706,Real Estate Services,Real Estate,MMI
2015Q1,2015,Q1,2015-05-11,2015-03-31,13669000.0,146541000.0,23774000.0,0.35,60383000.0,0.412055329225268,217329000.0,132460000.0,149089000.0,37879000.0,84869000.0,0.0,55261000.0,1462806919.9999998,1350250919.9999998,3.393886597145712,3.9359275588056706,0.05293357076138021,0.08684886003321758,0.09681241422705804,3.393886597145712,0.10319341688056771,9.982236507189112,26.75409539834662,11.043386078816246,0.0,0.0,0.0,0.6742818491779744,3.4477150927954803,0.0628954258290426,-77.20519976777325,0.412055329225268,-0.16666666666666669,7.113509291703852,1.0538718762006374,0.0,-0.03553858931765908,-0.16804625684723068,-0.12263350186367494,7.113509291703852,1.0538718762006374,0.0,Real Estate Services,Real Estate,MMI
2014Q4,2014,Q4,2015-03-09,2014-12-31,16430000.0,172444000.0,27097000.0,0.42,62608000.0,0.3630627913989469,233604000.0,116809000.0,178473000.0,67204000.0,116795000.0,0.0,41592000.0,1292261250.0,1154606250.0,3.0055062395471506,2.655690137491816,0.049245732093628536,0.09848556190019604,0.12987720599041253,3.0055062395471506,0.1406569699252626,7.493802335830763,19.663135270846013,11.063028105711032,0.025076080340839926,0.0,0.00031882098143854424,0.7381894145648191,2.3224064043806916,0.07033269978253796,36.10374235185651,0.3630627913989469,0.20000000000000004,0.23038557378626676,0.14041935247800388,4.272716610464321,0.06803138860457182,0.21496709310064335,0.14232115003583323,0.23038557378626676,0.14041935247800388,4.272716610464321,Real Estate Services,Real Estate,MMI
2014Q3,2014,Q3,2014-11-10,2014-09-30,13523000.0,150889000.0,23721000.0,0.35,58620000.0,0.3884975047882881,200221000.0,99782000.0,154791000.0,54778000.0,100439000.0,0.0,25162000.0,1175510220.0,1053004220.0,2.568589595078127,2.825787724999087,0.0574565105558358,0.11529133511054097,0.12523786634394293,2.568589595078127,0.13552544547112705,7.79056273154438,21.73168342823338,11.780784309795354,0.0,0.0,0.0,0.7536122584544078,2.5542371024863995,0.06754036789347771,41.178064945528426,0.3884975047882881,0.06060606060606049,1.062385013015793,0.615642454023262,0.0,0.07236938387238402,0.05681462957174117,0.09182546257939796,1.062385013015793,0.615642454023262,0.0,Real Estate Services,Real Estate,MMI
2014Q2,2014,Q2,2014-08-14,2014-06-30,12796000.0,134265000.0,21726000.0,0.33,54664000.0,0.40713514318698096,172116000.0,84780000.0,123774000.0,40908000.0,87336000.0,0.0,11639000.0,990986970.0000001,897877970.0000001,2.1824079079465597,3.0256673511293632,0.06683864370540799,0.13569238027836755,0.13333424139380015,2.1824079079465597,0.15093182354328852,7.380828734219641,19.36126465301657,11.688923920736023,0.0,0.0,0.0,0.7800843617095448,2.705167693360712,0.07434520904506263,44.67527589937788,0.40713514318698096,0.9411764705882353,0.5606724639455364,0.24349940732559508,9.146415711050397,0.18335714594969044,0.8867590681214981,0.8011938318686785,0.5606724639455364,0.24349940732559508,9.146415711050397,Real Estate Services,Real Estate,MMI
2014Q1,2014,Q1,2014-05-15,2014-03-31,6782000.0,114590000.0,12062000.0,0.17,46194000.0,0.40312418186578236,146162000.0,70038000.0,98821000.0,31618000.0,76124000.0,0.0,-1157000.0,693030480.0,622087480.0,1.80291914433547,3.1254665064203935,0.08452949467029734,0.17640423769953453,0.0856132800503114,1.80291914433547,0.09683314771980925,6.047914128632516,25.546685343556472,9.89506382249636,0.0,0.0,0.0,0.7839931035426445,2.746157252198115,0.046400569231400776,-39.262958472607785,0.40312418186578236,1.7570617255621845,3.0444523037420557,0.6135813108254102,0.0,-0.15795038188811317,1.7781092244148693,2.4772810777709737,3.0444523037420557,0.6135813108254102,0.0,Real Estate Services,Real Estate,MMI
2013Q4,2013,Q4,2014-03-21,2013-12-31,-8716000.0,149101000.0,-8165000.0,-0.2245523637768904,54859000.0,0.3679318046156632,167309000.0,62497000.0,119163000.0,56760000.0,104812000.0,0.0,-7939000.0,577926300.0,489329300.0,1.6112872869775956,2.099418604651163,0.07384539982905881,0.1976894890954766,-0.11875568688203562,1.6112872869775956,-0.13946269420932206,3.876072595086552,-16.57659189995411,9.247264668704098,-0.7457549334557136,0.0,0.011247108844155388,0.8911714253267905,1.855109231853418,-0.05209522500283906,17.121712982165075,0.3679318046156632,-2.1019568731199474,-1.6540235255775828,-0.011971371925471054,1.8267654648279341,0.2401718096529897,-2.1980756013745704,-1.6467326732673266,-1.6540235255775828,-0.011971371925471054,1.8267654648279341,Real Estate Services,Real Estate,MMI
2013Q3,2013,Q3,2013-09-30,2013-09-30,7275000.0,111953000.0,12625000.0,0.203776,44235000.0,0.3951211669182603,60788000.0,3684000.0,39912000.0,42667000.0,57104000.0,0.0,777000.0,479106037.74,450427037.74,0.10319068453658181,0.9354301919516254,0.0,0.0,1.9368622371513655,0.10319068453658181,1.974755700325733,4.2795283533268424,16.46412500824742,130.0504988436482,0.888384879725086,0.0,0.013489706851716455,1.8416957294202803,0.7767829938828603,0.11967822596565111,29.013870147156787,0.3951211669182603,-0.034511513313749576,0.20728012541237117,0.3043729071442693,0.0,0.0049982960354424625,-0.09164689724060432,-0.10897028724680641,0.20728012541237117,0.3043729071442693,0.0,Real Estate Services,Real Estate,MMI
2013Q2,2013,Q2,2013-06-30,2013-06-30,8009000.0,105471000.0,14169000.0,0.21106,44015000.0,0.41731850461264236,48020000.0,8162000.0,29197000.0,26717000.0,39858000.0,0.0,6465000.0,509243895.38,489881895.38,0.21509151311134564,1.0928247932028297,0.0,0.0,0.98077005847447,0.21509151311134564,0.9812545944621416,4.828283560220345,15.8959887432888,62.39204795148248,0.0,0.0,0.0,2.1963973344439816,0.9146985065688513,0.16678467305289463,66.66368574158922,0.41731850461264236,3.8894963628781904,0.0,0.0,0.0,0.5636434686845003,3.8894993894993894,4.332706059465563,0.0,0.0,0.0,Real Estate Services,Real Estate,MMI
2013Q1,2013,Q1,2013-03-31,2013-03-31,1638000.0,69370000.0,2657000.0,0.043166,28149000.0,0.40578059679976936,,,,,,,,509243895.38,,,0.0,0.0,0.0,0.0,,0.0,7.34098162577483,77.72342725579975,0.0,0.0,0.0,0.0,0.0,0.0,0.0,14.87147432701574,0.40578059679976936,-0.8743668799605768,0.0,0.0,0.0,-0.4999555895049118,-0.8743672342383801,-0.884312274132451,0.0,0.0,0.0,Real Estate Services,Real Estate,MMI
2012Q4,2012,Q4,2012-12-31,2012-12-31,13038000.0,147638000.0,22967000.0,0.34358774172331835,56293000.0,0.3812907246101952,89733000.0,21630000.0,12581000.0,54453000.0,68103000.0,0.0,-3182000.0,509243895.38,506136895.38,0.5700109567015935,0.23104328503480065,0.0,0.0,0.5999267090424717,0.5700109567015935,0.6027739251040222,3.4492738683807693,9.764609130618194,23.543407091077206,1.1583064887252645,0.0,0.02965573104952161,1.645303288645203,0.1777312544763374,0.1452977165591254,38.61418678950561,0.3812907246101952,1.0355929955762686,0.0,0.0,0.0,0.5200356429227196,1.0355971896955503,1.033377600708278,0.0,0.0,0.0,Real Estate Services,Real Estate,MMI
2012Q3,2012,Q3,2012-09-30,2012-09-30,6405000.0,91228000.0,11295000.0,0.16879,37034000.0,0.4059499276537905,,,,,,,,509243895.38,,,0.0,0.0,0.0,0.0,,0.0,5.582100839435261,19.876810904761903,0.0,1.1798594847775177,0.0,0.014839647698399867,0.0,0.0,0.0,58.26589191990847,0.4059499276537905,0.0,0.0,0.0,0.0,0.0,0.0,0.0,0.0,0.0,0.0,Real Estate Services,Real Estate,MMI
