Quarters,Year,Quarter,FillingDate,Date,NetIncome,Revenue,OperatingIncome,EPSDiluted,GrossProfit,GrossProfitRatio,TotalAssets,CommonStockEquity,CurrentAssets,CurrentLiability,TotalLiability,Inventory,RetainedEarnings,MarketCap,EnterpriseValue,bookValuePerShare,currentRatio,debtToAssets,debtToEquity,roic,shareholdersEquityPerShare,roe,priceToSalesRatio,peRatio,pbRatio,payoutRatio,inventoryTurnover,dividendYield,assetTurnover,quickRatio,returnOnAssets,priceToFreeCashFlowsRatio,grossProfitMargin,epsdilutedGrowth,fiveYNetIncomeGrowthPerShare,fiveYRevenueGrowthPerShare,fiveYShareholdersEquityGrowthPerShare,grossProfitGrowth,netIncomeGrowth,operatingIncomeGrowth,threeYNetIncomeGrowthPerShare,threeYRevenueGrowthPerShare,threeYShareholdersEquityGrowthPerShare,Industry,Sector,Symbol
2023Q1,2023,Q1,2023-05-05,2023-03-31,47300000.0,1036000000.0,145700000.0,0.3,649900000.0,0.6273166023,7092300000.0,-357900000.0,1730100000.0,2599300000.0,7447800000.0,477900000.0,-2489300000.0,11978517280.0,15023917280.0,-2.322156185928214,0.6656022775362598,0.5552218603273973,-11.002514668901927,0.039321322328053125,-2.322156185928214,-0.1321598211791003,11.562275366795367,63.3114021141649,-33.46889432802458,0.0,0.807909604519774,0.0,0.14607391114307067,0.3697533951448467,0.006669204630373786,48.398049616161614,0.6273166023166024,-0.5,11.819035322208093,0.4632785034825969,-1.5837832041300945,-0.01589945487583283,-0.4946581196581197,0.08005930318754632,0.23840660433923008,0.46924419901697956,-1.8362709045446033,Software—Infrastructure,Technology,GDDY
2022Q4,2022,Q4,2023-02-16,2022-12-31,93600000.0,1039900000.0,134900000.0,0.6,660400000.0,0.6350610636,6973500000.0,-331800000.0,1582600000.0,2459800000.0,7302800000.0,476700000.0,-2422600000.0,11578020899.999998,14751620899.999998,-2.144172671168697,0.6433856411090333,0.5660858966085897,-11.897528631705846,0.035352459716919825,-2.144172671168697,-0.2820976491862568,11.133782959899989,30.92420112179487,-34.89457775768535,0.0,0.7960981749528006,0.0,0.1491216749121675,0.3390926091552159,0.013422241342224134,60.649664222105805,0.6350610635638042,-0.04761904761904766,-0.16136560482315127,0.4327111318082259,-1.5658500326947722,0.002276521475185916,-0.06212424849699399,0.040092521202775636,0.7183195280745795,0.47998655184098693,-1.4773561619090205,Software—Infrastructure,Technology,GDDY
2022Q3,2022,Q3,2022-11-04,2022-09-30,99800000.0,1033200000.0,129700000.0,0.63,658900000.0,0.6377274487,7072900000.0,-278400000.0,1769800000.0,2475500000.0,7348900000.0,435700000.0,-2312100000.0,11085135840.0,14246135840.0,-1.7801308242696285,0.714926277519693,0.5637291634266001,-14.32183908045977,0.034851572071922465,-1.7801308242696285,-0.3584770114942529,10.72893519163763,27.76837635270541,-39.817298275862065,0.0,0.8590773467982556,0.0,0.1460786947362468,0.3596041203797213,0.014110195252301037,43.116047607934654,0.6377274487030584,0.1249999999999999,2.271472462687862,0.30308559071526486,-1.5172649375906555,0.005954198473282443,0.10398230088495575,0.040930979133226325,0.464027974616004,0.518654510823647,-1.4659417138775512,Software—Infrastructure,Technology,GDDY
2022Q2,2022,Q2,2022-08-04,2022-06-30,90400000.0,1015500000.0,124600000.0,0.56,655000000.0,0.6450024618,6904100000.0,-447200000.0,1551700000.0,2457600000.0,7349400000.0,435700000.0,-2302300000.0,11117218320.0,14345218320.0,-2.7981129006019194,0.6313883463541666,0.5791341376863024,-8.940966010733453,0.03465117054446155,-2.7981129006019194,-0.20214669051878353,10.947531580502215,30.744519690265488,-24.85961162790698,0.0,0.8274041771861372,0.0,0.14708651381063426,0.3380940755208333,0.013093668979302154,47.713383347639486,0.6450024618414574,0.3658536585365856,1.7683201407719935,0.15961182326273785,-1.7390967651304499,0.03557312252964427,0.3177842565597668,0.13686131386861314,8.901167429717942,0.5170083827930302,-1.5210956060694552,Software—Infrastructure,Technology,GDDY
2022Q1,2022,Q1,2022-05-05,2022-03-31,68600000.0,1002700000.0,109600000.0,0.41,632500000.0,0.6307968485,6901300000.0,-470500000.0,1443700000.0,2474000000.0,7370000000.0,433300000.0,-2156400000.0,13753835100.0,17024535100.0,-2.8632632072199264,0.5835489086499596,0.5815426079144509,-8.530074388947927,0.02728197760809234,-2.8632632072199264,-0.14580233793836345,13.71679974070011,50.123305758017494,-29.23238065887354,0.0,0.8543734133394877,0.0,0.14529146682509092,0.32433306386418753,0.00994015620245461,57.64390234702431,0.6307968485090256,-0.21153846153846162,61.34225681533727,0.11647901717786434,-1.4285806604859763,-0.021049373162049217,-0.2151029748283753,-0.1125506072874494,4.533943240074485,0.469646758921132,-1.5378085146065625,Software—Infrastructure,Technology,GDDY
2021Q4,2021,Q4,2022-02-17,2021-12-31,87400000.0,1019300000.0,123500000.0,0.52,646100000.0,0.6338663789,7417100000.0,81700000.0,1889800000.0,2436700000.0,7333900000.0,0.0,-1474600000.0,14127577660.0,16933777660.0,0.49074669181468156,0.7755571059219436,0.5476399131736124,49.71725826193391,0.027286759858109556,0.49074669181468156,1.069767441860465,13.860078151672717,40.41069124713959,172.92016719706243,0.0,0.0,0.0,0.13742567849968315,0.5414289818196741,0.01178358118402071,91.44063210355986,0.6338663788874718,-0.10344827586206887,25.25264144256702,0.1060030880575071,-0.9234225775513922,0.04513102555807182,-0.10358974358974359,-0.0594059405940594,1.0721830754754913,0.4761252851428145,-0.8961470546335457,Software—Infrastructure,Technology,GDDY
2021Q3,2021,Q3,2021-11-04,2021-09-30,97500000.0,964000000.0,131300000.0,0.58,618200000.0,0.641286307053942,7298000000.0,-102800000.0,1769500000.0,2485000000.0,7399100000.0,0.0,-1561800000.0,11677677400.0,14609277400.0,-0.6135774910171777,0.7120724346076459,0.5583721567552754,-39.64007782101167,0.03159939623227499,-0.6135774910171777,-0.9484435797665369,12.113773236514524,29.942762564102566,-113.59608365758756,0.0,0.0,0.0,0.13209098383118661,0.48579476861167004,0.01335982460948205,535.6732752293578,0.641286307053942,1.148148148148148,9.151642946246314,0.02050700342432764,-1.1019176434345195,0.03153679292507926,1.0833333333333333,0.49204545454545456,6.157862587508586,0.37480228453846925,-1.1431936579905964,Software—Infrastructure,Technology,GDDY
2021Q2,2021,Q2,2021-08-05,2021-06-30,46800000.0,931300000.0,88000000.0,0.27,599300000.0,0.6435090733383443,7362100000.0,-33300000.0,1990800000.0,2456500000.0,7393500000.0,0.0,-1409200000.0,14627019839.999998,17340519840.0,-0.1979738888492545,0.8104213311622227,0.5553714293476046,-122.78378378378379,0.017815522235625304,-0.1979738888492545,-1.4054054054054055,15.706023665843443,78.13578974358974,-439.249845045045,0.0,0.0,0.0,0.12649923255592835,0.5820476287400773,0.006356881867945288,78.01077247999999,0.6435090733383443,3.5000000000000004,3.496974380226899,-0.030623333093650118,-1.0358399148915858,0.03345404380065529,3.3333333333333335,1.3157894736842106,1.3454167926318357,0.29646644051402454,-1.0478249873954286,Software—Infrastructure,Technology,GDDY
2021Q1,2021,Q1,2021-05-06,2021-03-31,10800000.0,901100000.0,38000000.0,0.06,579900000.0,0.6435467761624681,7259300000.0,-72800000.0,1891700000.0,2395000000.0,7330300000.0,0.0,-1375200000.0,13151544700.0,15960444700.0,-0.42966329270811815,0.7898538622129436,0.5650682572699847,-56.34615384615385,0.00969708425877794,-0.42966329270811815,-0.14835164835164835,14.594989124403506,304.4339050925926,-180.65308653846157,0.0,0.0,0.0,0.12413042579863072,0.5600835073068894,0.0014877467524416954,61.94792604804522,0.6435467761624681,-0.8536585365853658,1.411792807186911,-0.16818285492631907,-1.066725686349731,0.01381118881118881,-0.8468085106382979,-0.5891891891891892,1.6624723345235632,0.15773022509260787,-1.1080160823092828,Software—Infrastructure,Technology,GDDY
2020Q4,2020,Q4,2021-02-19,2020-12-31,70500000.0,873900000.0,92500000.0,0.41,572000000.0,0.6545371323950109,6432900000.0,-12900000.0,1291300000.0,2314200000.0,6444700000.0,0.0,-1190900000.0,13964217750.0,16521617750.0,-0.07662835249042145,0.5579898020914354,0.5165011114738298,-257.5658914728682,0.028465168048807266,-0.07662835249042145,-5.465116279069767,15.979194129763131,49.51850265957447,-1082.4975000000002,0.0,0.0,0.0,0.1358485286573707,0.348716619134042,0.010959287413141817,113.07058906882591,0.6545371323950109,0.07894736842105256,276.4185155484273,-0.19162926928090818,-1.0119214856326337,0.032118368819920605,0.08964451313755796,0.0010822510822510823,-0.41936616201417604,0.10673896328271887,-1.0202223246033715,Software—Infrastructure,Technology,GDDY
2020Q3,2020,Q3,2020-11-05,2020-09-30,64700000.0,844400000.0,92400000.0,0.38,554200000.0,0.6563240170535292,6207800000.0,-164200000.0,1135900000.0,2237700000.0,6371600000.0,0.0,-1261400000.0,12706590260.0,15418390260.0,-0.9817168685503832,0.5076194306654154,0.5370018363993685,-20.302070645554203,0.025510453779573873,-0.9817168685503832,-0.3940316686967113,15.048069943154903,49.09810765069551,-77.3848371498173,0.0,0.0,0.0,0.1360224234028158,0.29516914689189794,0.010422371854763362,67.26622689253573,0.6563240170535292,1.0935960591133005,11.057361202453697,-0.20178382579027992,-1.1754002604148057,0.07195357833655706,1.0961081402257873,3.034934497816594,0.983112808612187,-0.004211329587029059,-1.2852642669960825,Software—Infrastructure,Technology,GDDY
2020Q2,2020,Q2,2020-08-06,2020-06-30,-673200000.0,806400000.0,22900000.0,-4.06,517000000.0,0.6411210317460317,6092100000.0,-261300000.0,1304500000.0,2972300000.0,6346600000.0,0.0,-1326100000.0,12161413850.0,13997813850.0,-1.5755675480116977,0.4388857114019446,0.4282759639533166,-9.985074626865671,0.0089196576774397,-1.5755675480116977,2.5763490241102183,15.081118365575398,-4.516270740493167,-46.54195885954841,0.0,0.0,0.0,0.13236814891416754,0.27120411802307975,-0.11050376717388093,80.59253711066931,0.6411210317460317,-17.916666666666668,-7.804267184872429,-0.2033475757920005,-1.2875933591237958,0.004078461837249951,-16.692307692307693,-0.6444099378881988,-20.86671985194702,-0.11260412723215954,-1.4161722272641173,Software—Infrastructure,Technology,GDDY
2020Q1,2020,Q1,2020-05-07,2020-03-31,42900000.0,792000000.0,64400000.0,0.24,514900000.0,0.6501262626262626,6162200000.0,480700000.0,1365600000.0,2124000000.0,5673100000.0,0.0,-509200000.0,9886483430.0,11467483430.0,2.776798969459255,0.6429378531073446,0.3947291551718542,5.060120657374662,0.021168162902818862,2.776798969459255,0.08924485125858124,12.482933623737374,57.6135398018648,20.566847160391095,0.0,0.0,0.0,0.12852552659764369,0.4157250470809793,0.006961799357372367,44.97945145586897,0.6501262626262626,-0.2941176470588236,1.3530273977565757,-0.24832204766399707,-0.5435306335350211,0.010400313971742544,-0.2909090909090909,-0.12380952380952381,36.00704164331968,-0.1629075891616478,-0.5843615307992829,Software—Infrastructure,Technology,GDDY
2019Q4,2019,Q4,2020-02-21,2019-12-31,60500000.0,780400000.0,73500000.0,0.34,509600000.0,0.6529984623270118,6301200000.0,772000000.0,1575300000.0,2001100000.0,5519100000.0,0.0,-153500000.0,11673410400.0,13045310400.0,4.491767033222785,0.7872170306331517,0.3863867199898432,3.1537564766839377,0.023111881246971645,4.491767033222785,0.0783678756476684,14.95823987698616,48.23723305785124,15.12099792746114,0.0,0.0,0.0,0.12384942550625277,0.5579931037929139,0.009601345775407858,82.79014468085106,0.6529984623270118,-0.19047619047619038,2.6904564681151975,0.5707233604907216,0.40717757494768103,0.028456104944500505,-0.20603674540682415,-0.19584245076586435,17.26176149047781,-0.17976900775009386,-0.29909269409049477,Software—Infrastructure,Technology,GDDY
2019Q3,2019,Q3,2019-11-07,2019-09-30,76200000.0,760500000.0,91400000.0,0.42,495500000.0,0.6515450361604208,6167600000.0,667900000.0,1484600000.0,1969300000.0,5487700000.0,0.0,-155000000.0,11534623600.0,13006823600.0,3.82050108683217,0.7538719341898137,0.3954374473052727,3.6515945500823475,0.028468929939134375,3.82050108683217,0.11408893546938165,15.167157922419461,37.843253280839896,17.269985926036835,0.0,0.0,0.0,0.1233056618457747,0.5175443050830244,0.012354886827939554,65.91213485714286,0.6515450361604208,6.999999999999999,3.030412523688962,0.5670796274174366,0.38614550645465334,0.02673021135515955,7.0476190476190474,3.835978835978836,6.603600131563894,-0.22843813618103184,-0.36539968755461594,Software—Infrastructure,Technology,GDDY
2019Q2,2019,Q2,2019-08-02,2019-06-30,-12600000.0,737200000.0,18900000.0,-0.07,482600000.0,0.654639175257732,6448900000.0,945100000.0,1720400000.0,2020100000.0,5492200000.0,0.0,168400000.0,12461295600.0,13706795600.0,5.369672797104661,0.8516410078708975,0.3790258803827009,2.586287165379325,0.004992839291230238,5.369672797104661,-0.013331922547878532,16.90354801953337,-247.24792857142856,13.185160935350755,0.0,0.0,0.0,0.11431406906604227,0.617395178456512,-0.0019538215819752207,86.05867127071824,0.654639175257732,-2.0,0.7552164269578736,0.5908389772231011,0.8339347316300558,0.01900337837837838,-1.9767441860465116,0.005319148936170213,0.3575413848134104,-0.2666780841512652,-0.02790909870729046,Software—Infrastructure,Technology,GDDY
2019Q1,2019,Q1,2019-05-03,2019-03-31,12900000.0,710000000.0,18800000.0,0.07,473600000.0,0.6670422535211268,6350600000.0,910400000.0,1611800000.0,1970500000.0,5427200000.0,0.0,181000000.0,12924255580.0,14278255580.0,5.323945474003076,0.8179649835067242,0.3848927660378547,2.6848637961335675,0.007599211416455527,5.323945474003076,0.014169595782073814,18.203176873239435,250.47006937984497,14.196238554481546,0.0,0.0,0.0,0.1118004597990741,0.5807663029687896,0.0020313041287437408,75.89110733998825,0.6670422535211268,-0.7083333333333333,1.188903206213581,0.6671551531774741,-0.08664996343023014,0.017619252256123763,-0.6964705882352941,-0.5502392344497608,1.4873592217923537,-0.3505918965773152,-0.17320394394797467,Software—Infrastructure,Technology,GDDY
2018Q4,2018,Q4,2019-02-22,2018-12-31,42500000.0,695800000.0,41800000.0,0.24,465400000.0,0.6688703650474275,6083400000.0,792700000.0,1427300000.0,1886200000.0,5258900000.0,0.0,164800000.0,11007951860.0,12486351860.0,4.7253998438179945,0.7567066058742445,0.39629154748989054,3.041251419200202,0.015382057987896876,4.7253998438179945,0.053614229847357135,15.82056892785283,64.752658,13.886655556957235,0.0,0.0,0.0,0.11437682874708223,0.5183437599406213,0.006986224808495249,126.81972188940092,0.6688703650474275,1.9999999999999996,1.497658995068366,0.7431027652153515,-0.2522766182689527,0.02828104286345559,2.2196969696969697,0.11466666666666667,166.82829517206847,-0.35410311247144427,-0.2648440881778318,Software—Infrastructure,Technology,GDDY
2018Q3,2018,Q3,2018-11-07,2018-09-30,13200000.0,679500000.0,37500000.0,0.08,452600000.0,0.6660779985283296,6037300000.0,695700000.0,1345200000.0,1900900000.0,5307500000.0,0.0,122300000.0,13487162129.999998,15055462129.999998,4.284948786331524,0.7076647903624599,0.40075861726268364,3.4777921517895645,0.012840369977502942,4.284948786331524,0.018973695558430356,19.848656556291388,255.43867670454543,19.38646274256145,0.0,0.0,0.0,0.11255031222566379,0.46015045504760904,0.002186407831315323,100.20179888558691,0.6660779985283296,-0.2727272727272727,1.220855857115877,0.8805517104224913,0.0,0.051824308621891704,-0.27071823204419887,-0.13793103448275862,3.113801637112818,-0.3382830006992696,-0.2344216982881728,Software—Infrastructure,Technology,GDDY
2018Q2,2018,Q2,2018-08-03,2018-06-30,18100000.0,651600000.0,43500000.0,0.11,430300000.0,0.6603744628606507,5927900000.0,631600000.0,1350800000.0,1854100000.0,5253600000.0,0.0,109100000.0,10771936200.0,12386336200.0,4.139549211217942,0.7285475432824551,0.40893064997722633,3.8380303989867004,0.015110556237683013,4.139549211217942,0.028657378087397087,16.531516574585634,148.7836491712707,17.054997150094994,0.0,0.0,0.0,0.10992088260598189,0.45957607464538053,0.003053357850166163,98.7345206232814,0.6603744628606507,4.5,1.4315834253701918,0.9892259203735253,0.0,0.029672170375687965,4.484848484848484,0.6231343283582089,1.2573007146617092,-0.3002985888743178,-0.24439490746379067,Software—Infrastructure,Technology,GDDY
2018Q1,2018,Q1,2018-05-09,2018-03-31,3300000.0,633200000.0,26800000.0,0.02,417900000.0,0.6599810486418193,5931000000.0,548300000.0,1221300000.0,1912500000.0,5334700000.0,0.0,91000000.0,8466194220.0,10183794220.0,3.9777714903403196,0.6385882352941177,0.4094250547968302,4.428779865037388,0.00967988276815752,3.9777714903403196,0.006018602954586905,13.370489924194567,641.37835,15.440806529272297,0.0,0.0,0.0,0.1067610858202664,0.39398692810457514,0.000556398583712696,63.992397732426305,0.6599810486418193,-0.9629629629629629,1.0594593869129374,1.2475683854081112,0.0,0.04422788605697151,-0.9643628509719222,0.16521739130434782,1.0341048643603494,-0.2452575033596338,-0.3461064873228145,Software—Infrastructure,Technology,GDDY
2017Q4,2017,Q4,2018-02-27,2017-12-31,92600000.0,602200000.0,23000000.0,0.54,400200000.0,0.6645632680172701,5738300000.0,486500000.0,1059500000.0,1810700000.0,5191800000.0,0.0,87700000.0,6455348640.0,8304948640.0,3.789294949683771,0.5851328215607223,0.4238711813603332,4.999588900308325,0.008992179122903588,3.789294949683771,0.19033915724563208,10.719609166389903,17.42804708423326,13.268959177800618,0.0,0.0,0.0,0.10494397295366223,0.33876401391726957,0.01613718348639841,220.3190662116041,0.6645632680172701,2.176470588235294,2.4167713857099624,0.9711749917237559,-0.40040112417986135,0.047918303220738416,3.1339285714285716,-0.2834890965732087,4.463659941958118,0.6225527941943249,0.18710762125873467,Software—Infrastructure,Technology,GDDY
2017Q3,2017,Q3,2017-11-08,2017-09-30,22400000.0,582200000.0,32100000.0,0.17,381900000.0,0.6559601511508073,5695000000.0,395200000.0,1003600000.0,1750500000.0,5225800000.0,0.0,-4900000.0,4996514360.0,6896814360.0,3.4414295168762408,0.5733219080262782,0.42795434591747145,6.167004048582996,0.01958903509111209,3.4414295168762408,0.05668016194331984,8.58212703538303,55.76466919642857,12.643001923076923,0.0,0.0,0.0,0.10223002633889376,0.32596401028277633,0.0039332748024582965,46.392890993500465,0.6559601511508073,0.7000000000000001,1.5298846264835897,1.2780661511152687,0.0,0.05672385168788047,0.07692307692307693,4.262295081967213,1.9086369421092513,0.8263209738134139,0.24861162244919005,Software—Infrastructure,Technology,GDDY
2017Q2,2017,Q2,2017-08-09,2017-06-30,20800000.0,557800000.0,6100000.0,0.1,361400000.0,0.6479024740050198,6253900000.0,385400000.0,1605000000.0,2324100000.0,5758900000.0,0.0,-27300000.0,4318356000.0,6743556000.0,3.7858546168958744,0.6905899057699755,0.48034026767297205,7.7944992215879605,0.002237381226311879,3.7858546168958744,0.05396990140114167,7.7417640731444965,51.90331730769231,11.204867669953295,0.14423076923076922,0.0,0.000694708819745292,0.08919234397735813,0.26186480788262123,0.003325924623035226,44.703478260869566,0.6479024740050198,15.707000000000003,1.743345661674566,1.5522477955190448,0.0,0.1550015979546181,33.666666666666664,0.07017543859649122,1.6986460728169543,1.0811413058303563,0.29300434741033554,Software—Infrastructure,Technology,GDDY
2017Q1,2017,Q1,2017-05-08,2017-03-31,600000.0,489700000.0,5700000.0,0.005985515053570359,312900000.0,0.6389626301817439,3889900000.0,598600000.0,1046200000.0,1323000000.0,3150500000.0,0.0,-48100000.0,3395840000.0,3775040000.0,6.680803571428571,0.7907785336356765,0.26669066042828865,1.7330437687938522,0.0051432064268250085,6.680803571428571,0.0010023387905111927,6.9345313457218705,1414.9333333333334,5.672970263949215,11.666666666666666,0.0,0.0020613456464379947,0.1258901257101725,0.5132275132275133,0.00015424561042700325,31.79625468164794,0.6389626301817439,1.299275752678518,1.01663137449567,1.6740684372152612,0.0,-0.0028680688336520078,1.3157894736842106,-0.6815642458100558,1.016768395538688,1.1945142987811406,0.14612597294158708,Software—Infrastructure,Technology,GDDY
2016Q4,2016,Q4,2017-02-28,2016-12-31,-1900000.0,485900000.0,17900000.0,-0.02,313800000.0,0.645811895451739,3786900000.0,562500000.0,932800000.0,1262200000.0,3072700000.0,0.0,-48700000.0,3067701300.0000005,3548201300.0000005,6.408503657119421,0.7390270955474568,0.2763738149937944,1.8606222222222222,0.01772277227722772,6.408503657119421,-0.0033777777777777777,6.313441654661454,-403.6449078947369,5.4536912,-4.2105263157894735,0.0,0.002607815826136658,0.128310755499221,0.4600697195373158,-0.0005017296469407695,44.395098408104204,0.645811895451739,-1.4000000000000001,0.957479248213812,1.3264293690678672,0.014049220111177532,0.035985473753714095,-1.3958333333333333,-0.15566037735849056,0.957479248213812,1.3264293690678672,0.014049220111177532,Software—Infrastructure,Technology,GDDY
2016Q3,2016,Q3,2016-11-03,2016-09-30,4800000.0,472100000.0,21200000.0,0.05,302900000.0,0.6416013556449904,3741200000.0,504100000.0,940600000.0,1235200000.0,3038900000.0,0.0,-46800000.0,2891300490.0,3375900490.0,6.02032651403867,0.7614961139896373,0.27819950817919387,2.0646697083911922,0.015391532382923413,6.02032651403867,0.009521920253917874,6.124339101885194,150.5885671875,5.7355693116445154,0.0,0.0,0.0,0.12618945792793756,0.46680699481865284,0.0012830107986742223,34.626353173652696,0.6416013556449904,1.4545454545454546,1.1557241409348837,1.5334336550423073,0.0,0.029921795307718463,1.5393258426966292,1.1855670103092784,1.1557241409348837,1.5334336550423073,0.0,Software—Infrastructure,Technology,GDDY
2016Q2,2016,Q2,2016-08-04,2016-06-30,-8900000.0,456200000.0,9700000.0,-0.11,294100000.0,0.6446733888645331,3670700000.0,441200000.0,860700000.0,1233100000.0,3016800000.0,0.0,-51600000.0,2491207680.0,3060907680.0,5.523838141025641,0.6979969183359014,0.28381507614351487,2.3612873980054396,0.006313289747573954,5.523838141025641,-0.020172257479601087,5.460779658044717,-69.97774382022472,5.6464362647325474,-0.6404494382022472,0.0,0.0022880468961945398,0.12428147219876318,0.3966426080609845,-0.002424605661045577,32.02066426735219,0.6446733888645331,0.26666666666666666,0.5946121749183368,1.6604360682575094,0.0,0.052989616899391336,0.1523809523809524,6.461538461538462,0.5946121749183368,1.6604360682575094,0.0,Software—Infrastructure,Technology,GDDY
2016Q1,2016,Q1,2016-05-06,2016-03-31,-10500000.0,433700000.0,1300000.0,-0.15,279300000.0,0.6439935439243717,3596800000.0,436800000.0,811800000.0,1194800000.0,2922500000.0,0.0,-42700000.0,2193073220.0,2804273220.0,6.439248754311997,0.6794442584532976,0.2899521797153025,2.3875915750915753,0.0009513362895805283,6.439248754311997,-0.02403846153846154,5.056659488125432,-52.216029047619045,5.020772023809523,-0.4857142857142857,0.0,0.00232550375130658,0.12057940391459075,0.37345162370271173,-0.002919261565836299,23.50560793140407,0.6439935439243717,-100.33774834437087,0.6155615884481134,2.128184924006434,0.0,-0.0039229671897289585,-106.0,-0.8984375,0.6155615884481134,2.128184924006434,0.0,Software—Infrastructure,Technology,GDDY
2015Q4,2015,Q4,2016-03-03,2015-12-31,100000.0,425400000.0,12800000.0,0.00151,280400000.0,0.6591443347437705,3498800000.0,425800000.0,693900000.0,1113600000.0,2817800000.0,0.0,-32200000.0,2123782640.0000002,2831782640.0,6.427751947346175,0.623114224137931,0.3018177660912313,2.480037576326914,0.003060268155997169,6.427751947346175,0.00023485204321277596,4.992436859426423,5309.4566,4.987746923438235,8.0,0.0,0.00037668638255749186,0.12158454327197897,0.3208512931034483,2.8581227849548415e-05,54.73666597938145,0.6591443347437705,1.03775,1.0029652866017507,1.6987322572262544,0.017094972245722918,0.04979408461250468,1.04,0.24271844660194175,1.0029652866017507,1.6987322572262544,0.017094972245722918,Software—Infrastructure,Technology,GDDY
2015Q3,2015,Q3,2015-11-05,2015-09-30,-2500000.0,411100000.0,10300000.0,-0.04,267100000.0,0.649720262709803,3470100000.0,363800000.0,683700000.0,1113500000.0,2838900000.0,0.0,-32300000.0,1638624790.0,2358924790.0,5.597009184756689,0.6140098787606646,0.3020085876487709,2.880703683342496,0.008822647650862991,5.597009184756689,-0.006871907641561297,3.985951812211141,-163.862479,4.50419128642111,0.0,0.0,0.0,0.11846920838016195,0.30471486304445444,-0.00072044033313161,36.49498418708241,0.649720262709803,0.9130434782608696,0.895517226764221,1.8419274590342471,0.0,0.048273155416012556,0.9161073825503355,1.306547619047619,0.895517226764221,1.8419274590342471,0.0,Software—Infrastructure,Technology,GDDY
2015Q2,2015,Q2,2015-08-06,2015-06-30,-29800000.0,394500000.0,-33600000.0,-0.46,254800000.0,0.6458808618504436,3440000000.0,354100000.0,645000000.0,1095200000.0,2814800000.0,0.0,-29800000.0,1822060650.0,2581760650.0,5.478455944921482,0.5889335281227173,0.3049709302325581,2.962722394803728,-0.0240126245495528,5.478455944921482,-0.0841570177915843,4.618658174904943,-15.285743708053692,5.14561042078509,0.0,0.0,0.0,0.11468023255813954,0.2740138787436085,-0.008662790697674418,56.06340461538461,0.6458808618504436,0.3553197333826654,-0.6773502783994368,1.8429639968472429,0.0,0.06566290255123379,0.31336405529953915,-0.6390243902439025,-0.6773502783994368,1.8429639968472429,0.0,Software—Infrastructure,Technology,GDDY
2015Q1,2015,Q1,2015-03-31,2015-03-31,-43400000.0,376300000.0,-20500000.0,-0.713532,239100000.0,0.6353972893967579,3329400000.0,376100000.0,535200000.0,1046100000.0,2953300000.0,0.0,-719200000.0,1236518240.0,2457718240.0,6.083209900729002,0.5116145683969028,0.4259025650267315,3.7702738633342197,-0.011321991744121204,6.083209900729002,-0.11539484179739432,3.285990539463194,-7.122800921658986,3.2877379420366926,0.0,0.0,0.0,0.11302336757373702,0.19395851257049995,-0.01303538175046555,19.35083317683881,0.6353972893967579,-2.426590043478261,-0.7434283357556857,1.9779274327507153,0.0,0.005056810300255993,-0.621096668160765,-6.866462010744436,-0.7434283357556857,1.9779274327507153,0.0,Software—Infrastructure,Technology,GDDY
2014Q4,2014,Q4,2014-12-31,2014-12-31,-26772000.0,371661000.0,-2606000.0,-0.20823383916557126,237897000.0,0.6400913735904493,3264805000.0,410391000.0,460882000.0,972749000.0,2854414000.0,0.0,-675815000.0,2571340000.0,3851294000.0,3.192039948042655,0.4737933423730068,0.43461156179312393,3.4574881028092723,-0.0014341135612294428,3.192039948042655,-0.06523534872840779,6.918509071438757,-24.011467204542058,6.265585746276112,-0.0005602868668758404,0.0,5.83353426618028e-06,0.11383865192561271,0.14957404222466433,-0.008200183471907204,-2773.829557713053,0.6400913735904493,0.029999724393399985,0.5909611770637576,0.21486031072569117,-0.4949077361795037,0.056380994671403194,0.03,0.6051515151515151,0.5909611770637576,0.21486031072569117,-0.4949077361795037,Software—Infrastructure,Technology,GDDY
2014Q3,2014,Q3,2014-09-30,2014-09-30,-27600000.0,356900000.0,-6600000.0,-0.214674,225200000.0,0.6309890725693471,3287572000.0,354357000.0,468044000.0,986981000.0,2933215000.0,0.0,-649043000.0,2571340000.0,3846143000.0,2.756204935947794,0.47421784208611917,0.4318746479164563,4.006747432673829,-0.003589965577953241,2.756204935947794,-0.07788755407682084,7.2046511627906975,-23.2911231884058,7.256354467387409,-0.017536231884057972,0.0,0.00018822870565541702,0.10856036004686742,0.15522284623513521,-0.008395253396731691,93.27263493905978,0.6309890725693471,0.26595886546648206,0.4168356997971603,0.24735256495390134,0.0,0.065279091769158,0.26595744680851063,0.6432432432432432,0.4168356997971603,0.24735256495390134,0.0,Software—Infrastructure,Technology,GDDY
2014Q2,2014,Q2,2014-06-30,2014-06-30,-37600000.0,338500000.0,-18500000.0,-0.292455,211400000.0,0.624519940915805,3271818000.0,376438000.0,493770000.0,970141000.0,2895380000.0,0.0,-621402000.0,2571340000.0,3827496000.0,2.9279519627898294,0.5089672532137081,0.43423289437248647,3.7741434180396243,-0.010079510237119232,2.9279519627898294,-0.09988364617812229,7.596277695716396,-17.096675531914894,6.830713158607792,0.0,0.0,0.0,0.10345929999773826,0.17638054674526693,-0.011492081772274619,49.5031091773675,0.624519940915805,0.267668800144235,-0.06398030504541716,0.22636929475613918,0.0,0.0878066853285032,0.2676703737607853,0.4582881906825569,-0.06398030504541716,0.22636929475613918,0.0,Software—Infrastructure,Technology,GDDY
2014Q1,2014,Q1,2014-03-31,2014-03-31,-51343000.0,320194000.0,-34151000.0,-0.399348,194336000.0,0.6069320474462357,3246489000.0,749421000.0,457315000.0,906911000.0,2497068000.0,0.0,-583853000.0,2571340000.0,3523252000.0,5.829030777726788,0.5042556546342475,0.3343488919876211,1.448398163382131,-0.018178039673745473,5.829030777726788,-0.06851022322566355,8.030568967563415,-12.520402002220361,3.431102144188647,0.0,0.0,0.0,0.09862777911768683,0.1528683630477522,-0.01581493114561608,75.44347621981633,0.6069320474462357,0.21555095696016868,0.008171386624425268,0.21852404365761965,0.0,0.06270027888664079,0.2155505645444684,0.32514573658729373,0.008171386624425268,0.21852404365761965,0.0,Software—Infrastructure,Technology,GDDY
2013Q4,2013,Q4,2013-12-31,2013-12-31,-65451000.0,305929000.0,-50605000.0,-0.5090808683410206,182870000.0,0.5977530734255334,3213130000.0,812507000.0,405875000.0,858529000.0,2400623000.0,0.0,-532510000.0,2571340000.0,3561364000.0,6.319716568015121,0.4727563075912404,0.3378182644337453,1.3359318750484612,-0.025707213630770578,6.319716568015121,-0.08055438291608565,8.405022080286603,-9.82162228231807,3.164698888748035,0.0,0.0,0.0,0.09521214516686222,0.12102561474335753,-0.02036985742873771,293.86742857142855,0.5977530734255334,-0.3829234279918863,0.0,0.0,0.0,0.09929546984707127,-0.3829234279918864,-0.6274844021354602,0.0,0.0,0.0,Software—Infrastructure,Technology,GDDY
2013Q3,2013,Q3,2013-09-30,2013-09-30,-47328000.0,286126000.0,-31094000.0,-0.3681193463330404,166352000.0,0.5813942109420326,,,,,,,,2571340000.0,,,0.0,0.0,0.0,0.0,,0.0,8.986740107505085,-13.5825515551048,0.0,0.0,0.0,0.0,0.0,0.0,0.0,84.78156220119358,0.5813942109420326,-0.3392569116273806,0.0,0.0,0.0,0.04282848545636911,-0.33925691162738053,-0.7308099081547453,0.0,0.0,0.0,Software—Infrastructure,Technology,GDDY
2013Q2,2013,Q2,2013-06-30,2013-06-30,-35339000.0,276018000.0,-17965000.0,-0.27486835657672654,159520000.0,0.5779333231890674,,,,,,,,2571340000.0,,,0.0,0.0,0.0,0.0,,0.0,9.315841720467505,-18.19052604770933,0.0,0.0,0.0,0.0,0.0,0.0,0.0,84.22338683262365,0.5779333231890674,0.31733130857811104,0.0,0.0,0.0,0.07612911930380814,0.31733183943128696,0.44313567465360654,0.0,0.0,0.0,Software—Infrastructure,Technology,GDDY
2013Q1,2013,Q1,2013-03-31,2013-03-31,-51766000.0,262772000.0,-32261000.0,-0.402638,148235000.0,0.5641202258992587,,,,,,,,2571340000.0,,,0.0,0.0,0.0,0.0,,0.0,9.785441371226767,-12.41809295676699,0.0,0.0,0.0,0.0,0.0,0.0,0.0,81.33291159259845,0.5641202258992587,0.0,0.0,0.0,0.0,0.0,0.0,0.0,0.0,0.0,0.0,Software—Infrastructure,Technology,GDDY
