Quarters,Year,Quarter,FillingDate,Date,NetIncome,Revenue,OperatingIncome,EPSDiluted,GrossProfit,GrossProfitRatio,TotalAssets,CommonStockEquity,CurrentAssets,CurrentLiability,TotalLiability,Inventory,RetainedEarnings,MarketCap,EnterpriseValue,bookValuePerShare,currentRatio,debtToAssets,debtToEquity,roic,shareholdersEquityPerShare,roe,priceToSalesRatio,peRatio,pbRatio,payoutRatio,inventoryTurnover,dividendYield,assetTurnover,quickRatio,returnOnAssets,priceToFreeCashFlowsRatio,grossProfitMargin,epsdilutedGrowth,fiveYNetIncomeGrowthPerShare,fiveYRevenueGrowthPerShare,fiveYShareholdersEquityGrowthPerShare,grossProfitGrowth,netIncomeGrowth,operatingIncomeGrowth,threeYNetIncomeGrowthPerShare,threeYRevenueGrowthPerShare,threeYShareholdersEquityGrowthPerShare,Industry,Sector,Symbol
2023Q1,2023,Q1,2023-05-09,2023-03-31,15531000.0,77199000.0,22655000.0,0.33,30330000.0,0.3928807368,289817000.0,191499000.0,194819000.0,54721000.0,98318000.0,137007000.0,73511000.0,395456027.22,429380027.22,4.227489669970189,3.560223680122805,0.159569659474772,0.24149473365396165,0.06936313624392897,4.227489669970189,0.08110225118669027,5.122553753546031,6.365591836005409,2.0650553121426225,0.0,0.34209200989730454,0.0,0.26637153790150336,0.9335721203925367,0.05358898891369381,38.56602566998245,0.3928807367971088,2.0000000000000004,5.757283086932599,0.7032250666646214,0.4883747546305297,0.9775705809480342,2.0572834645669293,2.1885995777621394,6.066059768043524,0.9985911800231616,3.2551957933863287,Specialty Chemicals,Basic Materials,HDSN
2022Q4,2022,Q4,2023-03-14,2022-12-31,5080000.0,47444000.0,7105000.0,0.11,15337000.0,0.3232653233,272493000.0,174875000.0,176833000.0,52626000.0,97618000.0,145377000.0,57980000.0,456932431.11999995,500635431.11999995,3.873078117178403,3.3601831794170183,0.17981379338184833,0.28018870621872766,0.03099518341578878,3.873078117178403,0.029049320943531094,9.630984552735855,22.48683224015748,2.6129088269907075,0.0,0.2208533674515226,0.0,0.1741108945917877,0.497225705924828,0.018642680729413233,534.4238960467835,0.3232653233285558,-0.8225806451612904,1.9125543552888902,0.8022492966381832,0.3244691382380753,-0.653314948348742,-0.8269519008039242,-0.8043885248609658,1.4452837820594608,0.7393326952519949,2.659944202141974,Specialty Chemicals,Basic Materials,HDSN
2022Q3,2022,Q3,2022-11-08,2022-09-30,29356000.0,89502000.0,36322000.0,0.62,44239000.0,0.4942794574,286551000.0,170589000.0,192617000.0,59074000.0,115962000.0,120158000.0,52900000.0,331219003.5,376429003.5,3.7854988293266816,3.26060534245184,0.2102906637910878,0.35324083029972625,0.1324772581224771,3.7854988293266816,0.1720861251311632,3.700688291881746,2.82070959514239,1.941619937393384,0.0,0.37669568401604553,0.0,0.3123423055581729,0.9093171276703795,0.10244598692728345,13.115506593014969,0.4942794574422918,-0.26190476190476186,11.963471029681095,2.365894202017222,0.23929416956722196,-0.23058594361444945,-0.262597337352424,-0.27040816326530615,9.409814862161333,0.8549913809589159,1.9358155012153437,Specialty Chemicals,Basic Materials,HDSN
2022Q2,2022,Q2,2022-08-08,2022-06-30,39810000.0,103941000.0,49784000.0,0.84,57497000.0,0.5531695866,284729000.0,140937000.0,190295000.0,56742000.0,143792000.0,118664000.0,23544000.0,337653084.64,408181084.64,3.1346874000232736,3.353688625709351,0.32033969142588214,0.6471685930593102,0.17625362647159928,3.1346874000232736,0.28246663402796995,3.2485071784954926,2.1204036965586535,2.3957731797895514,0.0,0.3913908177711859,0.0,0.36505238314326954,1.1354199710972472,0.13981715947444764,12.055594281633818,0.5531695865923938,0.33333333333333326,3.31742246189173,0.8398622416052157,0.028999521216794045,0.2548450458315146,0.34698020639485705,0.29991122251814717,3.734192145277938,0.7584704811481745,1.567593617997273,Specialty Chemicals,Basic Materials,HDSN
2022Q1,2022,Q1,2022-05-10,2022-03-31,29555000.0,84338000.0,38298000.0,0.63,45820000.0,0.5432900946,246842000.0,100896000.0,152326000.0,46859000.0,145946000.0,101314000.0,-16266000.0,278082694.62,374525694.62,2.2531576833869504,3.2507309161527136,0.41157906677145706,1.0069279257849666,0.17532075140184553,2.2531576833869504,0.2929253885188709,3.2972408003509686,2.352247459143969,2.756132003449096,0.0,0.38018437728250787,0.0,0.3416679495385712,0.9247316417337118,0.11973246044028164,55.18608744195277,0.54329009461927,3.846153846153846,3.777735497561348,1.013282577094921,-0.20754515255535413,1.6921269095182139,3.776179702650291,3.0995504174694926,7.961601015779256,1.3147102813467917,0.4643559173561412,Specialty Chemicals,Basic Materials,HDSN
2021Q4,2021,Q4,2022-03-24,2021-12-31,6188000.0,37775000.0,9342000.0,0.13,17020000.0,0.4505625414,215715000.0,70939000.0,119949000.0,64439000.0,144776000.0,94144000.0,-45821000.0,196775494.20000002,293554494.20000005,1.6006523641600896,1.861434845357625,0.46483091115592334,1.4134820056668405,0.04995463663829056,1.6006523641600896,0.08722987355333456,5.209146107213766,7.949882603425986,2.7738690170428115,0.0,0.22046014615907547,0.0,0.17511531418770138,0.27491115628734153,0.028685997728484344,-18.724473708250073,0.45056254136333557,-0.6176470588235294,3.6494059452764005,3.0017855470103183,-0.4780486080794288,-0.28118928963594897,-0.6100819155639572,-0.4474804826117814,1.7337039280595776,0.41171599630977757,-0.014791612861126754,Specialty Chemicals,Basic Materials,HDSN
2021Q3,2021,Q3,2021-11-15,2021-09-30,15870000.0,60645000.0,16908000.0,0.34,23678000.0,0.3904361447769808,197133000.0,66938000.0,101419000.0,50782000.0,130195000.0,58789000.0,-52009000.0,154864012.25,248092012.25,1.5257976115106109,1.997144657555827,0.5211253316289003,1.5347186949117093,0.09361060972405655,1.5257976115106109,0.23708506379037317,2.553615504163575,2.4395717115626967,2.3135440594281276,0.0,0.6288081103607818,0.0,0.30763494696473953,0.6229372612342956,0.08050402520126006,9.555378061948542,0.3904361447769808,0.4166666666666668,1.5586806906550683,0.34054197373339756,-0.2075547239117027,0.084753527579256,0.40728917265230113,0.177191394555455,2.1084392670871837,0.45004719489136197,-0.1523030267372589,Specialty Chemicals,Basic Materials,HDSN
2021Q2,2021,Q2,2021-08-11,2021-06-30,11277000.0,60548000.0,14363000.0,0.24,21828000.0,0.3605073660566823,190682000.0,51197000.0,94624000.0,59853000.0,139485000.0,48251000.0,-67879000.0,147896287.2,245907287.2,1.176972074793234,1.5809399695921675,0.5238250070798502,1.9509736898646406,0.09163401317584355,1.176972074793234,0.22026681250854543,2.4426287771685273,3.278715243415802,2.8887686231615133,0.0,0.8024704151209301,0.0,0.31753390461606235,0.5878903313117136,0.05914034885306427,-41.2082159933129,0.3605073660566823,13.0,0.7781569982920232,0.33255334058703195,-0.32570098460380464,1.3887065003282995,11.480483271375464,7.488770685579196,1.3590581545923786,0.02060751872399087,-0.4455359219692482,Specialty Chemicals,Basic Materials,HDSN
2021Q1,2021,Q1,2021-05-11,2021-03-31,-1076000.0,33780000.0,1692000.0,-0.02,9138000.0,0.2705150976909414,169527000.0,39908000.0,71786000.0,48343000.0,129619000.0,47613000.0,-79156000.0,69798672.93,164611672.93,0.9205315416875792,1.4849306000868792,0.5756487167235897,2.44532424576526,0.011485071502075866,0.9205315416875792,-0.026962012629046808,2.0662721412078153,-16.2171637848513,1.7489894990979253,0.0,0.5175477285615273,0.0,0.19926029482029411,0.34582049107419893,-0.006347071557922927,-13.27223292070736,0.2705150976909414,0.8181818181818181,-1.2772677397422905,-0.09020419939703671,-0.42505178849332326,0.684113527460376,0.7733782645324347,1.967409948542024,0.6556227030976038,-0.2212775837278244,-0.6759079230349544,Specialty Chemicals,Basic Materials,HDSN
2020Q4,2020,Q4,2021-03-12,2020-12-31,-4748000.0,22110000.0,-1749000.0,-0.11,5426000.0,0.2454093170511081,161649000.0,40622000.0,62142000.0,37769000.0,121027000.0,44460000.0,-78080000.0,46740624.63,136609624.63,0.9473125434353016,1.645317588498504,0.5642905307177898,2.245507360543548,-0.013167732138653725,0.9473125434353016,-0.1168824774752597,2.1140038276797832,-2.4610691148904804,1.1506234215449758,0.0,0.3752586594691858,0.0,0.13677783345396508,0.29532156000953164,-0.02937228191946749,-5.411673570684266,0.2454093170511081,0.0,-2.54098945743002,1.310763184284216,-0.3729470995822817,-0.394149173738276,-122.74358974358974,-1.8412698412698412,0.10193205093894296,-0.11564676848778888,-0.6760493359323381,Specialty Chemicals,Basic Materials,HDSN
2020Q3,2020,Q3,2020-11-10,2020-09-30,39000.0,41468000.0,2079000.0,0.0,8956000.0,0.21597376290151443,167759000.0,45210000.0,67852000.0,37425000.0,122549000.0,40374000.0,-73332000.0,49054986.49999999,130549986.5,1.0598616717588945,1.813012692050768,0.5408353650176742,2.006856890068569,0.005114991256425202,1.0598616717588945,0.0008626410086264101,1.1829600294202758,314.45504166666666,1.0850472572439724,0.0,0.8052707187794125,0.0,0.24718793030478245,0.639625918503674,0.00023247635000208633,2.9061010959715636,0.21597376290151443,-1.0,-0.9724199798839215,0.46342672600428386,-0.3126844333473259,-0.293746549956628,-0.9836546521374686,-0.6008064516129032,-0.9818058564706948,0.647492315900908,-0.6530231682591241,Specialty Chemicals,Basic Materials,HDSN
2020Q2,2020,Q2,2020-08-05,2020-06-30,2386000.0,47677000.0,5208000.0,0.06,12681000.0,0.2659773056190616,187235000.0,44945000.0,85359000.0,55336000.0,142290000.0,48570000.0,-73371000.0,43054845.6,142594845.6,1.0543400949973445,1.5425581899667486,0.5735572943092905,2.3893647791745467,0.0379664708042223,1.0543400949973445,0.05308710646345533,0.903052742412484,4.511195054484493,0.9579451685393259,0.0,0.7205270743257155,0.0,0.2546372206051219,0.5993747289287263,0.012743343926082196,7.4786947368421055,0.2659773056190616,1.857142857142857,-0.3520191961039654,0.27096604272388164,-0.30115803637803895,0.5192284653168803,1.8270363951473136,13.229508196721312,-0.7270815282969985,-0.10990275162686303,-0.653899954124969,Specialty Chemicals,Basic Materials,HDSN
2020Q1,2020,Q1,2020-05-15,2020-03-31,-2885000.0,36350000.0,366000.0,-0.07,8347000.0,0.22962861072902338,187729000.0,42351000.0,84224000.0,58181000.0,145378000.0,58288000.0,-75757000.0,29400917.832,134923917.832,0.9934888722490274,1.4476203571612727,0.5954008171353387,2.639229298009492,0.002251194801957496,0.9934888722490274,-0.06812117777620363,0.8088285510866574,-2.547739846793761,0.6942201561238224,0.0,0.48042478726324456,0.0,0.19363017967389162,0.37305993365531703,-0.015367897341380395,-7.771852453608247,0.22962861072902338,0.72,-2.155969814791529,0.2473963867323742,-0.30228245390968267,0.7520990764063812,0.7321511465973447,1.0760124610591901,-1.4899126542745667,-0.08847716458725562,-0.6505814579685373,Specialty Chemicals,Basic Materials,HDSN
2019Q4,2019,Q4,2020-03-13,2019-12-31,-10771000.0,25753000.0,-4815000.0,-0.25,4764000.0,0.18498815671960547,180153000.0,45111000.0,74424000.0,46126000.0,135042000.0,59238000.0,-72872000.0,41669417.4,143801417.4,1.0582341979180154,1.613493474396219,0.581350296692256,2.321651038549356,-0.030846880848789032,1.0582341979180154,-0.23876659794728558,1.6180412922766279,-0.9671668693714603,0.9237085721886016,0.0,0.3543164860393666,0.0,0.14295071411522428,0.2311277804275246,-0.059788069030213206,9.368124415467626,0.18498815671960547,-5.166666666666667,-6.48922069925612,1.4008589254669603,-0.23008282648874048,-0.38781804163454126,-5.03862017247844,-2.8768115942028984,-3.7944810532364515,1.8363808564759458,-0.6549239391708328,Specialty Chemicals,Basic Materials,HDSN
2019Q3,2019,Q3,2019-11-15,2019-09-30,2667000.0,45631000.0,-1242000.0,0.06,7782000.0,0.17054195612631765,204206000.0,54953000.0,98493000.0,143654000.0,149253000.0,59352000.0,-62101000.0,30259057.61,134542057.61,1.2894198657100875,0.6856265749648461,0.5825930677844922,2.1649227521700363,-0.005775644214427087,1.2894198657100875,0.048532382217531346,0.6631250161074708,2.836432096925384,0.5506352266482266,0.0,0.6377038684458822,0.0,0.22345572608052652,0.239819288011472,0.013060341028177429,0.95361184992594,0.17054195612631765,1.1875,19.560021888985283,1.2421328173452455,-0.0637449106537016,4.289095519864751,1.1933028919330289,0.8753887829838467,-0.5573699113397638,0.03830310976887565,-0.33032095884280416,Specialty Chemicals,Basic Materials,HDSN
2019Q2,2019,Q2,2019-08-14,2019-06-30,-13797000.0,56011000.0,-9967000.0,-0.32,-2366000.0,-0.04224170252271875,219236000.0,52014000.0,111382000.0,161618000.0,167222000.0,75247000.0,-64768000.0,38339509.6811,174729509.6811,1.220865863683029,0.6891682857107501,0.6280537867868415,2.6472103664398046,-0.051450031594500366,1.220865863683029,-0.2652555081324259,0.6844996461605757,-0.6947073581412626,0.7370998131483831,0.0,0.7758050154823448,0.0,0.2554826762028134,0.1816134341471866,-0.06293218267072925,-28.611574388880598,-0.04224170252271875,-2.555555555555556,-28.618777626644775,1.0464448746956505,-0.27462861262363597,-1.3387258410880458,-2.415944540727903,-42.52916666666667,-3.2211978228754434,0.2585897151139545,-0.3005537960984216,Specialty Chemicals,Basic Materials,HDSN
2019Q1,2019,Q1,2019-05-02,2019-03-31,-4039000.0,34664000.0,240000.0,-0.09,6985000.0,0.20150588506808215,236859000.0,65551000.0,126169000.0,67279000.0,171308000.0,99772000.0,-50971000.0,83500764.76,218971764.76,1.5386680633318788,1.8753102751229953,0.5768875153572378,2.084499092309805,0.0011759471425006685,1.5386680633318788,-0.0616161462067703,2.4088612035541197,-5.168405840554593,1.2738289997101495,0.0,0.2774225233532454,0.0,0.14634867157253895,0.31619078761574937,-0.017052339155362473,-41.15365439132578,0.20150588506808215,0.5263157894736842,-15.867119474649229,0.31000422845744974,0.3651747103811763,1.2656503405773598,0.5017885777722956,1.0615858352578906,-2.0591264932633644,-0.0499425530890196,-0.038974319670460465,Specialty Chemicals,Basic Materials,HDSN
2018Q4,2018,Q4,2019-03-15,2018-12-31,-8107000.0,25721000.0,-3897000.0,-0.19,3083000.0,0.11986314684499047,228341000.0,69213000.0,123586000.0,60412000.0,159128000.0,101962000.0,-46932000.0,37914799.22,165587799.22,1.6246840618242366,2.0457193934979805,0.5690830818819222,1.8774652160721252,-0.019739666484851426,1.6246840618242366,-0.11713117477930447,1.4740795155709343,-1.1691994332058715,0.5477988126508027,0.0,0.22202389125360428,0.0,0.1126429331569889,0.27042640534993045,-0.03550391738671548,41.3465640348964,0.11986314684499047,0.42424242424242425,-2.1182505602016835,2.141689934183781,0.45024056675857993,-0.6011126924569802,0.4159221902017291,-9.560975609756097,-5.085879604687438,1.7058505540847573,0.07542422011527533,Specialty Chemicals,Basic Materials,HDSN
2018Q3,2018,Q3,2018-11-30,2018-09-30,-13880000.0,40545000.0,-369000.0,-0.33,7729000.0,0.19062769761992848,241011000.0,76552000.0,134612000.0,64412000.0,164459000.0,106508000.0,-38825000.0,54013704.52,182425704.52,1.7999328293433632,2.08985903247842,0.5385231379480605,1.6954488452293865,-0.005599122145209483,1.7999328293433632,-0.1813146619291462,1.332191503761253,-0.9728693177233431,0.7055818857769882,0.0,0.30810831111278025,0.0,0.16822883602823108,0.3810470098739365,-0.05759073237321118,2.0479129675829384,0.19062769761992848,0.5416666666666666,0.10237783008377178,0.5753747260310057,0.5271764859114065,1.2963346369143471,0.5466422785471649,0.9901410708560436,-10.844745976001075,0.4350937526364006,0.16724841127976436,Specialty Chemicals,Basic Materials,HDSN
2018Q2,2018,Q2,2018-11-30,2018-06-30,-30616000.0,57831000.0,-37428000.0,-0.72,-26082000.0,-0.4510037868963013,281010000.0,90010000.0,163677000.0,90158000.0,191000000.0,116448000.0,-24945000.0,85230311.39999999,239870311.39999998,2.1227201570449736,1.8154462166418954,0.5586064552862887,1.7439617820242195,-0.11378154624166764,2.1227201570449736,-0.34013998444617266,1.4737824246511384,-0.6959621717402664,0.946898249083435,0.0,0.7206049051937345,0.0,0.20579694672787446,0.4892522016903658,-0.10894985943560727,-63.13356399999999,-0.4510037868963013,-9.285714285714283,-54.80818163000182,1.1529325523778071,0.3673430863263936,-4.299430740037951,-9.018324607329843,-39.949671772428886,-9.358778072523306,0.5498453824879498,0.4069899549565771,Specialty Chemicals,Basic Materials,HDSN
2018Q1,2018,Q1,2018-05-10,2018-03-31,-3056000.0,42428000.0,-914000.0,-0.07,7905000.0,0.18631564061468842,323311000.0,120439000.0,212331000.0,101466000.0,202872000.0,170933000.0,5670000.0,209470963.26000002,362636963.26,2.840339542724648,2.092632014665011,0.47676695194410335,1.2798512109864746,-0.0024690431729327677,2.840339542724648,-0.02537384069944121,4.9370925629301405,-17.13604084260471,1.7392286822374814,0.0,0.20196802255854632,0.0,0.1312296828750027,0.3695227958133759,-0.009452199275620068,22.531027563730238,0.18631564061468842,0.4166666666666666,-1.3924432450190254,0.06435707387173137,0.8282697508506548,1.60977220204688,0.41287223823246877,0.9051473640514737,-2.2309993045976286,0.46371461136262293,0.9947427607587636,Specialty Chemicals,Basic Materials,HDSN
2017Q4,2017,Q4,2018-03-16,2017-12-31,-5205000.0,24614000.0,-9636000.0,-0.12,3029000.0,0.12306004712765094,321444000.0,123453000.0,208916000.0,95360000.0,197991000.0,172485000.0,8727000.0,256257111.09,418615111.09000003,2.924249425947901,2.190813758389262,0.5206505643284678,1.3556576186888938,-0.013693364007350233,2.924249425947901,-0.04216179436708707,10.411030758511416,-12.30821859221902,2.075746325241185,0.0,0.12514131663622924,0.0,0.07657321337464691,0.30932256711409395,-0.01619255609064098,42.23090162986157,0.12306004712765094,-3.3999999999999995,-2.000903403808569,1.8813237123610336,1.1520712961293367,-0.4025641025641026,-3.473859315589354,-7.528455284552845,-2.6543889120851856,1.317044835884656,1.1275345827012824,Specialty Chemicals,Basic Materials,HDSN
2017Q3,2017,Q3,2017-11-09,2017-09-30,2104000.0,24706000.0,1476000.0,0.05,5070000.0,0.20521330850805472,141129000.0,127893000.0,128307000.0,13153000.0,13236000.0,63810000.0,13933000.0,327001013.68,283187013.68,3.0545603475635072,9.754960845434502,0.0012754288629551686,0.00140742652060707,0.01669967018422409,3.0545603475635072,0.01645125221865153,13.235692288512912,38.854683184410646,2.5568327717701513,0.0,0.30772606174580786,0.0,0.17505969715650221,4.405230745837452,0.01490834626476486,29.18088646082456,0.20521330850805472,-0.7500000000000001,-0.4519515960066784,-0.024440684991396927,1.5119348185685038,-0.7089552238805971,-0.7531964809384164,-0.8938129496402878,15.903908934546488,0.23567076132337722,1.217933620517631,Specialty Chemicals,Basic Materials,HDSN
2017Q2,2017,Q2,2017-08-09,2017-06-30,8525000.0,52231000.0,13900000.0,0.2,17420000.0,0.3335184086079148,142377000.0,126630000.0,129138000.0,15640000.0,15747000.0,64612000.0,11829000.0,351248315.59999996,317772315.59999996,3.0463448576890486,8.25690537084399,0.0013836504491596254,0.0015557134960120034,0.06751383203717345,3.0463448576890486,0.06732211956092553,6.7249012195822395,10.3005371143695,2.7738159646213374,0.0,0.5387698879465115,0.0,0.36684998279216446,3.7209079283887467,0.059876244056273134,-54.00496857318573,0.3335184086079148,0.5384615384615385,-0.04777625020481826,0.3463682963352148,1.7103120349146526,0.397288842544317,0.4867457272410185,0.4798254018950282,16.490770364839946,0.9559143190577201,0.8099706622827368,Specialty Chemicals,Basic Materials,HDSN
2017Q1,2017,Q1,2017-05-04,2017-03-31,5734000.0,38830000.0,9393000.0,0.13,12467000.0,0.32106618593870717,153107000.0,118018000.0,139548000.0,34960000.0,35089000.0,72352000.0,3304000.0,273952410.59999996,234060410.59999996,2.8432631722204675,3.9916475972540044,0.0017438784640806755,0.0022623667576132456,0.04891881881798056,2.8432631722204675,0.04858580894439831,7.055174107648725,11.944210437739796,2.3212765052788553,0.0,0.36437140645731975,0.0,0.25361348599345557,1.7417048054919908,0.03745093300763518,41.67210383328262,0.32106618593870717,3.5999999999999996,0.3096014410338348,0.49798025163747756,2.138363515967682,11.05705996131528,3.978701298701299,5.206448723690103,20.66276347639118,0.5061374348123939,1.5226694893948163,Specialty Chemicals,Basic Materials,HDSN
2016Q4,2016,Q4,2017-03-10,2016-12-31,-1925000.0,7780000.0,-2233000.0,-0.05,1034000.0,0.13290488431876607,122470000.0,112017000.0,108176000.0,10301000.0,10453000.0,68601000.0,-2430000.0,292583272.5,259003272.5,3.0666694043488083,10.50150470828075,0.0028660080019596635,0.0031334529580331555,-0.012768356408383138,3.0666694043488083,-0.017184891578956765,37.6071044344473,-37.9978275974026,2.611954189989019,0.0,0.09833675893937406,0.0,0.06352576141095778,3.759634986894476,-0.015718135053482487,278.38560656517603,0.13290488431876607,-1.357142857142857,-0.7358143539821872,0.31322667932005327,2.8304477495829508,-0.9141196013289037,-1.4019628314888286,-1.278498378648042,0.13645823556296519,0.10829875400147715,1.7373989069790892,Specialty Chemicals,Basic Materials,HDSN
2016Q3,2016,Q3,2016-11-04,2016-09-30,4789000.0,34930000.0,8018000.0,0.14,12040000.0,0.34468937875751504,93949000.0,65221000.0,80838000.0,24579000.0,28728000.0,66584000.0,-505000.0,225258635.35000002,240707635.35000002,1.9254296259324293,3.2889051629439767,0.20676111507307157,0.2978335198785667,0.05874550636264126,1.9254296259324293,0.07342727035770687,6.44885872745491,11.759168686051368,3.453774633170298,0.0,0.3437762825904121,0.0,0.3717974645818476,0.5373692989950771,0.05097446486923757,20.06043595600677,0.34468937875751504,0.0,30.752914046721997,1.054656736390045,1.3177870572020496,0.147650366981222,-0.008488612836438923,-0.015471512770137525,1.3888565164762408,0.7040627948575634,0.6336558798552054,Specialty Chemicals,Basic Materials,HDSN
2016Q2,2016,Q2,2016-08-03,2016-06-30,4830000.0,34605000.0,8144000.0,0.14,10491000.0,0.3031642826181188,97555000.0,57825000.0,83992000.0,35584000.0,39730000.0,57774000.0,-5293000.0,119262664.8,147775664.8,1.7454750013266516,2.360386690647482,0.3081031213161806,0.5197924773022049,0.0574428554024771,1.7454750013266516,0.08352788586251621,3.4463997919375813,6.1730157763975155,2.0624758287937746,0.0,0.4173849828642642,0.0,0.3547229767823279,0.6597066097122302,0.049510532520116855,100.13657833753149,0.3031642826181188,0.5555555555555558,3.4393256705332518,0.6884493866965585,1.0952225172580172,0.394708854028184,0.640625,0.6226339908348276,9.865332148172357,0.6489389830312101,0.12434188157048909,Specialty Chemicals,Basic Materials,HDSN
2016Q1,2016,Q1,2016-05-06,2016-03-31,2944000.0,28167000.0,5019000.0,0.09,7522000.0,0.26705009408172686,89733000.0,52657000.0,76395000.0,32864000.0,37076000.0,55284000.0,-10122000.0,107874801.52,137060801.51999998,1.6010686236857514,2.324580087633885,0.3382590574259191,0.5764285849934482,0.0374898650572139,1.6010686236857514,0.05590899595495376,3.829829286754003,9.160563987771738,2.048631739749701,0.0,0.3734353520005788,0.0,0.31389789709471433,0.5174963485881208,0.03280844282482476,-18.42124342896175,0.26705009408172686,4.0,0.9565261726739014,0.47391404405878634,1.0011763964487082,4.498538011695906,3.8778103616813295,3.86472602739726,-0.512570254177886,-0.08898380076884527,0.030575848306077163,Specialty Chemicals,Basic Materials,HDSN
2015Q4,2015,Q4,2016-03-11,2015-12-31,-1023000.0,7300000.0,-1752000.0,-0.03,1368000.0,0.1873972602739726,85011000.0,49425000.0,69469000.0,30960000.0,35586000.0,61897000.0,-13066000.0,97165931.94000001,120773931.94000001,1.5107378385527581,2.243830749354005,0.2925033230993636,0.5031057157309055,-0.01483723550269383,1.5107378385527581,-0.020698027314112293,13.31040163561644,-23.745340161290322,1.9659267969650986,0.0,0.09583663182383638,0.0,0.08587124019244569,0.18320413436692506,-0.012033736810530401,-18.50427193677395,0.1873972602739726,-2.0,-0.25829508003634366,0.20588023074397807,0.8754316962930732,-0.6879562043795621,-1.94547134935305,-1.9211356466876972,-1.253849743941057,0.1027127112761859,0.11181197796490261,Specialty Chemicals,Basic Materials,HDSN
2015Q3,2015,Q3,2015-11-10,2015-09-30,1082000.0,21682000.0,1902000.0,0.03,4384000.0,0.2021953694308643,81691000.0,50331000.0,65499000.0,25481000.0,31360000.0,48964000.0,-12043000.0,96939104.13000001,115259104.13000001,1.5420306525582907,2.5705035124210194,0.23699061096081575,0.3846535932129304,0.01692254375937597,1.5420306525582907,0.021497685323160678,4.470948442486856,22.39812942005545,1.926031752399118,0.0,0.35327996078751733,0.0,0.2654147947754343,0.4181154585769789,0.013245033112582781,-18.985331792009404,0.2021953694308643,-0.625,2.9416461133557212,0.9756359471274162,0.9877722998922162,-0.39212423738214086,-0.6150836001422981,-0.6005040957781979,-0.6384603317439892,0.09826235001910315,0.2680975481629596,Specialty Chemicals,Basic Materials,HDSN
2015Q2,2015,Q2,2015-07-30,2015-06-30,2811000.0,28637000.0,4761000.0,0.08,7212000.0,0.25184202255822885,83554000.0,49097000.0,66309000.0,28483000.0,34457000.0,44953000.0,-13125000.0,113573925.28,126821925.28,1.508696028402339,2.3280202225889126,0.17630514397874428,0.3000386989021733,0.04633713810285031,1.508696028402339,0.057254007373159256,3.965985448196389,10.100847143365351,2.3132559072855776,0.0,0.47660890263163747,0.0,0.342736433922972,0.5672857493943756,0.033642913564880195,-645.3063936363636,0.25184202255822885,0.3333333333333334,0.3660713957419047,0.15041567029366965,1.3922936380812327,0.3053393665158371,0.4849445324881141,0.4559633027522936,-0.5989395843968569,-0.05709619645191732,0.34227646370566644,Specialty Chemicals,Basic Materials,HDSN
2015Q1,2015,Q1,2015-05-06,2015-03-31,1893000.0,22103000.0,3270000.0,0.06,5525000.0,0.2499660679545763,70619000.0,46040000.0,51664000.0,18428000.0,24579000.0,41532000.0,-15936000.0,134830457.31,147850457.31,1.4239126962136386,2.8035598003038853,0.190897633781277,0.2928105994787142,0.033953234326254716,1.4239126962136386,0.041116420503909644,6.100097602587884,17.806452365293186,2.928550332536924,0.0,0.39916209188095925,0.0,0.312989422110197,0.46646407640546994,0.026805817131366913,-154.7996065556831,0.2499660679545763,3.0,5.541196405289169,0.576178303724009,1.5229071874413345,4.840380549682875,2.7527777777777778,2.649848637739657,-0.4449765817333306,0.09463456916188928,0.5716996229477234,Specialty Chemicals,Basic Materials,HDSN
2014Q4,2014,Q4,2015-03-16,2014-12-31,-1080000.0,8055000.0,-1982000.0,-0.03,946000.0,0.11744258224705152,59935000.0,43999000.0,43328000.0,11214000.0,15936000.0,37017000.0,-17829000.0,120683076.02,130457076.02,1.374477975457888,3.863741751382201,0.17867689997497288,0.24339189527034705,-0.0183781125107677,1.374477975457888,-0.02454601240937294,14.982380635630044,-27.93589722685185,2.742859519989091,0.0,0.19204689737147798,0.0,0.13439559522816386,0.4372213304797574,-0.018019521147910236,-38.49539904944179,0.11744258224705152,0.0,0.608006420436935,0.8223784817071025,1.2941141339852256,-0.36722408026755854,-9.0,-14.606299212598426,-0.11124099105933637,0.5514493475339912,0.7168026199622144,Specialty Chemicals,Basic Materials,HDSN
2014Q3,2014,Q3,2014-10-29,2014-09-30,-108000.0,15296000.0,-127000.0,0.0,1495000.0,0.09773797071129707,53115000.0,44114000.0,42907000.0,8543000.0,9001000.0,27653000.0,-16749000.0,106024020.06,105581020.06,1.3772099937105515,5.022474540559522,0.013743763531958957,0.016548034637530035,-0.0013533642290323267,1.3772099937105515,-0.002448202384730471,6.931486667102511,-245.42597236111112,2.403409803237068,0.0,0.4990778577369544,0.0,0.28797891367786876,1.195013461313356,-0.0020333239197966677,-164.63357152173913,0.09773797071129707,-1.0,0.8978744314191579,0.4644277960630189,1.0492869282977209,-0.32107175295186197,-1.3506493506493507,-1.1933028919330289,0.29043537442072737,-0.04851467210255964,0.657853112614179,Specialty Chemicals,Basic Materials,HDSN
2014Q2,2014,Q2,2014-07-31,2014-06-30,308000.0,16875000.0,657000.0,0.01,2202000.0,0.13048888888888888,51862000.0,44211000.0,41821000.0,7123000.0,7651000.0,24517000.0,-16641000.0,75913785.94,74826785.94,1.68309073797196,5.871262108662081,0.015541244070803286,0.018230757051412545,0.009543740659048975,1.68309073797196,0.0069665920246092606,4.49859472237037,61.6183327435065,1.717079141842528,0.0,0.598482685483542,0.0,0.32538274651960974,1.9310683700687912,0.005938837684624581,42.76833010704225,0.13048888888888888,0.0,0.389141297319441,0.5007786197303417,1.5931065764349022,0.22197558268590456,0.925,0.4068522483940043,-0.6429740429601545,0.03841792117796226,1.0203380799535824,Specialty Chemicals,Basic Materials,HDSN
2014Q1,2014,Q1,2014-04-29,2014-03-31,160000.0,15584000.0,467000.0,0.01,1802000.0,0.11563141683778234,55083000.0,28279000.0,44833000.0,22207000.0,26804000.0,26104000.0,-16949000.0,70253080.8,86603080.8,1.1270850914768709,2.018867924528302,0.34201114681480677,0.6661833869655929,0.006146534299010468,1.1270850914768709,0.005657908695498427,4.508026232032854,109.77043875,2.4842844796492094,0.0,0.5279650628256206,0.0,0.2829185048018445,0.6943306164722836,0.0029047074414973767,23.582773011077542,0.11563141683778234,1.1666666666666665,1.4504430139460227,0.8327686660404399,0.7596505021446427,9.416184971098266,1.1045751633986929,1.2105500450856628,-0.8606180095763983,0.06893014789242882,0.4087441652940936,Specialty Chemicals,Basic Materials,HDSN
2013Q4,2013,Q4,2014-02-28,2013-12-31,-1530000.0,4818000.0,-2218000.0,-0.06,173000.0,0.035907015359070156,52368000.0,28086000.0,41866000.0,19611000.0,24282000.0,33967000.0,-17109000.0,92760428.2,112129428.2,1.120285902259343,2.134822293610729,0.38263825236785826,0.7134515416933703,-0.02861874276085481,1.120285902259343,-0.05447553941465499,19.25289086757991,-15.156932712418302,3.302728341522467,0.0,0.1367503753643242,0.0,0.09200274977085243,0.36122584263933505,-0.029216315307057743,-132.70447525035766,0.035907015359070156,0.8333333333333334,-0.432529085330268,0.2899972304274504,0.6991675880661101,1.0137160072940616,0.832144816236972,0.8464626886335318,-1.4558104669358047,0.038591254666945976,0.39072421196530693,Specialty Chemicals,Basic Materials,HDSN
2013Q3,2013,Q3,2013-11-08,2013-09-30,-9115000.0,15171000.0,-14446000.0,-0.36,-12613000.0,-0.831388833959528,59561000.0,29548000.0,48553000.0,24723000.0,30013000.0,32378000.0,-15579000.0,50892883.58,69773883.58,1.178601717580256,1.963879788051612,0.3832037742818287,0.7724380668742385,-0.17111758631944765,1.178601717580256,-0.30848111547312845,3.3546162797442487,-1.3958552819528247,1.7223799776634625,0.0,0.8581135338810303,0.0,0.25471365490841325,0.4372042227884965,-0.15303638286798407,6.311121475694444,-0.831388833959528,-37.0,-3.5764623936486917,1.0108800672174927,0.7054105898629988,-5.9501569858712715,-28.290419161676645,-19.664082687338503,-44.23033233114161,0.7997132735203293,0.5192900627005278,Specialty Chemicals,Basic Materials,HDSN
2013Q2,2013,Q2,2013-08-06,2013-06-30,334000.0,15768000.0,774000.0,0.01,2548000.0,0.16159309994926432,78575000.0,38642000.0,68763000.0,35109000.0,39933000.0,51298000.0,-6465000.0,78407012.25,105332012.25,1.5524415037253252,1.958557634794497,0.3728794145720649,0.7582164484239946,0.007165738767859153,1.5524415037253252,0.008643444956265204,4.972540097031963,58.687883420658686,2.0290619597846904,0.0,0.2577098522359546,0.0,0.20067451479478204,0.4055940072346122,0.004250715876551066,-11.471399012435992,0.16159309994926432,-0.9411764705882353,-0.9134689374283482,-0.064007908525194,1.800701645131774,-0.7218947827985156,-0.9252629223539942,-0.8954760297096557,-0.7877890075017508,-0.17184288352311564,1.4616595145333917,Specialty Chemicals,Basic Materials,HDSN
2013Q1,2013,Q1,2013-05-06,2013-03-31,4469000.0,22877000.0,7405000.0,0.17,9162000.0,0.40048957468199503,71612000.0,37806000.0,61882000.0,28961000.0,33806000.0,51534000.0,-6798000.0,87849227.25999999,108487227.25999999,1.5535669949158755,2.1367356099582198,0.30825839244819303,0.583902026133418,0.07667108253418856,1.5535669949158755,0.11820874993387293,3.8400676338680766,4.914367154844484,2.323684792361001,0.0,0.2661349788489153,0.0,0.3194576327989722,0.27464521252719176,0.06240574205440429,-11.700749501864676,0.40048957468199503,0.5454545454545455,1.0003026689734276,0.5774766021802615,3.051140260968312,8.416238437821171,0.5077597840755735,5.868507560815253,15.244632027444393,1.1675763424781054,1.7526303740863824,Specialty Chemicals,Basic Materials,HDSN
2012Q4,2012,Q4,2013-03-05,2012-12-31,2964000.0,4869000.0,-1521000.0,0.11,973000.0,0.19983569521462313,57232000.0,32696000.0,47024000.0,19616000.0,24536000.0,40167000.0,-11267000.0,87586717.4,101251717.4,1.3588069462231038,2.397226753670473,0.30849874196253846,0.5400048935649621,0.05348539827997991,1.3588069462231038,0.090653290922437,17.988646005339906,7.387543640350877,2.6788205713237097,0.0,0.09699504568426819,0.0,0.08507478333799273,0.30317088091353994,0.05178920883421862,-31.081163023420867,0.19983569521462313,0.375,3.7752047932842285,0.6453293016147278,4.425994101809893,-0.8186393289841566,0.35095715587967186,-1.409421265141319,2.431204035587258,0.4654836011489685,1.2679579275537347,Specialty Chemicals,Basic Materials,HDSN
2012Q3,2012,Q3,2012-10-31,2012-09-30,2194000.0,14473000.0,3715000.0,0.08,5365000.0,0.3706902508118566,48339000.0,29097000.0,44151000.0,14251000.0,19242000.0,34682000.0,-14231000.0,87816057.27,97897057.27,1.2160189527944176,3.0980983790611187,0.2796499720722398,0.46458397772966287,0.054014084784719446,1.2160189527944176,0.07540296250472557,6.067578060526498,10.006387564949863,3.018045065470667,0.0,0.2626146127674298,0.0,0.29940627650551316,0.5986246579187425,0.04538778212209603,-24.22511924689655,0.3706902508118566,-0.6,4.197045681047582,1.5831619375440056,3.0258074161366,-0.47592067988668557,-0.5727361246348588,-0.5613413626166017,3.7772550069066524,0.8548852763999781,0.8094348399330753,Specialty Chemicals,Basic Materials,HDSN
2012Q2,2012,Q2,2012-08-01,2012-06-30,5135000.0,22251000.0,8469000.0,0.2,10237000.0,0.46006921037256754,53150000.0,26798000.0,49117000.0,21288000.0,26352000.0,33137000.0,-16425000.0,98229023.52,104731023.52,1.1239830759136107,2.307262307403232,0.19774223894637818,0.39219344727218447,0.14072878927868748,1.1239830759136107,0.1916187775207105,4.414589165430767,4.782328311587148,3.66553561907605,0.0,0.3625554516099828,0.0,0.4186453433678269,0.5728109733183014,0.09661335841956727,-54.87654945251396,0.46006921037256754,1.0,4.454696603447933,1.138179361694524,3.0928941552609843,0.7153150134048257,1.0466321243523315,1.007823613086771,24.516220784197394,1.1802313676401441,0.7316998069070656,Specialty Chemicals,Basic Materials,HDSN
2012Q1,2012,Q1,2012-05-01,2012-03-31,2509000.0,14854000.0,4218000.0,0.1,5968000.0,0.40177729904402854,31459000.0,21549000.0,27268000.0,9765000.0,9910000.0,16624000.0,-21559000.0,78254479.24,83081479.24,0.905969992881394,2.79242191500256,0.1581423440033059,0.23086918186458769,0.09859048727594036,0.905969992881394,0.11643231704487447,5.268242846371347,7.797377365484257,3.6314668541463644,0.0,0.5345283926852743,0.0,0.4721701261960011,0.9249359959037379,0.07975460122699386,-34.023686626086956,0.40177729904402854,4.436426116838487,8.659616998061193,0.9938549226551259,1.8219510499516853,6.4044665012406945,4.475069252077562,5.226452905811623,8.451000101987029,0.8427489242646699,0.41443673149183696,Specialty Chemicals,Basic Materials,HDSN
2011Q4,2011,Q4,2012-03-05,2011-12-31,-722000.0,3857000.0,-998000.0,-0.0291,806000.0,0.2089707026186155,31451000.0,19039000.0,24756000.0,12291000.0,12412000.0,17734000.0,-24068000.0,34482180.3,37006180.3,0.8006033771594193,2.014156700024408,0.2060983752503895,0.34045905772361995,-0.024235061490217685,0.8006033771594193,-0.03792215977729923,8.940155639097744,-11.939813123268697,1.8111340038867587,0.0,0.17204240442088645,0.0,0.1226352103271756,0.5216011715889676,-0.022956344790308735,-9.207524779706274,0.2089707026186155,0.0,-6.149441005830849,0.5161448238352379,1.5896891896367984,-0.45170068027210886,-5.389380530973451,-143.57142857142858,0.2873381354892484,0.08869424118641403,0.21429655289068658,Specialty Chemicals,Basic Materials,HDSN
2011Q3,2011,Q3,2011-11-01,2011-09-30,-113000.0,11935000.0,7000.0,0.0,1470000.0,0.12316715542521994,27436000.0,19755000.0,21595000.0,7531000.0,7681000.0,10008000.0,-23346000.0,27823309.02,26605309.02,0.8307189480369003,2.8674810782100653,0.14473684210526316,0.20101240192356365,0.00018419311075850773,0.8307189480369003,-0.005720070868134649,2.3312366166736487,-61.55599340707964,1.4084185785876993,0.0,1.0456634692246203,0.0,0.4350123924770375,1.3020847165051121,-0.004118676191864703,3.9011930762759395,0.12316715542521994,-1.0,-1.1826729204366986,1.6159791923202143,1.6785066626452942,-0.4569634281492427,-1.144686299615877,-0.9954218443427076,-1.0336731450792682,0.6677559062671117,0.20203192482239848,Specialty Chemicals,Basic Materials,HDSN
2011Q2,2011,Q2,2011-08-03,2011-06-30,781000.0,14712000.0,1529000.0,0.03,2707000.0,0.1839994562262099,31790000.0,19811000.0,26169000.0,11844000.0,11979000.0,13814000.0,-23234000.0,39000193.839999996,44914193.839999996,0.8330738081275136,2.2094731509625127,0.27791758414595785,0.44596436323254757,0.033110733487583116,0.8330738081275136,0.039422543031649084,2.6509104023926042,12.484056927016644,1.9686130856594821,0.0,0.8690458954683654,0.0,0.4627870399496697,1.0019419115163797,0.02456747404844291,20.722738490967053,0.1839994562262099,-0.25000000000000006,-0.3443293794473525,0.8197665622275788,1.9558147042737302,-0.26877363587250136,-0.2821691176470588,-0.23165829145728642,-0.7882136149154503,-0.0859105048678047,0.5029172946871516,Specialty Chemicals,Basic Materials,HDSN
2011Q1,2011,Q1,2011-05-03,2011-03-31,1088000.0,13818000.0,1990000.0,0.04,3702000.0,0.26791141988710376,37169000.0,19026000.0,31062000.0,14846000.0,18143000.0,18512000.0,-24014000.0,46372181.699999996,54168181.699999996,0.8000637157858803,2.0922807490233057,0.3102047405095644,0.6060128245558709,0.04037461086813096,0.8000637157858803,0.05718490486702407,3.355925727312201,10.655372633272059,2.437305881425418,0.0,0.5464563526361279,0.0,0.37176141408162716,0.8095783375993534,0.029271704915386478,-8.277790378436272,0.26791141988710376,2.709401709401709,3.7961301501358387,1.178600665927822,2.5490884000663336,1.7341211225997046,2.9568345323741005,4.797709923664122,-0.5016642071429522,-0.02497249124724411,1.0862765113876507,Specialty Chemicals,Basic Materials,HDSN
2010Q4,2010,Q4,2011-03-07,2010-12-31,-556000.0,4140000.0,-524000.0,-0.0234,1354000.0,0.32705314009661834,31096000.0,18023000.0,24280000.0,12055000.0,13073000.0,18211000.0,-25102000.0,36692987.72,38796987.72,0.80554138097316,2.014102032351721,0.19391561615641884,0.3345724907063197,-0.014753452751240117,0.80554138097316,-0.030849470121511402,8.863040512077294,-16.498645557553957,2.0358978926926703,0.0,0.1529844599417934,0.0,0.13313609467455623,0.4722521775197014,-0.01788011319783895,-43.42365410650888,0.32705314009661834,-3.34,-3.2115382409029296,0.6322832215621861,2.687722040605918,-0.24944567627494457,-3.78,-2.3165829145728645,0.44012732995916404,0.5045652867253378,2.2166915205086872,Specialty Chemicals,Basic Materials,HDSN
2010Q3,2010,Q3,2010-11-03,2010-09-30,200000.0,7996000.0,398000.0,0.01,1804000.0,0.2256128064032016,29201000.0,18448000.0,22139000.0,9704000.0,10753000.0,12789000.0,-24547000.0,39951418.08,41329418.08,0.775758195564907,2.2814303380049465,0.18691140714359097,0.29585862966175197,0.01849837790605799,0.775758195564907,0.010841283607979185,4.996425472736368,49.9392726,2.165623269731136,0.0,0.48416608022519353,0.0,0.2738262388274374,0.8539777411376752,0.006849080510941406,19.995704744744742,0.2256128064032016,-0.8333333333333333,-0.5925623587913817,0.9036698629559221,2.559340153765704,-0.5120367865837165,-0.8492840994724944,-0.8369520688242523,-0.5233112975133016,0.4359879937050018,1.5682602147418492,Specialty Chemicals,Basic Materials,HDSN
2010Q2,2010,Q2,2010-08-03,2010-06-30,1327000.0,16053000.0,2441000.0,0.06,3697000.0,0.23029963246745155,30951000.0,13235000.0,23772000.0,16638000.0,17716000.0,12995000.0,-24747000.0,42812131.56,51102131.56,0.6306483470032577,1.428777497295348,0.28380343123000873,0.6636947487721949,0.06874281896730648,0.6306483470032577,0.10026445032111825,2.6669240366286675,8.065586201959306,3.234766268228183,0.0,0.9508272412466333,0.0,0.518658524764951,0.5692390912369275,0.04287422054214726,21.3846810989011,0.23029963246745155,6.999999999999999,-0.03382122854608753,1.7030986776208517,2.344270256774781,2.1437074829931975,5.9148148148148145,15.884146341463415,2.014253032367401,0.7524947763403846,1.2964553370846517,Specialty Chemicals,Basic Materials,HDSN
2010Q1,2010,Q1,2010-05-04,2010-03-31,-270000.0,9083000.0,-164000.0,-0.01,1176000.0,0.12947264119784213,27194000.0,11820000.0,20023000.0,11002000.0,15374000.0,13359000.0,-26073000.0,54451360.6,64819360.6,0.5643936103958438,1.8199418287584075,0.38850481723909686,0.893824027072758,-0.0035619393746334897,0.5643936103958438,-0.02284263959390863,5.994865198722889,-50.41792648148149,4.606714094754653,0.0,0.5918856201811513,0.0,0.3340075016547768,0.49645518996546084,-0.009928660733985437,-84.42071410852714,0.12947264119784213,0.8838559814169571,-2.475241891335024,1.4153416170167592,3.5880748666057087,11.378947368421052,0.8435689455388181,0.8931596091205212,-2.1805949725421216,0.38470534651774524,0.7579954677936916,Specialty Chemicals,Basic Materials,HDSN
2009Q4,2009,Q4,2010-03-01,2009-12-31,-1726000.0,2769000.0,-1535000.0,-0.0861,95000.0,0.03430841459010473,26345000.0,12015000.0,19118000.0,9749000.0,14330000.0,16410000.0,-25803000.0,29278840.0,39017840.0,0.5991323426747781,1.961021643245461,0.38102106661605617,0.8354556803995006,-0.06685492664368717,0.5991323426747781,-0.14365376612567624,10.573795594077284,-4.2408516801854,2.436857261756138,0.0,0.16294942108470445,0.0,0.10510533308028089,0.1941737614114268,-0.06551527804137408,-142.13029126213593,0.03430841459010473,-1.8699999999999999,-3.0726172136117436,0.03042884069954591,3.3944799919846047,-0.8586309523809523,-1.6231003039513678,-4.70631970260223,-19.267556212770973,0.2907427964704608,0.9379965101966946,Specialty Chemicals,Basic Materials,HDSN
2009Q3,2009,Q3,2009-11-04,2009-09-30,-658000.0,6499000.0,-269000.0,-0.03,672000.0,0.10340052315740883,26855000.0,13394000.0,19153000.0,8587000.0,13461000.0,14270000.0,-24077000.0,24314913.54,33862913.54,0.672043516548733,2.23046465587516,0.4090858313163284,0.8202180080633119,-0.00911282080113249,0.672043516548733,-0.04912647454083918,3.741331518695184,-9.238189034954408,1.8153586337165895,0.0,0.40833917309039947,0.0,0.24200335133122325,0.5203214160940958,-0.024501954943213555,5.198826927517639,0.10340052315740883,-4.0,-3.7988925255122004,1.3301480260671457,4.09323837410836,-0.65,-5.012195121951219,-1.3881673881673882,-2.2692046095247274,0.6996849051003452,1.1668857330354232,Specialty Chemicals,Basic Materials,HDSN
2009Q2,2009,Q2,2009-08-13,2009-06-30,164000.0,8317000.0,693000.0,0.01,1920000.0,0.230852470842852,32024000.0,12611000.0,24681000.0,14296000.0,19413000.0,18019000.0,-23420000.0,25646983.560000002,41157983.56,0.6490634643663334,1.7264269725797425,0.5005308518611041,1.2710332249623344,0.010884405339805826,0.6490634643663334,0.013004519863611133,3.0836820440062525,39.09601152439024,2.033699433827611,0.0,0.3550141517287308,0.0,0.2597114664001999,0.41032456631225517,0.005121159130652011,12.881458342541437,0.230852470842852,2.0,-0.5809574825996352,1.4651441083751409,4.402001945183811,0.708185053380783,1.5963636363636364,7.728155339805825,-0.831484794773985,0.25913188376648433,1.3029308006850717,Specialty Chemicals,Basic Materials,HDSN
2009Q1,2009,Q1,2009-05-07,2009-03-31,-275000.0,6583000.0,-103000.0,-0.01,1124000.0,0.1707428224213884,37734000.0,12442000.0,30424000.0,19916000.0,25292000.0,21908000.0,-23583000.0,29137425.0,46638425.0,0.6405164492057894,1.5276159871460133,0.5394869348598081,1.6361517440925897,-0.001335183027313626,0.6405164492057894,-0.022102555859186628,4.42616208415616,-26.48856818181818,2.3418602314740395,0.0,0.24917838232609094,0.0,0.17445804844437376,0.3858204458726652,-0.007287857104998145,-8.249554077010192,0.1707428224213884,0.7524752475247524,-0.28695111756329406,-0.18560221241898547,1.2247813545735633,0.739938080495356,0.6650426309378806,0.9053308823529411,-2.4840815507390412,0.27063059030789144,1.841335577498343,Specialty Chemicals,Basic Materials,HDSN
2008Q4,2008,Q4,2009-03-05,2008-12-31,-821000.0,2871000.0,-1088000.0,-0.0404,646000.0,0.22500870776732845,33495000.0,12706000.0,26223000.0,15124000.0,20789000.0,23613000.0,-23308000.0,26016565.5,39991565.5,0.6593145432666737,1.7338667019307061,0.4236154649947753,1.116716511884149,-0.02389382637782691,0.6593145432666737,-0.0646151424523847,9.061847962382446,-7.922218483556638,2.047581103415709,0.0,0.09422775589717529,0.0,0.08571428571428572,0.12860354403596932,-0.0245111210628452,-9.773315364387678,0.22500870776732845,-1.3107692307692307,0.751045187398739,-0.7571841213543544,0.3335777661586178,-0.6642411642411642,-1.2997444322745528,-2.694704049844237,-6.219916021129381,0.3141695494123915,2.0183040006700144,Specialty Chemicals,Basic Materials,HDSN
2008Q3,2008,Q3,2008-11-04,2008-09-30,2739000.0,5841000.0,642000.0,0.13,1924000.0,0.32939565142954974,29902000.0,13414000.0,22634000.0,10556000.0,16488000.0,18877000.0,-22488000.0,29114641.5,40424641.5,0.6910955781475104,2.1441834028040923,0.4029830780549796,0.8983151930818548,0.200743731232054,0.6910955781475104,0.20418965260175936,4.984530303030303,2.6574152519167575,2.1704667884299984,0.0,0.20750119192668326,0.0,0.19533810447461708,0.3202917771883289,0.09159922413216508,17.33014375,0.32939565142954974,-0.13333333333333328,2.2377640147752698,-0.610153920096536,46.60561209726728,-0.6259720062208398,-0.08669556518839613,-0.8312746386333771,5.836375596664999,0.703761440881518,2.170890433969698,Specialty Chemicals,Basic Materials,HDSN
2008Q2,2008,Q2,2008-06-30,2008-06-30,2999000.0,13089000.0,3805000.0,0.15,5144000.0,0.3930017572007029,28659000.0,10720000.0,23876000.0,11722000.0,17939000.0,15217000.0,-25227000.0,48929064.029999994,61868064.029999994,0.5543044923845439,2.0368537792185633,0.4802330855926585,1.2838619402985074,0.13351087601305686,0.5543044923845439,0.27975746268656715,3.7381819871647943,4.078781596365455,4.564278361007463,0.0,0.5221134257738056,0.0,0.4567151680100492,0.7045725985326736,0.10464426532677344,-16.037058023598817,0.3930017572007029,0.6666666666666666,2.543294364154774,-0.30967685746967455,3.318380630627821,0.43047830923248054,0.7127355796687607,0.85068093385214,1.369481547174994,1.3916766250489412,1.9394258081971913,Specialty Chemicals,Basic Materials,HDSN
2008Q1,2008,Q1,2008-05-06,2008-04-30,1751000.0,11366000.0,2056000.0,0.09,3596000.0,0.31638219250395916,24942000.0,7314000.0,20454000.0,11416000.0,17628000.0,13653000.0,-28226000.0,46688902.272,56971902.272,0.3834888191564462,1.7916958654519972,0.4441905220110657,1.514766201804758,0.10855778134746395,0.3834888191564462,0.23940388296417828,4.107768983987331,6.666034019417475,6.383497712879409,0.0,0.5691056910569106,0.0,0.4556972175447037,0.5655220742817099,0.07020287065993104,-49.19800028661749,0.31638219250395916,3.0270270270270268,2.1236820749143424,-0.4578012458029168,0.8238742363898969,3.8660351826792962,2.7758620689655173,4.14854517611026,9.505549094889343,2.3188684642373385,2.1174616090390628,Specialty Chemicals,Basic Materials,HDSN
2007Q4,2007,Q4,2008-03-12,2007-12-31,-986000.0,2732000.0,-653000.0,-0.0444,739000.0,0.270497803806735,19386000.0,5563000.0,14873000.0,7330000.0,13823000.0,12602000.0,-29977000.0,21547771.09,30881771.09,0.25042543739033196,2.0290586630286493,0.49607964510471475,1.7287434837317994,-0.048529620149359486,0.25042543739033196,-0.17724249505662412,7.887178290629575,-5.463430803752535,3.873408428905267,0.0,0.1581495000793525,0.0,0.14092644176209637,0.2768076398362892,-0.05086144640462189,-11.710745157608695,0.270497803806735,-3.2199999999999998,0.8305245536148472,-0.8017878284757225,-0.1427366015857967,-0.5401369010578718,-3.761904761904762,-2.104906937394247,-1.100294077622076,-0.0822040507549846,0.8368054863851282,Specialty Chemicals,Basic Materials,HDSN
2007Q3,2007,Q3,2007-11-07,2007-09-30,357000.0,4738000.0,591000.0,0.02,1607000.0,0.33917264668636554,17694000.0,6112000.0,13131000.0,4836000.0,11582000.0,9460000.0,-28991000.0,22460477.040000003,29954477.040000003,0.3020559175086871,2.715260545905707,0.4503221430993557,1.3036649214659686,0.04162464488636364,0.3020559175086871,0.05840968586387434,4.740497475728156,15.72862537815126,3.674816269633508,0.0,0.33097251585623677,0.0,0.26777438679778454,0.7067824648469809,0.020176330959647337,31.90408670454546,0.33917264668636554,1.3333333333333335,1.1065805879437836,-0.6882981778607613,-0.4090436155110913,-0.455069515089861,1.2210526315789474,1.2184842883548983,0.4957032816970527,0.6732041466567136,1.289201148881547,Specialty Chemicals,Basic Materials,HDSN
2007Q2,2007,Q2,2007-08-01,2007-06-30,-1615000.0,11307000.0,-2705000.0,-0.06,2949000.0,0.2608118864420271,18475000.0,7114000.0,13875000.0,4336000.0,11361000.0,6750000.0,-29348000.0,28236515.400000002,35055515.400000006,0.2746181634012814,3.1999538745387452,0.4483355886332882,1.164323868428451,-0.09889472749271273,0.2746181634012814,-0.22701714928310374,2.497259697532502,-4.370977616099071,3.9691475119482718,0.0,1.2382222222222221,0.0,0.6120162381596752,1.577029520295203,-0.08741542625169148,18.811802398401067,0.2608118864420271,-6.999999999999999,-3.419825122968254,-0.6671213253190333,-0.5942541786808543,0.8928112965340179,-6.706713780918728,-7.549636803874092,-4.095027615820776,1.5136265961211863,1.2855821261251006,Specialty Chemicals,Basic Materials,HDSN
2007Q1,2007,Q1,2007-05-08,2007-03-31,283000.0,8117000.0,413000.0,0.01,1558000.0,0.19194283602316126,17044000.0,8320000.0,13548000.0,7476000.0,8724000.0,10142000.0,-27733000.0,30064529.786399998,34431529.7864,0.32104383699246136,1.812199036918138,0.27992255339122274,0.5734375,0.03154839202505538,0.32104383699246136,0.034014423076923074,3.7038967335715163,26.558771896113075,3.613525214711538,0.0,0.6467166239400512,0.0,0.4762379723069702,0.4396736222578919,0.0166040835484628,-70.0804890125874,0.19194283602316126,3.3809523809523814,1.1257007072695229,-0.7356906284813349,-0.5060890937448571,1.1519337016574585,3.5727272727272728,2.3812709030100336,1.9926970096372425,-0.24732204437924354,0.11511943749020352,Specialty Chemicals,Basic Materials,HDSN
