Quarters,Year,Quarter,FillingDate,Date,NetIncome,Revenue,OperatingIncome,EPSDiluted,GrossProfit,GrossProfitRatio,TotalAssets,CommonStockEquity,CurrentAssets,CurrentLiability,TotalLiability,Inventory,RetainedEarnings,MarketCap,EnterpriseValue,bookValuePerShare,currentRatio,debtToAssets,debtToEquity,roic,shareholdersEquityPerShare,roe,priceToSalesRatio,peRatio,pbRatio,payoutRatio,inventoryTurnover,dividendYield,assetTurnover,quickRatio,returnOnAssets,priceToFreeCashFlowsRatio,grossProfitMargin,epsdilutedGrowth,fiveYNetIncomeGrowthPerShare,fiveYRevenueGrowthPerShare,fiveYShareholdersEquityGrowthPerShare,grossProfitGrowth,netIncomeGrowth,operatingIncomeGrowth,threeYNetIncomeGrowthPerShare,threeYRevenueGrowthPerShare,threeYShareholdersEquityGrowthPerShare,Industry,Sector,Symbol
2023Q3,2023,Q3,2023-04-06,2023-02-25,6340000.0,70364000.0,7613000.0,0.44,22405000.0,0.3184156671,199203000.0,154940000.0,170844000.0,42184000.0,44263000.0,101409000.0,83760000.0,303833450.0,281566450.0,10.989431874601035,4.049971553195524,0.011937571221316948,0.01534787659739254,0.03780354969626781,10.989431874601035,0.04091906544468827,4.318024131658234,11.980814274447951,1.9609748935071643,0.13154574132492114,0.47292646609275313,0.0027449248922394817,0.3532276120339553,1.583443959795183,0.03182682991722012,-46.815631741140216,0.3184156671024956,0.12820512820512817,10.032025768444422,0.5494025929585236,0.04118629879905593,0.025353530730859,0.14254820688412326,0.05750798722044728,64.51087204384967,0.7138476024811429,0.19388104439754017,Electronic Components,Technology,RELL
2023Q2,2023,Q2,2023-01-05,2022-11-26,5549000.0,65905000.0,7199000.0,0.39,21851000.0,0.3315529929,193101000.0,148088000.0,165941000.0,42692000.0,45013000.0,97434000.0,78254000.0,370930050.0,347351050.0,10.599670746546417,3.886934320247353,0.013086415917058948,0.017064178056290853,0.036911142881128234,10.599670746546417,0.03747096321106369,5.628253546771869,16.71157190484772,2.504794784182378,0.14975671292124706,0.45214196276453805,0.002240314582223791,0.34129807717204985,1.5456291576876229,0.028736257191832253,-71.01858127512924,0.33155299294438967,-0.13333333333333333,2.0698099025610945,0.5560888404193688,0.011809584649896432,-0.05107048247709211,-0.12254901960784313,-0.17997494019820026,9.387391682495274,0.5633385737894114,0.14423165640085783,Electronic Components,Technology,RELL
2023Q1,2023,Q1,2022-10-06,2022-08-27,6324000.0,67557000.0,8779000.0,0.45,23027000.0,0.3408529094,187586000.0,140664000.0,160838000.0,44331000.0,46922000.0,89080000.0,73536000.0,239700880.0,211856880.0,10.216734456711215,3.6281157654914167,0.014867847280713912,0.01982739009270318,0.04502297561576018,10.216734456711215,0.04495819825968265,3.5481279512115695,9.475841239721694,1.7040669965307398,0.12950664136622392,0.49988774135608444,0.003416758419910682,0.36013881632957684,1.538449392073267,0.03371253718294542,-51.29485983308367,0.3408529093950294,-0.2372881355932203,53.69535205860381,0.7042205418402646,-0.017881861113362527,0.1412499380482728,-0.23650851140890983,0.760730044123546,37.287891797466294,0.579599547769073,0.09045715316217169,Electronic Components,Technology,RELL
2022Q4,2022,Q4,2022-08-01,2022-05-28,8283000.0,61629000.0,4986000.0,0.59,20177000.0,0.3273945707,179819000.0,135847000.0,153211000.0,41206000.0,43972000.0,80390000.0,68031000.0,191271280.0,158800280.0,9.936146869514335,3.718172110857642,0.016816910337617272,0.022260336996768423,0.06077542522432117,9.936146869514335,0.060973006396902396,3.103592140063931,5.773007364481469,1.407990459855573,0.09766992635518532,0.5156362731683045,0.004229594741040055,0.34272796534292815,1.7078338106101054,0.046062985557699686,79.43159468438539,0.327394570737802,1.9499999999999997,63.03768285547103,0.5444284670689472,-0.0388758157459665,0.14844328077864422,1.8690682369241427,0.3762075627932652,2.240174516321042,0.39561354276009303,0.0480737350989449,Electronic Components,Technology,RELL
2022Q3,2022,Q3,2022-04-07,2022-02-26,2887000.0,55308000.0,3623000.0,0.2,17569000.0,0.3176574817,170686000.0,129611000.0,147787000.0,37883000.0,41075000.0,73673000.0,60557000.0,160137800.0,124267800.0,9.550585807972883,3.9011429928991896,0.01919899698862238,0.025283347863993024,0.021972435767246647,9.550585807972883,0.022274343998580366,2.895382223186519,13.867145826117076,1.2355263056376389,0.2791825424315899,0.5122500780475887,0.0050331651864831415,0.3240336055681192,1.8676451178628937,0.01691409957465756,-90.57567873303168,0.31765748173862735,-0.33333333333333326,2.9098401702442227,0.6203190842570152,-0.0654339281495683,-0.004983859092711106,-0.29961183891314896,-0.1984513274336283,3.5752932184187904,0.3630808328851765,-0.052023998524083515,Electronic Components,Technology,RELL
2022Q2,2022,Q2,2022-01-06,2021-11-27,4122000.0,53979000.0,4520000.0,0.3,17657000.0,0.3271086904,164849000.0,125413000.0,141275000.0,35534000.0,39436000.0,70741000.0,58476000.0,147839020.0,111814020.0,9.382284731054089,3.975769685371757,0.022080813350399457,0.029024104359197212,0.03005353587315411,9.382284731054089,0.032867406090277725,2.7388247281350155,8.966461669092674,1.1788173474839132,0.19213973799126638,0.5134504742652776,0.005357178368741892,0.3274451164398935,1.8898519727584848,0.02500470127207323,38.29034447034447,0.32710869041664353,0.4999999999999999,2.5704685874352826,0.5333019927444311,-0.0928207331923671,0.08345094189114562,0.564326375711575,0.5983026874115983,14.236637851267654,0.2754718338953499,-0.07663843356242273,Electronic Components,Technology,RELL
2022Q1,2022,Q1,2021-10-07,2021-08-28,2635000.0,53704000.0,2828000.0,0.2,16297000.0,0.303459705,160206000.0,122678000.0,136220000.0,33252000.0,37528000.0,67649000.0,55146000.0,113903870.0,81420870.0,9.230155744488751,4.09659569349212,0.024562126262437114,0.03207584081905476,0.020371437268872222,9.230155744488751,0.021478993788617357,2.120956911961865,10.806818785578747,0.9284783742806372,0.298292220113852,0.552957176011471,0.006900555705438279,0.3352184063018863,1.9891134367857572,0.016447573748798423,-19.948138353765323,0.30345970504990316,0.5384615384615385,1.8934667569533268,0.5550846144581438,-0.14438014404026128,-0.0036681543070245155,0.3978779840848806,0.2100984167736414,4.961893338495896,0.1860088418816569,-0.1103108719420019,Electronic Components,Technology,RELL
2021Q4,2021,Q4,2021-08-02,2021-05-29,1885000.0,50472000.0,2337000.0,0.13,16357000.0,0.3240806784,156753000.0,121560000.0,134305000.0,32227000.0,35193000.0,63508000.0,53297000.0,113090850.00000001,72198850.00000001,9.190292583352234,4.167468271945884,0.015463818874279918,0.01994076999012833,0.015158510733445575,9.190292583352234,0.015506745640013163,2.2406651212553497,14.998786472148543,0.9303294669299113,0.41485411140583556,0.5371764187189015,0.006914794609820334,0.32198426824367,2.1228162720700032,0.012025288192251503,-29.50452648056353,0.3240806783959423,5.5,12.768694044683771,0.23439749429928503,-0.16967887724080755,0.03748572878345807,7.267543859649122,6.419047619047619,0.07354861170798593,0.09886545242272826,-0.10939530820223058,Electronic Components,Technology,RELL
2021Q3,2021,Q3,2021-04-08,2021-02-27,228000.0,45235000.0,315000.0,0.02,15766000.0,0.3485354261,153967000.0,119585000.0,131046000.0,31657000.0,34382000.0,59425000.0,52194000.0,82814160.0,47275160.0,9.053982434887947,4.139558391508987,0.01862736820227711,0.02398294100430656,0.0019761665835238557,9.053982434887947,0.0019065936363256261,1.8307540621200398,90.80499999999999,0.6925129405861938,3.4210526315789473,0.4959023979806479,0.00941867912443959,0.2937967226743393,2.188678649271883,0.001480836802691486,36.921159161836826,0.3485354261081021,-0.6,1.075762819857308,0.40556442763569056,-0.17658426392057694,0.09921215924144182,-0.6690856313497823,-0.6302816901408451,-0.576501275174496,0.06326031207942232,-0.14218655082978218,Electronic Components,Technology,RELL
2021Q2,2021,Q2,2021-01-07,2020-11-28,689000.0,42418000.0,852000.0,0.05,14343000.0,0.3381347541,152568000.0,119634000.0,129436000.0,30367000.0,32934000.0,59538000.0,52746000.0,60492640.0,26261640.0,9.057692307692308,4.262390094510488,0.01830003670494468,0.02333784710032265,0.006318124048801747,9.057692307692308,0.005759232325258706,1.4261077844311376,21.949433962264152,0.5056475583864118,1.1320754716981132,0.4715475830561994,0.012894130591754633,0.27802684704525193,2.209635459544901,0.004516019086571234,15.651394566623544,0.3381347541138196,1.574052812858783,1.2939834907447592,0.213819456668427,-0.19321992297959711,0.1605307872805243,1.6006974716652136,2.380875202593193,-0.596813100700542,0.05939189003003555,-0.13538258773568565,Electronic Components,Technology,RELL
2021Q1,2021,Q1,2020-10-08,2020-08-29,-1147000.0,38812000.0,-617000.0,-0.0871,12359000.0,0.3184324436,150316000.0,119070000.0,126636000.0,28534000.0,31246000.0,60160000.0,52837000.0,65835000.0,35464000.0,9.043062200956937,4.43807387677858,0.020782884057585355,0.026236667506508778,-0.005520259490160062,9.043062200956937,-0.009632988998068363,1.6962537359579513,-14.349389712292938,0.5529100529100529,-0.6800348735832606,0.43971077127659575,0.011847801321485532,0.2582027196040342,2.245952197378566,-0.007630591553793342,-16.155828220858897,0.31843244357415235,0.10574948665297745,0.1514857822746917,0.08354048223629923,-0.18207770630656578,0.08679212099894477,0.10390625,0.5209627329192547,-8.993736370146145,0.02377727360335255,-0.13070507447652205,Electronic Components,Technology,RELL
2020Q4,2020,Q4,2020-08-03,2020-05-30,-1280000.0,37362000.0,-1288000.0,-0.0974,11372000.0,0.3043734275,150720000.0,118660000.0,126666000.0,29181000.0,32060000.0,57492000.0,54764000.0,55167000.0,28058000.0,9.033878949371907,4.34070114115349,0.02273089171974522,0.02887240856227878,-0.012006688974902128,9.033878949371907,-0.010787122872071465,1.4765537176810664,-10.7748046875,0.46491656834653633,-0.60546875,0.45206289570722885,0.014048253484873202,0.24789012738853503,2.2868304718823893,-0.008492569002123142,14.707278059184217,0.3043734275467052,-12.71830985915493,0.3651645255993169,0.11512392462558627,-0.2099421545438608,-0.10244672454617205,-12.763440860215054,-34.02564102564103,-8.978835173201372,-0.025426123732657666,-0.12615225500494676,Electronic Components,Technology,RELL
2020Q3,2020,Q3,2020-04-09,2020-02-29,-93000.0,38249000.0,39000.0,-0.0071,12670000.0,0.3312504902,151408000.0,120905000.0,126536000.0,27243000.0,30503000.0,56677000.0,56819000.0,58713450.0,31608450.0,9.204796345641416,4.644716073853834,0.024899609003487266,0.031181506141185228,-0.00032088371747369753,9.204796345641416,-0.0007691989578594764,1.5350322884258412,-157.83185483870966,0.4856163930358546,-8.344086021505376,0.45131181960936534,0.013216733133549468,0.25262205431681284,2.457475314759755,-0.000614234386558174,-43.330959409594094,0.33125049020889435,0.850210970464135,0.9557238421058283,0.195820693349561,-0.2083598687846248,-0.0007886435331230284,0.8504823151125402,1.0810810810810811,0.9364354521941554,0.1577490988499421,-0.09927092055987824,Electronic Components,Technology,RELL
2020Q2,2020,Q2,2020-01-09,2019-11-30,-622000.0,39634000.0,-481000.0,-0.0474,12680000.0,0.3199273351,152976000.0,121677000.0,127412000.0,27903000.0,31299000.0,56169000.0,57688000.0,74317830.0,45328830.0,9.263570612866388,4.566247356915027,0.026572795732663947,0.03340812150200942,-0.00425243869716656,9.263570612866388,-0.005111894606211528,1.8751029419185548,-29.870510450160772,0.6107796050198476,-1.2459807073954985,0.47987323968737206,0.010428183923023585,0.2590863926367535,2.450990932874601,-0.004065997280619182,516.0960416666667,0.31992733511631427,-5.74,0.3767767154204986,0.2403749606848938,-0.2244258024399848,-0.02092502509458729,-4.961783439490445,-5.625,0.7588343098434575,0.14570983558395473,-0.10429927917389939,Electronic Components,Technology,RELL
2020Q1,2020,Q1,2019-10-10,2019-08-31,157000.0,40653000.0,104000.0,0.01,12951000.0,0.318574275,150986000.0,122615000.0,124964000.0,24785000.0,28371000.0,54137000.0,59085000.0,76428080.0,34190080.0,9.369221364713074,5.041920516441396,0.027942988091611144,0.03440851445581699,0.0003730263904291407,9.369221364713074,0.0012804306161562614,1.8800108233094728,121.7007643312102,0.6233175386371977,4.936305732484076,0.5117017935977243,0.010140252116761273,0.2692501291510471,2.7598547508573734,0.001039831507556992,-31.93818637693272,0.31857427496125745,1.0204081632653061,3.0241074330177744,0.25368272262130254,-0.24061918850196565,0.03508631713554987,1.0246197271444253,5.521739130434782,1.0540648480680574,0.19552192736292168,-0.13148899580407553,Electronic Components,Technology,RELL
2019Q4,2019,Q4,2019-08-05,2019-06-01,-6377000.0,42163000.0,-23000.0,-0.49,12512000.0,0.2967530773,153017000.0,123757000.0,130614000.0,28216000.0,29260000.0,53232000.0,59703000.0,66314320.0,24295320.0,9.480389152750115,4.629075701729515,0.0,0.0,-0.00019384251930870184,9.480389152750115,-0.05152839839362622,1.5728083865000118,-2.599745962051121,0.535842982619165,-0.12090324604045789,0.5570145776976255,0.011626448103516707,0.2755445473378775,2.633789339381911,-0.04167510799453655,33.90302658486708,0.29675307734269385,-4.932203389830508,-1.4056031546441388,0.2779718253156389,-0.24089651898251815,0.01731848117733149,-4.915584415584416,0.9711779448621554,-39.34141061694105,0.04484956605957485,-0.14346934070794792,Electronic Components,Technology,RELL
2019Q3,2019,Q3,2019-04-11,2019-03-02,-1078000.0,39018000.0,-798000.0,-0.0826,12299000.0,0.3152134912,158048000.0,131475000.0,128930000.0,25344000.0,26573000.0,53094000.0,66851000.0,96961500.0,63092500.0,10.074712643678161,5.087200126262626,0.0,0.0,-0.008464454577589774,10.074712643678161,-0.008199277429169044,2.4850453636783025,-22.486433209647494,0.7374900171135196,-0.7152133580705009,0.503239537424191,0.007951609659504031,0.24687436728082607,2.859493371212121,-0.006820712694877506,-28.088499420625723,0.3152134912091855,-2.5450643776824036,-1.1773966525509174,0.2750017686692476,-0.20914859268753438,-0.05180787911494873,-2.5460526315789473,-0.7577092511013216,0.6374510990118976,0.22706541523268597,-0.08375380812348668,Electronic Components,Technology,RELL
2019Q2,2019,Q2,2019-01-10,2018-12-01,-304000.0,41314000.0,-454000.0,-0.0233,12971000.0,0.313961369,160443000.0,132591000.0,131250000.0,26650000.0,27852000.0,51649000.0,68700000.0,93691820.0,45832820.0,10.161008506398957,4.924953095684803,0.0,0.0,-0.008261232507222055,10.161008506398957,-0.002292764968964711,2.2677983250229947,-77.04919407894737,0.706622772284695,-2.5328947368421053,0.5487618346918623,0.008218433583636223,0.2574995481261258,2.8381613508442776,-0.0018947539001389901,-392.01598326359834,0.3139613690274483,-1.7766666666666668,-1.6251901962011652,0.25638405090830835,-0.2041612038778085,-0.07037912993621444,-1.705336426914153,-1.531615925058548,0.8687083418733896,0.19663301599983493,-0.09494615770558176,Electronic Components,Technology,RELL
2019Q1,2019,Q1,2018-10-11,2018-09-01,431000.0,44157000.0,854000.0,0.03,13953000.0,0.3159861404,160732000.0,134465000.0,131621000.0,25062000.0,26267000.0,50267000.0,69774000.0,117037829.99999999,64559829.999999985,10.374585294344572,5.251815497566036,0.0,0.0,0.0038993190593978903,10.374585294344572,0.003205295058193582,2.650493240029893,67.88737238979118,0.8703962369389804,1.7726218097447797,0.6008713470069827,0.006527803873328821,0.27472438593435033,3.0988348894741042,0.002681482218848767,-24.89107401105912,0.3159861403627964,-0.7692307692307693,-0.7540618650824268,0.4475178619450475,-0.1623606184068139,-0.09939972890983025,-0.7521564117308798,-0.5445333333333333,1.3239077214047155,0.25235370206335533,-0.061644782320469146,Electronic Components,Technology,RELL
2018Q4,2018,Q4,2018-08-02,2018-06-02,1739000.0,45490000.0,1875000.0,0.13,15493000.0,0.3405803473,166329000.0,135181000.0,137824000.0,29946000.0,31148000.0,50720000.0,70107000.0,127069999.99999999,66604999.999999985,10.31916030534351,4.602417685166634,0.0,0.0,0.011018930344068176,10.31916030534351,0.01286423387902146,2.7933611782809407,18.267682576193213,0.9399989643514991,0.43933294997124783,0.5914235015772871,0.00601243409144566,0.2734940990446645,2.783577105456488,0.010455182199135448,57.732848705134025,0.3405803473290833,2.25,2.4032567822732918,0.48048166044799995,-0.16439084328811612,0.10137200540271557,2.299810246679317,0.9389865563598759,1.864787853048898,0.36134354290567383,-0.09753787897246069,Electronic Components,Technology,RELL
2018Q3,2018,Q3,2018-04-12,2018-03-03,527000.0,41645000.0,967000.0,0.04,14067000.0,0.3377836475,163358000.0,136462000.0,134849000.0,25713000.0,26896000.0,49129000.0,69132000.0,104466320.0,44584320.0,10.55472194291902,5.244389997277642,0.0,0.0,0.003679250139323147,10.55472194291902,0.003861880963198546,2.5084960979709447,49.55707779886148,0.7655341413726898,1.4478178368121442,0.5613385169655397,0.007303789393557656,0.2549308879883446,3.1880371796367597,0.003226043413851786,204.83592156862744,0.33778364749669826,2.0075187969924815,0.5166350264850911,0.4397524649537823,-0.16422903971365288,0.051816958277254375,-0.684052757793765,0.25259067357512954,1.2548958330620845,0.32273847843582737,-0.09226221308082887,Electronic Components,Technology,RELL
2018Q2,2018,Q2,2018-01-11,2017-12-02,1668000.0,39082000.0,772000.0,0.0133,13374000.0,0.342203572,159986000.0,135056000.0,131393000.0,23869000.0,24930000.0,48059000.0,69368000.0,85602880.0,31149880.0,10.475954080049643,5.504755121705978,0.0,0.0,0.0013965587338854721,10.475954080049643,0.012350432413221183,2.1903403101171897,12.830167865707432,0.6338324843028077,0.45743405275779375,0.5349258203458249,0.008913251516771399,0.24428387483904843,3.33507897272613,0.010425912267323392,-56.09625163826999,0.3422035719768691,2.528735632183908,3.256960142625672,0.030043192053495586,-0.31519239295491147,0.10092196246295687,15.892857142857142,5.386363636363637,2.702782243636164,0.24615380024100758,-0.1229213854077784,Electronic Components,Technology,RELL
2018Q1,2018,Q1,2017-10-12,2017-09-02,-112000.0,36995000.0,-176000.0,-0.0087,12148000.0,0.3283686985,157121000.0,133665000.0,127622000.0,22555000.0,23456000.0,46136000.0,68463000.0,71697420.0,15268420.0,10.402755078216204,5.658257592551541,0.0,0.0,-0.003072357510692153,10.402755078216204,-0.0008379156847342236,1.938030004054602,-160.03888392857144,0.5363963640444395,-6.767857142857143,0.5385599098318016,0.010572207479711264,0.23545547698907213,3.463223232099313,-0.0007128264204021104,-20.650178571428572,0.32836869847276656,0.1122448979591837,-1.1720692725863595,0.03150913452916321,-0.3184015397374577,0.013431217151914573,0.104,-1.2564102564102564,-0.4706952957756778,0.16200727140638074,-0.15685068314606518,Electronic Components,Technology,RELL
2017Q4,2017,Q4,2017-07-31,2017-05-27,-125000.0,37359000.0,-78000.0,-0.0098,11987000.0,0.3208597661,157464000.0,132327000.0,128357000.0,24244000.0,25137000.0,42749000.0,69333000.0,77568000.0,22241000.0,10.338046875,5.294382115162515,0.0,0.0,-0.0005539932944651638,10.338046875,-0.000944629591844446,2.076286838512808,-155.136,0.5861842254415198,-6.064,0.5935109593206859,0.00977207095709571,0.23725422953818015,3.404471209371391,-0.0007938322410201697,20.116182572614107,0.3208597660536952,0.9109090909090909,-1.0435942094359796,0.25438969329850464,-0.13769144454905524,0.12111859334081557,0.9126484975541579,0.9404580152671755,0.9519103939500527,0.15483159285532594,-0.17222307615316426,Electronic Components,Technology,RELL
2017Q3,2017,Q3,2017-04-06,2017-02-25,-1431000.0,32313000.0,-1310000.0,-0.11,10692000.0,0.3308884969,153322000.0,131287000.0,124554000.0,21064000.0,22035000.0,42860000.0,70216000.0,80036810.0,28650810.0,10.219272982019149,5.91312191416635,0.0,0.0,-0.009908894947017534,10.219272982019149,-0.010899784441719287,2.4769229102837866,-13.982671208944796,0.6096324083877307,-0.5296995108315863,0.5044563695753617,0.009470642320702187,0.21075253388293919,3.7527060387390807,-0.00933329854815356,-39.44643173977329,0.33088849688979666,0.45,-2.1636247667658424,-0.08210635959944472,-0.32592747283859264,-0.024808464064210143,0.43259318001586045,0.4550748752079867,-1.9360754478240434,0.07258532572592992,-0.19780080034228323,Electronic Components,Technology,RELL
2017Q2,2017,Q2,2017-01-05,2016-11-26,-2522000.0,33827000.0,-2404000.0,-0.2,10964000.0,0.324119786,155404000.0,132836000.0,126725000.0,21345000.0,22568000.0,43078000.0,72405000.0,76678680.0,22567680.0,10.342260977888508,5.9369875849145,0.0,0.0,-0.02085057300276399,10.342260977888508,-0.0189858170977747,2.266789251189878,-7.600979381443299,0.5772432172001566,-0.3001586042823156,0.5307349459120665,0.009872366086635815,0.2176713598105583,3.7910517685640666,-0.016228668502741243,-51.11912,0.32411978596978747,0.09090909090909087,-4.328357153309594,-0.053266407509738954,-0.31465976940472506,0.070703125,0.11508771929824561,-0.1518926689027312,-6.269393021602744,0.0451186244274245,-0.18996499996620123,Electronic Components,Technology,RELL
2017Q1,2017,Q1,2016-10-06,2016-08-27,-2850000.0,33373000.0,-2087000.0,-0.22,10240000.0,0.3068348665,160571000.0,138557000.0,132386000.0,20581000.0,22014000.0,45187000.0,75685000.0,88623600.0,31135600.0,10.787682964808472,6.432437685243672,0.0,0.0,-0.01824386753907153,10.787682964808472,-0.020569152045728473,2.6555478980013785,-7.774000000000001,0.6396183520139725,-0.26596491228070174,0.5119392745701197,0.008553026507611966,0.2078395227033524,4.152130605898645,-0.01774915769348139,-23.70248729606847,0.30683486650885444,-17.181818181818183,-1.876512900907537,-0.10221622112882675,-0.2993513855854013,-0.2351359426351957,-17.387096774193548,-9.331683168316832,-2.6410872781065087,0.10397142836285576,-0.12900729705395036,Electronic Components,Technology,RELL
2016Q4,2016,Q4,2016-07-29,2016-05-28,-155000.0,39568000.0,-202000.0,-0.0121,13388000.0,0.3383542256,168130000.0,141675000.0,135925000.0,24031000.0,26455000.0,45422000.0,79292000.0,66432000.00000001,5978000.000000007,11.068359375,5.656235695559902,0.0,0.0,-0.000629626110480178,11.068359375,-0.0010940532909828834,1.6789324706833808,-107.1483870967742,0.4689041821069349,-4.890322580645162,0.5763726828409141,0.011410163776493256,0.23534169987509665,3.6480795638966335,-0.000921905668232915,-83.04,0.3383542256368783,0.947391304347826,-1.2289228136042403,0.624416805814753,0.05660757818738215,0.3731282051282051,0.9470266575529733,0.9257625872840868,0.8719939217758985,0.3179305346332035,-0.10372334861989108,Electronic Components,Technology,RELL
2016Q3,2016,Q3,2016-04-07,2016-02-27,-2926000.0,31291000.0,-2721000.0,-0.23,9750000.0,0.3115911924,163992000.0,141206000.0,133169000.0,20785000.0,22786000.0,45533000.0,80205000.0,63567900.0,3362900.0,10.995639308518923,6.406976184748617,0.0,0.0,-0.02002955560007325,10.995639308518923,-0.020721499086441088,2.0315074622095812,-5.431296992481204,0.45017846267155787,-0.25905673274094326,0.4730854545055235,0.01192425736889216,0.19080808819942435,4.075102237190282,-0.01784233377237914,-9.1097592433362,0.31159119235562943,-0.2777777777777779,-15.944724849847308,-0.07298912207615355,0.01457029815848796,-0.06564446574029707,-0.2799650043744532,0.015913200723327307,-9.477680753591633,0.08912236615072736,-0.1293151943231941,Electronic Components,Technology,RELL
2016Q2,2016,Q2,2016-01-07,2015-11-28,-2286000.0,34086000.0,-2765000.0,-0.18,10435000.0,0.3061374171,168848000.0,144637000.0,138762000.0,22449000.0,24211000.0,43126000.0,83889000.0,73690760.0,5827760.0,11.22696576884266,6.181210744353868,0.0,0.0,-0.021602105047948097,11.22696576884266,-0.015805084452802532,2.161906941266209,-8.058919510061243,0.5094876138194238,-0.3311461067366579,0.5484162686082642,0.01027265833599762,0.20187387472756563,4.137734420241436,-0.01353880413152658,-23.60370275464446,0.3061374171213988,-0.7999999999999998,-16.598097160155685,-0.04652620288304843,0.0952196748308513,-0.0734327828094477,-0.634024303073624,-1.7512437810945274,-6.838254916963292,-0.10100353224095128,-0.2660991539491521,Electronic Components,Technology,RELL
2016Q1,2016,Q1,2015-10-08,2015-08-29,-1399000.0,37071000.0,-1005000.0,-0.1,11262000.0,0.3037954196,176477000.0,150662000.0,143397000.0,23641000.0,25815000.0,41188000.0,86932000.0,81625730.0,13199730.0,11.05613854846995,6.065606361829026,0.0,0.0,-0.009051517234748818,11.05613854846995,-0.009285685839826897,2.201875590083893,-14.586442101501072,0.5417804755014536,-0.5761258041458185,0.6266145479265806,0.009874337417870565,0.21006136777030435,4.1934774332727045,-0.007927378638576132,-10.887785780979058,0.3037954196002266,0.33333333333333326,-1.1799190960218662,-0.7088252549859656,0.1574090739118277,0.10217263652378156,0.33475986685687115,0.6200378071833649,-3.0266188965469842,-0.025384259510370964,-0.2755912299745642,Electronic Components,Technology,RELL
2015Q4,2015,Q4,2015-07-28,2015-05-30,-2103000.0,34946000.0,-2645000.0,-0.15,10218000.0,0.2923939793,184994000.0,156652000.0,161178000.0,25912000.0,28342000.0,38769000.0,89141000.0,118642000.0,44107000.0,11.434452554744526,6.220206853967274,0.0,0.0,-0.01363603242315498,11.434452554744526,-0.013424661032096621,3.3950094431408457,-14.103899191631005,0.7573602635140311,-0.38373751783166904,0.6378291934277387,0.006801975691576339,0.18890342389482903,4.62754708243285,-0.011367936257392132,-36.78821705426357,0.2923939792823213,0.06250000000000006,-1.4130456975585506,-0.6888214177389905,0.5584870996279011,0.042653061224489794,0.04322111010009099,0.042707202316322836,-1.6852475137410077,0.09628660882528473,-0.04623896717878662,Electronic Components,Technology,RELL
2015Q3,2015,Q3,2015-04-10,2015-02-28,-2198000.0,33471000.0,-2763000.0,-0.16,9800000.0,0.2927907741,183088000.0,159820000.0,159963000.0,19460000.0,23268000.0,35915000.0,92168000.0,125629300.00000001,47231300.000000015,11.627500909421608,8.220092497430628,0.0,0.0,-0.017047762177941437,11.627500909421608,-0.013752972093605306,3.753377550715545,-14.28904686078253,0.7860674508822426,-0.36760691537761603,0.6590839482110539,0.00643162064900465,0.18281372891724199,6.22589928057554,-0.012005155990561915,-17.895911680911684,0.2927907741029548,-0.9464720194647204,-1.5267670216531901,-0.7046040445928248,0.35096552899046557,-0.06327662014911106,-1.0794701986754967,-0.2797591477535896,-2.6705442755882984,-0.11132953215822035,-0.23303947977747652,Electronic Components,Technology,RELL
2015Q2,2015,Q2,2015-01-08,2014-11-29,-1057000.0,33841000.0,-2159000.0,-0.0822,10462000.0,0.3091516208,194286000.0,166155000.0,171546000.0,21385000.0,28131000.0,37122000.0,95174000.0,140779320.0,50893320.0,11.944144921285314,8.021790974982464,0.0,0.0,-0.007650546364162478,11.944144921285314,-0.006361529896783124,4.16002245796519,-33.29690633869442,0.8472770605759681,-0.7729422894985809,0.6297882657184419,0.005803409193907174,0.1741813614979978,6.121393500116905,-0.005440433175833565,-45.26666237942122,0.30915162081498776,-12.932203389830507,-1.2622270332860177,-0.6881040656447602,0.37058818619038175,-0.018389941827735033,-11.734939759036145,-3.1202290076335877,-2.2879582163027785,-0.12552089249294549,-0.20850933348925355,Electronic Components,Technology,RELL
2015Q1,2015,Q1,2014-10-09,2014-08-30,-83000.0,34699000.0,-524000.0,-0.0059,10658000.0,0.3071558258,200905000.0,172781000.0,181879000.0,20826000.0,28124000.0,35620000.0,97048000.0,142700760.0,44616760.0,12.33797486432448,8.733266109670604,0.0,0.0,-0.001154667394886957,12.33797486432448,-0.0004803768932926653,4.112532349635436,-429.8215662650602,0.8259053946903883,-9.975903614457831,0.6749298147108366,0.005802351718379076,0.17271347154127573,6.891385767790262,-0.0004131305841069162,-122.80616179001721,0.30715582581630596,0.9705,-1.045988240584749,-0.6637424450115359,0.4930366357927962,0.048602912239275875,0.9708054871614492,0.7674212161562362,-1.023412066002152,-0.14386616780755634,-0.1986615641587339,Electronic Components,Technology,RELL
2014Q4,2014,Q4,2014-07-25,2014-05-31,-2843000.0,35383000.0,-2253000.0,-0.2,10164000.0,0.2872565921,203545000.0,174845000.0,192239000.0,21564000.0,28700000.0,33869000.0,97959000.0,142520000.0,39768000.0,12.488928571428572,8.91481172324244,0.0,0.0,-0.009954902603175235,12.488928571428572,-0.016260116102833937,4.027923013876721,-12.53253605346465,0.8151219651691498,-0.290889905029898,0.7446042103398388,0.0058026943586865,0.1738337959664939,7.221572992023743,-0.013967427350217396,28.0,0.287256592148772,-4.319148936170213,0.6506843579253727,-0.605117681166649,0.8834457080752146,0.05315511345974511,-4.343984962406015,-1.5428893905191874,-4.838982836951035,0.3280975065598384,0.1922179362749816,Electronic Components,Technology,RELL
2014Q3,2014,Q3,2014-04-10,2014-03-01,-532000.0,32884000.0,-886000.0,-0.0376,9651000.0,0.2934861939,205027000.0,178640000.0,192710000.0,18676000.0,26387000.0,35180000.0,101263000.0,154112770.0,56952770.0,12.739071525351209,10.318590704647676,0.0,0.0,-0.0029705127990210045,12.739071525351209,-0.0029780564263322882,4.686557900498722,-72.42141447368421,0.8627002351097178,-1.5582706766917294,0.6604036384309266,0.005379177857876411,0.1603886317411853,8.253801670593274,-0.0025947801996810175,-114.92376584638329,0.2934861938936869,-2.2533333333333334,0.9504894196187071,-0.6841611473364955,0.5462301467476086,-0.12319433088034887,-2.015267175572519,-2.6591760299625467,-3.4883815098797317,-0.10784203144119339,0.17543721043345073,Electronic Components,Technology,RELL
2014Q2,2014,Q2,2014-01-09,2013-11-30,524000.0,35436000.0,534000.0,0.03,11007000.0,0.3106163224,206696000.0,179539000.0,194779000.0,19624000.0,27157000.0,35296000.0,102623000.0,157916260.0,65270260.0,12.767671739439624,9.925550346514472,0.0,0.0,0.002381691994412198,12.767671739439624,0.002918585933975348,4.456379388192798,75.34172709923664,0.8795652198129655,1.5801526717557253,0.6921180870353582,0.005243285270307187,0.1714401826837481,7.933703628210354,0.002535124046909471,-542.667560137457,0.31061632238401626,-0.7857142857142857,-0.887556273131407,-0.6595814864210706,0.6788908892166223,0.0799646781789639,-0.733739837398374,3.341463414634146,2.275643239801966,-0.09187145069534135,0.24551954452584063,Electronic Components,Technology,RELL
2014Q1,2014,Q1,2013-10-10,2013-08-31,1968000.0,34257000.0,123000.0,0.14,10192000.0,0.2975158362,207800000.0,180271000.0,194067000.0,19708000.0,27529000.0,35277000.0,102927000.0,160105000.0,67575000.0,12.385503263483338,9.84711792165618,0.0,0.0,0.0005563591839642004,12.385503263483338,0.010916897337896834,4.673643342966401,20.338541666666668,0.8881350855101486,0.43546747967479676,0.6821725203390311,0.005352737266169077,0.16485563041385948,7.891668358027197,0.009470644850818095,-98.46555965559655,0.297515836179467,2.479915433403806,-0.3445566984359447,-0.6967578994560494,0.5839330167939101,-0.005367424612081585,2.386892177589852,1.0771643663739021,-0.7630412849590379,-0.7480834057718018,0.29657328363563185,Electronic Components,Technology,RELL
2013Q4,2013,Q4,2013-07-26,2013-06-01,-1419000.0,35183000.0,-1594000.0,-0.0946,10247000.0,0.2912486144,217318000.0,185239000.0,202959000.0,24066000.0,32079000.0,33975000.0,101816000.0,179400000.0,77398000.0,12.349266666666667,8.433433059087509,0.0,0.0,-0.009392796914755034,12.349266666666667,-0.0076603738953460124,5.099053520165989,-31.606765327695562,0.9684785601304261,-0.6243833685694151,0.7339514348785872,0.0049386845039018955,0.1618963914632014,6.883985705975235,-0.006529601781720796,56.39735932096825,0.2912486143876304,-3.450777202072539,0.6764730607565914,-0.7292911564889023,0.562977256121992,0.034006054490413724,-4.512376237623762,-3.6925675675675675,-1.2545484949832777,-0.713862748206298,0.6831739602504179,Electronic Components,Technology,RELL
2013Q3,2013,Q3,2013-04-11,2013-03-02,404000.0,33630000.0,592000.0,0.0386,9910000.0,0.2946773714,221299000.0,189835000.0,205522000.0,21603000.0,31464000.0,34832000.0,102883000.0,178730480.0,101707480.0,12.628725385843534,9.513586076007963,0.0,0.0,0.0046977882226636675,12.628725385843534,0.002128163931835541,5.3146143324412725,110.60054455445545,0.9415043590486475,2.1930693069306932,0.6809830041341295,0.00495718469507831,0.15196634417688287,7.737073554598898,0.001825584390349708,120.19534633490248,0.29467737139458816,0.018469656992084412,1.183702284618299,-0.7614812163194574,0.2936295532928355,-0.07745298827034072,0.06878306878306878,-0.23216601815823606,-0.9114680088029452,-0.7286119620542358,0.4672948903007313,Electronic Components,Technology,RELL
2013Q2,2013,Q2,2013-01-10,2012-12-01,378000.0,36603000.0,771000.0,0.0379,10742000.0,0.2934732126,222649000.0,190257000.0,206816000.0,22680000.0,32392000.0,35252000.0,103366000.0,136185150.0,82667150.0,15.297660207445526,9.118871252204585,0.0,0.0,0.0038660954610759716,15.297660207445526,0.001986786294328198,3.7206007704286534,90.06954365079365,0.7157957394471688,4.7592592592592595,0.7336037671621468,0.01320995717961907,0.16439777407488917,7.407407407407407,0.001697739491306945,23.771190434630824,0.29347321257820397,-0.05249999999999994,1.6614092674136471,-0.6996130940329647,0.5771179260384353,0.009017471350742063,-0.41576506955177744,0.5513078470824949,-0.8951092983911727,-0.622666013546822,0.7554033792168102,Electronic Components,Technology,RELL
2013Q1,2013,Q1,2012-10-11,2012-09-01,647000.0,35650000.0,497000.0,0.04,10646000.0,0.2986255259,224434000.0,194930000.0,206195000.0,19891000.0,29504000.0,35437000.0,103872000.0,152880840.0,111642840.0,15.262292514876291,10.36624604092303,0.0,0.0,0.0019824478495974653,15.262292514876291,0.003319140204175858,4.2883826086956525,59.07296754250387,0.7842858462012005,0.0,0.7055902023308971,0.0,0.15884402541504405,8.39103111960183,0.002882807417770926,-44.80681125439625,0.29862552594670405,-0.8181818181818181,3.517124264884991,-0.6143351709930974,0.9903177699650587,-0.04020915975477822,-0.8270515904838278,-0.28075253256150506,-0.6069333700760231,-0.6212018770533929,0.8469126515070187,Electronic Components,Technology,RELL
2012Q4,2012,Q4,2012-07-27,2012-06-02,3741000.0,38857000.0,691000.0,0.22,11092000.0,0.2854569318,231423000.0,200213000.0,213291000.0,21330000.0,31210000.0,34675000.0,104139000.0,192551000.0,148658000.0,11.98880239520958,9.99957805907173,0.0,0.0,0.009493679672325445,11.98880239520958,0.018685100368107964,4.9553748359368965,12.867615610799252,0.9617307567440676,0.2157177225340818,0.8007209805335256,0.0041910974235397375,0.1679046594331592,8.213830285982185,0.016165203977132784,51.97058029689609,0.28545693182695525,1.7500000000000002,-0.900587236732063,-0.3756408876433658,0.5452995141212686,-0.018146410551473844,1.7938760268857357,-0.6250678241996744,1.3853367644875538,-0.6364586063764759,0.8080220642687563,Electronic Components,Technology,RELL
2012Q3,2012,Q3,2012-04-12,2012-03-03,1339000.0,38330000.0,1843000.0,0.08,11297000.0,0.2947299765,247187000.0,212065000.0,224341000.0,24071000.0,35122000.0,38339000.0,102217000.0,171213120.0,146783120.0,15.160494709751216,9.319970088488223,0.0,0.0,0.006208780422071327,15.160494709751216,0.0063141018084078,4.466817636316201,31.966601941747573,0.8073615165161625,0.619865571321882,0.7051044628185399,0.004847759330593357,0.15506478900589432,7.5695650367662335,0.0054169515387136056,-30.71638320775027,0.29472997651969735,-0.15700737618545835,0.34393338662785494,-0.7508779290523604,1.237444297248507,-0.03361847733105218,0.6132530120481928,0.07338380896913221,1.124925838308738,-0.630933145464264,0.8401352024105772,Electronic Components,Technology,RELL
2012Q2,2012,Q2,2012-01-12,2011-12-03,830000.0,39138000.0,1717000.0,0.0949,11690000.0,0.2986866983,253149000.0,212311000.0,229447000.0,30926000.0,40838000.0,35325000.0,101708000.0,171923180.0,146741180.0,15.090695856137607,7.419226540774753,0.0,0.0,0.0053444369751011,15.090695856137607,0.003909359383169031,4.39274311410905,51.784090361445784,0.8097704782135641,1.002409638554217,0.7770134465675866,0.004839370700332556,0.1546046004526978,6.114757808963332,0.0032787014762057126,276.84892109500805,0.29868669834943024,0.6112054329371817,-0.21207387041080478,-0.7575439318444985,1.2227214389375871,-0.07967249252086285,-0.7714128339300468,-0.11036269430051814,-0.8219811869963538,-0.62420502297229,0.9843580178010163,Electronic Components,Technology,RELL
2012Q1,2012,Q1,2011-10-06,2011-09-03,3631000.0,41511000.0,1930000.0,0.0589,12702000.0,0.3059911831,264042000.0,220835000.0,225115000.0,39244000.0,43207000.0,33787000.0,103837000.0,193630500.0,156394500.0,15.396709196123545,5.7362908979716645,0.0,0.0,0.005606610864330558,15.396709196123545,0.016442140059320307,4.664558791645588,13.331761222803635,0.8768107410510109,0.23299366565684385,0.852665226270459,0.004369146389644194,0.15721362510509693,4.634491896850474,0.013751600124222661,-4.060786863242665,0.30599118305991185,0.11342155009451792,4.317042608185761,-0.7485688674800584,1.2912479969428934,0.11715039577836411,2.2075971731448765,2.265651438240271,0.22718064115563796,-0.6271144313854933,0.9690242315479176,Electronic Components,Technology,RELL
2011Q4,2011,Q4,2011-07-22,2011-05-28,1132000.0,40724000.0,591000.0,0.0529,11370000.0,0.2791965426,314054000.0,224173000.0,288188000.0,75304000.0,89881000.0,30853000.0,101053000.0,287616000.0,116641000.0,10.4753738317757,3.8269945819611175,0.0,0.0,0.004474296600188795,10.4753738317757,0.005049671459096323,7.062567527747765,63.51943462897526,1.2830091045754841,0.7853356890459364,0.9514147732797459,0.0030909267912772585,0.12967196724130245,3.2596542016360353,0.0036044756634209404,33.285036454114106,0.2791965425793144,3.232,1.2550322014278945,-0.8072976931666322,0.8553695508234648,-0.01618066972397681,3.9217391304347826,-0.2827669902912621,1.180905581406976,-0.7803670526053376,0.32580917477752264,Electronic Components,Technology,RELL
2011Q3,2011,Q3,2011-04-07,2011-02-26,230000.0,39653000.0,824000.0,0.0125,11557000.0,0.2914533579,279830000.0,163498000.0,272171000.0,113644000.0,116332000.0,27960000.0,35920000.0,196118000.0,188255000.0,10.837730346016174,2.3949438597726234,0.07861916163384912,0.13455822089566846,0.0013568156367475214,10.837730346016174,0.0014067450366365337,4.945855294681361,213.1717391304348,1.1995131438916684,1.5565217391304347,1.0048640915593705,0.0018254316278974903,0.14170389164850086,0.4829467459786702,0.0008219275988993318,-20.06527521997135,0.2914533578796056,0.34408602150537654,1.1906139529524618,-0.7524412029005934,0.5473523765641604,-0.020178041543026708,0.36904761904761907,0.38487394957983195,1.1042086313630108,-0.7197701254214554,0.11016811577367647,Electronic Components,Technology,RELL
2011Q2,2011,Q2,2011-01-06,2010-11-27,168000.0,40980000.0,595000.0,0.0093,11795000.0,0.2878233285,264094000.0,151385000.0,256434000.0,108604000.0,112709000.0,26491000.0,28061000.0,159199040.0,144166040.0,10.25088028169014,2.3611837501381165,0.06815754996327066,0.1189021369356277,0.0013473399538459236,10.25088028169014,0.0011097532780658585,3.884798438262567,236.9033333333333,1.0516170030055818,2.0892857142857144,1.1016949152542372,0.0022047871645457157,0.1551720220830462,0.5068045375860926,0.0006361371329905261,59.00631578947368,0.28782332845290387,-0.9802127659574469,-0.6569695681391171,-0.7454910348828173,0.36738993808863435,-0.638090270320027,-0.9799426934097422,-0.9359939759036144,1.247560703588044,-0.7167758901796955,0.05681828663306804,Electronic Components,Technology,RELL
2011Q1,2011,Q1,2010-10-07,2010-08-28,8376000.0,137144000.0,9296000.0,0.47,32591000.0,0.237640728,246908000.0,140221000.0,226592000.0,101901000.0,106687000.0,85564000.0,20953000.0,134753220.0,124771220.0,9.552489951631582,2.223648443096731,0.08910201370550974,0.15689518688356238,0.05408866781911916,9.552489951631582,0.05973427660621448,0.9825673744385464,4.02200393982808,0.9610059834118998,0.04154727793696275,1.221927446122201,0.0025824985851915076,0.5554457530740194,1.3151882709688816,0.0339235666726068,3208.41,0.23764072799393338,0.27027027027027023,5.350514061086509,0.02700980383066306,0.5535788090370705,-0.015169371166107636,0.27333536029188205,0.22703273495248152,29.35303040624929,0.29089153279846286,0.24571655795571726,Electronic Components,Technology,RELL
2010Q4,2010,Q4,2010-07-22,2010-05-29,6578000.0,145091000.0,7576000.0,0.37,33093000.0,0.2280844436,234815000.0,129863000.0,213377000.0,99940000.0,104952000.0,78730000.0,12925000.0,172398000.0,162877000.0,7.336892655367231,2.135051030618371,0.08311649596490854,0.150289150874383,0.047550139970410576,7.336892655367231,0.0506533808706098,1.1882060224273043,6.552067497719672,1.3275374818077512,0.052903618121009424,1.4225581099961895,0.0020185849023770575,0.6178949385686604,1.2780568341004603,0.028013542576070524,57.37038269550749,0.22808444355611307,0.48,1.5686554665474877,-0.037276176692716524,0.2199008432440133,0.12530603917301414,0.4722470904207699,0.33403768269061457,-0.8350730941730227,1.1996261085876931,-0.054309489659355684,Electronic Components,Technology,RELL
2010Q3,2010,Q3,2010-04-09,2010-02-27,4468000.0,121330000.0,5679000.0,0.25,29408000.0,0.2423802852,254222000.0,126675000.0,233306000.0,78690000.0,127547000.0,79526000.0,6695000.0,115683480.0,107955480.0,8.606807990216062,2.964874825263693,0.17242016819944772,0.3460272350503256,0.031041467398327017,8.606807990216062,0.035271363726070655,0.9534614687216681,6.472889435989257,0.9132305506216697,0.07766338406445837,1.1558735507884215,0.002999563982687934,0.4772600325699585,1.8386326089719152,0.01757519018810331,7.326840205206156,0.24238028517266957,0.24999999999999994,1.2813567704326287,0.006399813074844863,0.44894431934318496,0.012637305877896767,0.03738100766194567,0.05793591654247392,3.262036409867122,-0.25054008598868444,0.27022592757712344,Electronic Components,Technology,RELL
2010Q2,2010,Q2,2010-01-07,2009-11-28,4307000.0,115934000.0,5368000.0,0.2,29041000.0,0.2504959718,252882000.0,129534000.0,230588000.0,65792000.0,123348000.0,77074000.0,2574000.0,88292160.0,90688160.0,8.714612486544672,3.5048030155642023,0.2070254110612855,0.404164157672889,0.034475659397959914,8.714612486544672,0.0332499575401053,0.7615726189038591,5.124922219642443,0.6816137847978138,0.08172742047829115,1.1273970469937982,0.003986763943706893,0.45845097713558103,2.1898711089494163,0.01703165903464857,13.207503365744204,0.2504959718460503,0.8181818181818182,2.013369674053982,-0.10942993254625809,0.25497506450902857,0.0971702746609241,1.2490861618798956,0.5215419501133787,2.869989755545784,-0.32021311361883537,0.28358269164890176,Electronic Components,Technology,RELL
2010Q1,2010,Q1,2009-10-08,2009-08-29,1915000.0,109492000.0,3528000.0,0.11,26469000.0,0.241743689,245902000.0,122790000.0,222991000.0,64682000.0,123112000.0,83602000.0,-560000.0,60030360.0,70588360.0,8.263678578639208,3.44749698525092,0.21290188774389798,0.42636208160273636,0.024034192407048318,8.263678578639208,0.01559573255151071,0.5482625214627552,7.836861618798956,0.48888639139995116,0.18381201044386422,0.9930743283653501,0.005863699634651533,0.4452668136086734,2.000293744782165,0.0077876552447723076,-24.205790322580643,0.24174368903664195,1.1896551724137931,0.6377530316870766,-0.1556704715537914,0.16102599274286553,0.32298695456590193,1.184028445127811,8.112903225806452,2.68866691761521,-0.35983981378747437,0.22975219896041543,Electronic Components,Technology,RELL
2009Q4,2009,Q4,2009-07-23,2009-05-30,-10406000.0,114565000.0,-496000.0,-0.58,20007000.0,0.174634487,248815000.0,118693000.0,225337000.0,71367000.0,130122000.0,81165000.0,-2475000.0,70526000.0,78992000.0,6.630893854748603,3.157439713032634,0.2104093402728935,0.44107908638251625,-0.0028691992041126597,6.630893854748603,-0.08767155603110546,0.6155981320647668,-1.6943590236402075,0.5941883683115264,-0.03382663847780127,1.1650095484506868,0.004991067124181153,0.4604424974378554,1.9103507223226421,-0.041822237405301124,7.654221836336011,0.17463448697246106,0.24675324675324684,-4.365380833126933,-0.37914111803936573,0.11174491903061222,-0.15674787153333894,0.08599033816425121,0.9490655165331691,-1.8028067633523273,-0.35188930725021517,0.17444577639073383,Electronic Components,Technology,RELL
2009Q3,2009,Q3,2009-04-09,2009-02-28,-11385000.0,110316000.0,-9738000.0,-0.77,23726000.0,0.2150730628,251733000.0,122412000.0,226064000.0,70631000.0,129321000.0,94420000.0,8283000.0,44574000.0,64342000.0,8.23879391573563,3.200634282397248,0.20797034953700946,0.4276786589550044,-0.058619325136154664,8.23879391573563,-0.09300558768748161,0.40405743500489505,-0.9787878787878789,0.36413096755220076,-0.03100570926657883,0.9170726540987079,0.00791941490555032,0.43822621587157823,1.7705115317636733,-0.045226489971517445,-18.541597337770384,0.21507306283766633,-3.483870967741936,-11.805712074303404,-0.17775576340282123,0.4008472810979751,-0.28488757610464766,-2.9186046511627906,-2.9648910411622276,-8.580179274796167,-0.30071442554797106,0.1762903244978787,Electronic Components,Technology,RELL
2009Q2,2009,Q2,2009-01-08,2008-11-29,5934000.0,132551000.0,4956000.0,0.31,33178000.0,0.2503036567,276297000.0,136172000.0,242756000.0,81180000.0,140125000.0,99698000.0,20021000.0,55508600.0,72381600.0,7.604825198257568,2.9903424488790344,0.1894808847001596,0.3844622976823429,0.024527471207712304,7.604825198257568,0.0435772405487178,0.41877164261303196,2.338582743511965,0.40763593102840523,0.05931917762049208,0.9967401552689121,0.006341359717233005,0.4797410033406081,1.6709288001970928,0.021476888999880563,13.324195871339414,0.2503036567057208,-0.1842105263157895,1.1009536574598564,-0.19187682983694887,0.3427116407714975,0.014028546104709801,0.6068237205523964,0.11121076233183856,8.992956890201572,-0.32105085928792126,0.014426192801637068,Electronic Components,Technology,RELL
2009Q1,2009,Q1,2008-10-09,2008-08-30,3693000.0,138947000.0,4460000.0,0.38,32719000.0,0.2354782759,285654000.0,139984000.0,250858000.0,82147000.0,145670000.0,100090000.0,14439000.0,120122420.0,138738420.0,7.819461512680148,3.0537694620619136,0.19493163057405113,0.39778117499142757,0.01843978266694486,7.819461512680148,0.026381586467024803,0.8645197089537737,8.131764148388843,0.8581153560406903,0.09531546168426754,1.0613248076730941,0.0029303438941706305,0.4864171340152772,1.7392235869843087,0.012928227856077633,-110.00221611721612,0.2354782758893679,2.310344827586207,4.677046374132685,-0.09409941487038528,0.48257177664711964,-0.1371571729957806,1.7055789071455865,-0.23525377229080932,1.2958654824509768,-0.146817636614766,0.2717259861766102,Electronic Components,Technology,RELL
2008Q4,2008,Q4,2008-07-31,2008-05-31,-5234000.0,155093000.0,5832000.0,-0.29,37920000.0,0.2444984622,286235000.0,141430000.0,249841000.0,80678000.0,144805000.0,93858000.0,11098000.0,101135000.0,116776000.0,7.901117318435754,3.09676739631622,0.19453595821615108,0.39371420490702114,0.023835435919686294,7.901117318435754,-0.03700770699285866,0.6520926153985028,-4.8306744363775325,0.7150887364774093,-0.06706152082537256,1.24840716827548,0.0034706085924754043,0.5418380002445543,1.8538139269689382,-0.018285674358481666,5.216640016505906,0.2444984622129948,-0.9333333333333332,0.6359703482801153,0.012614843138816004,0.4402403872042094,0.2137895713965622,-1.4164358264081256,9.248939179632249,-3.020998265768229,0.017591983566575427,0.31371414740253095,Electronic Components,Technology,RELL
2008Q3,2008,Q3,2008-04-10,2008-03-01,-2166000.0,138866000.0,-707000.0,-0.15,31241000.0,0.2249722754,295687000.0,144530000.0,249576000.0,77147000.0,151157000.0,107433000.0,16683000.0,63957600.00000001,99098600.0,9.762242485646741,3.235070709165619,0.22213692181259237,0.45445928181000483,-0.0038361301317269944,9.762242485646741,-0.014986507991420466,0.460570622038512,-7.381994459833795,0.44252127585968315,-0.16204986149584488,1.0017871603697188,0.005488010807159743,0.46963850287635234,1.7499708348996073,-0.007325313591737209,-89.57647058823531,0.22497227543099102,-2.260869565217391,-402.9396149949342,0.09724880068864637,0.646702233774676,-0.07571005917159764,-2.1852941176470586,-1.2858875859280225,0.8644051968382979,0.14508747044917264,0.6434601317594225,Electronic Components,Technology,RELL
2008Q2,2008,Q2,2008-01-10,2007-12-01,-680000.0,144985000.0,2473000.0,-0.046,33800000.0,0.2331275649,295930000.0,143537000.0,247769000.0,88229000.0,152393000.0,115762000.0,19210000.0,96334980.0,131817980.0,9.699756723881606,2.808248988427841,0.18816274118879464,0.3879348182001853,0.03907926096963343,9.699756723881606,-0.004737454454252213,0.6644479084043177,-35.41727205882353,0.671150853090144,-1.0338235294117648,0.9604619823430832,0.0072974531161993286,0.48993005102558035,1.4107719684004125,-0.0022978407055722636,226.67054117647058,0.233127564920509,-1.1004566210045663,-1.532465777228583,0.13568834164243432,0.6683499290948306,0.03560267173233654,-0.8888888888888888,-0.07412953949831524,-1.4778803002779997,0.11869840892822917,0.3968438457900675,Electronic Components,Technology,RELL
2008Q1,2008,Q1,2007-10-11,2007-09-01,-360000.0,129465000.0,2671000.0,-0.0219,32638000.0,0.2520990229,290765000.0,137170000.0,244485000.0,85230000.0,153595000.0,118144000.0,20569000.0,128614720.0,166716720.0,7.668269230769231,2.868532206969377,0.2059498220212199,0.43656047240650286,0.06882985729793442,7.668269230769231,-0.002624480571553547,0.9934323562352759,-89.31577777777778,0.9376300940438872,-1.95,0.8195676462621885,0.005458162176149044,0.44525647859955636,1.3973600844772966,-0.001238113252970612,29.539439595774002,0.25209902290194264,-1.7300000000000002,-1.9765693895033887,-0.08169803392891925,0.06473907838944465,1.8487387623287073,-1.0090773847046068,1.2336832895888015,-1.2557466366653252,-0.1707036357258976,0.07737248146206283,Electronic Components,Technology,RELL
2007Q4,2007,Q4,2007-08-16,2007-06-02,39659000.0,65589000.0,-11430000.0,0.03,11457000.0,0.1746786809,349071000.0,136545000.0,302720000.0,155308000.0,212526000.0,110174000.0,21631000.0,170720000.0,274678000.0,7.758238636363636,1.9491590903237437,0.3477630625288265,0.8890402431432861,0.007942009434349832,7.758238636363636,0.2904463729905892,2.6028754821692663,1.0761743866461584,1.2502837892269947,0.017473965556368036,0.4913318931871403,0.004059278350515464,0.18789587218646064,0.7929082854714503,0.11361298990749732,-90.08970976253298,0.17467868087636645,-0.5,4.168719150046383,-0.5490298440517255,0.07342436119120176,-0.7065918869084205,37.24397299903568,-4.544186046511628,12.044652606732349,-0.6384966620578646,0.30075711865414323,Electronic Components,Technology,RELL
2007Q3,2007,Q3,2007-04-12,2007-03-03,1037000.0,160141000.0,3225000.0,0.06,39048000.0,0.2438351203,318787000.0,98649000.0,267536000.0,84902000.0,220138000.0,131007000.0,-18028000.0,129283920.00000001,250369920.0,6.775808778075417,3.151115403641846,0.4186149372465,1.352765866861296,0.005093357143804222,6.775808778075417,0.010512017354458737,0.8073130553699553,31.16777242044359,1.3105446583340938,0.6673095467695275,0.9243246544077798,0.0053525604731044655,0.5023448258555085,1.5057006902075334,0.0032529557353342515,-16.94859989512323,0.2438351203002354,0.0,1.3428557068109068,0.37263203468783995,-0.1440212705631144,-0.03772887454101875,-0.041589648798521256,-0.21532846715328466,0.004449069304210386,0.21813010347381065,0.15209500335695975,Electronic Components,Technology,RELL
2007Q2,2007,Q2,2007-01-11,2006-12-02,1082000.0,165806000.0,4110000.0,0.06,40579000.0,0.2447378261,314601000.0,98112000.0,263778000.0,94348000.0,216489000.0,124639000.0,-19065000.0,,,,,,,,,,,,,,,,,,,,,,,,,,,,,,,Electronic Components,Technology,RELL
2007Q1,2007,Q1,2006-10-12,2006-09-02,-1099000.0,165755000.0,5959000.0,-0.0763,41319000.0,0.2492775482,316428000.0,96765000.0,263085000.0,94290000.0,219663000.0,122000000.0,-20147000.0,,,,,,,,,,,,,,,,,,,,,,,,,,,,,,,Electronic Components,Technology,RELL
