Quarters,Year,Quarter,FillingDate,Date,NetIncome,Revenue,OperatingIncome,EPSDiluted,GrossProfit,GrossProfitRatio,TotalAssets,CommonStockEquity,CurrentAssets,CurrentLiability,TotalLiability,Inventory,RetainedEarnings,MarketCap,EnterpriseValue,bookValuePerShare,currentRatio,debtToAssets,debtToEquity,roic,shareholdersEquityPerShare,roe,priceToSalesRatio,peRatio,pbRatio,payoutRatio,inventoryTurnover,dividendYield,assetTurnover,quickRatio,returnOnAssets,priceToFreeCashFlowsRatio,grossProfitMargin,epsdilutedGrowth,fiveYNetIncomeGrowthPerShare,fiveYRevenueGrowthPerShare,fiveYShareholdersEquityGrowthPerShare,grossProfitGrowth,netIncomeGrowth,operatingIncomeGrowth,threeYNetIncomeGrowthPerShare,threeYRevenueGrowthPerShare,threeYShareholdersEquityGrowthPerShare,Industry,Sector,Symbol
2023Q1,2023,Q1,2023-04-20,2023-03-31,64900000.0,1539200000.0,104500000.0,0.59,660000000.0,0.4287941788,5637000000.0,2332900000.0,1947900000.0,1314700000.0,3303800000.0,0.0,0.0,8687955969.0,11145055969.0,21.208181818181817,1.4816307902943637,0.32946602802909347,0.7960907025590467,0.016895904853488523,21.208181818181817,0.027819452183977023,5.644462038071725,33.466702500000004,3.7241013198165374,,0.0,,0.27305304239843886,-0.4563018179052255,0.011513216249778252,0.0,0.4287941787941788,-0.10606060606060615,0.8287551660326085,0.24528098957208813,0.24612657068646582,0.06365834004834811,-0.11700680272108843,-0.07929515418502203,1.22729576,0.27676944389110275,0.17991940452978597,Engineering & Construction,Industrials,STN
2022Q4,2022,Q4,2022-12-31,2022-12-31,73500000.0,1513500000.0,113500000.0,0.66,620500000.0,0.4099768748,5652900000.0,2286000000.0,1937800000.0,1410000000.0,3366500000.0,48600000.0,1154900000.0,7191635266.171439,8965935266.17144,20.63008949993421,1.3743262411347519,0.34010861681614746,0.8410323709536308,0.01766026495954477,20.63008949993421,0.03215223097112861,4.7516585835291965,24.461344442759994,3.1459471855518104,0.272108843537415,18.374485596707817,0.0027810086662872803,0.26773868279997876,1.3326241134751773,0.01300217587432999,39.732791525809056,0.40997687479352496,0.08196721311475418,5.922196540918955,0.2858637383810788,0.2761216570913267,-0.01036682615629984,0.08088235294117647,0.05287569573283859,0.7393509454630155,0.254847679223548,0.22299559468278882,Engineering & Construction,Industrials,STN
2022Q3,2022,Q3,2022-09-30,2022-09-30,68000000.0,1473200000.0,107800000.0,0.61,627000000.0,0.4256041271,5604500000.0,2196200000.0,1959000000.0,1292400000.0,3407900000.0,48000000.0,1101400000.0,6637081501.539562,8536181501.539562,19.832509123500536,1.5157845868152275,0.3636006780265858,0.9278754211820417,0.016909525411738315,19.832509123500536,0.030962571714780073,4.505214160697504,24.40103493213074,3.0220751760038076,0.2926470588235294,17.629166666666666,0.002998305805855167,0.2628602016236952,1.46115753636645,0.012133107324471407,90.91892467862414,0.4256041270703231,0.10909090909090897,0.5153452746141032,0.1657274396530331,0.19980466758783974,0.04031856645097063,0.12026359143327842,0.08998988877654196,0.18499530453710603,0.19522740253520335,0.17179451459409542,Engineering & Construction,Industrials,STN
2022Q2,2022,Q2,2022-06-30,2022-06-30,60700000.0,1376600000.0,98900000.0,0.55,602700000.0,0.437817812,5318600000.0,2007600000.0,1840100000.0,1196700000.0,3310600000.0,54900000.0,1053400000.0,6208755812.518172,8087255812.518172,18.103188716725043,1.5376451909417566,0.3850073327567405,1.0199740984259813,0.01618829477154022,18.103188716725043,0.03023510659493923,4.5102105277627285,25.571481929646506,3.0926259277336983,0.32948929159802304,14.096539162112933,0.003221257302417297,0.2588275109991351,1.4900142057324308,0.011412777798668823,-350.7771645490493,0.4378178120005811,0.37500000000000006,-0.3606405597501622,0.0735579436674918,0.07990346300775109,0.06277552459883619,0.3549107142857143,0.3870967741935484,0.23988771319279067,0.13248237518783523,0.09210508673289644,Engineering & Construction,Industrials,STN
2022Q1,2022,Q1,2022-05-11,2022-03-31,44800000.0,1313900000.0,71300000.0,0.4,567100000.0,0.4316158003,5182000000.0,1987500000.0,1724700000.0,1136500000.0,3194100000.0,60900000.0,1043600000.0,6978496841.653113,8716296841.653114,17.850199241903162,1.5175538935327761,0.37244307217290623,0.9710691823899371,0.011935888542572347,17.850199241903162,0.022540880503144654,5.31128460434821,38.94250469672496,3.511193379448107,0.40848214285714285,12.262725779967159,0.0026223412312478705,0.25355075260517174,1.4621205455345359,0.008645310690852953,-1011.3763538627701,0.4316158002892153,1.6666666666666667,1.7916664358520333,0.055261980719886875,0.07611071161504103,0.1194236083695223,1.6987951807228916,0.921832884097035,0.0019187503334601355,0.14577462952505046,0.07235420586183748,Engineering & Construction,Industrials,STN
2021Q4,2021,Q4,2022-02-23,2021-12-31,16600000.0,1185300000.0,37100000.0,0.15,506600000.0,0.4274023454,5226400000.0,2001700000.0,1664400000.0,1179400000.0,3224200000.0,0.0,1043400000.0,7973321976.38475,9700621976.38475,17.997061795573426,1.4112260471426148,0.36759528547374865,0.9597841834440726,0.0056117864098654295,17.997061795573426,0.008292950991657092,6.7268387550702355,120.0801502467583,3.983275204268747,1.108433734939759,0.0,0.002307695594696515,0.2267909076993724,1.3706121756825504,0.0031761824582886883,54.240285553637754,0.4274023453977896,-0.7619047619047619,-0.4219951364199821,-0.019160330530456043,0.04025678486840558,-0.0007889546351084812,-0.7628571428571429,-0.6198770491803278,-0.849531982738756,3.3429757144725114,0.07423951269365632,Engineering & Construction,Industrials,STN
2021Q3,2021,Q3,2021-11-03,2021-09-30,70000000.0,1168300000.0,97600000.0,0.63,507000000.0,0.4339638791,4457800000.0,2011800000.0,1582700000.0,1171100000.0,2445500000.0,0.0,0.0,6570980288.937128,7850980288.937128,18.111787866904486,1.3514644351464435,0.2871371528556687,0.6362461477284024,0.020033639624380983,18.111787866904486,0.03479471120389701,5.624394666555789,23.46778674620403,3.2662194497152437,0.26142857142857145,0.0,0.002784972590894816,0.26207994975099824,0.0,0.015702813046794384,78.41265261261489,0.43396387914063167,0.10526315789473695,0.45726963360095274,-0.04692606266307091,0.0695162347642015,0.04903786468032278,0.10759493670886076,0.0416221985058698,4.986621086324173,-0.12233569782096708,0.0841396311713302,Engineering & Construction,Industrials,STN
2021Q2,2021,Q2,2021-08-04,2021-06-30,63200000.0,1134000000.0,93700000.0,0.57,483300000.0,0.4261904762,4371700000.0,1913400000.0,1524400000.0,1151600000.0,2457900000.0,0.0,0.0,6174015786.722987,7498115786.722987,17.1995922975706,1.3237235151094129,0.3028798865429924,0.6920142155325598,0.018541294821002786,17.1995922975706,0.03303020800668966,5.44445836571692,24.42253080191055,3.2267250897475632,0.0,0.0,0.0,0.2593956584395087,0.0,0.014456618706681612,78.9516085258694,0.4261904761904762,0.23913043478260854,1.8500013795227568,0.034389873886122954,-0.0180479525082685,0.03623499142367067,0.24165029469548133,0.21216041397153945,0.6337021414957348,-0.14532635050690607,-0.009081436105420867,Engineering & Construction,Industrials,STN
2021Q1,2021,Q1,2021-05-05,2021-03-31,50900000.0,1089200000.0,77300000.0,0.46,466400000.0,0.4282041866,4360800000.0,1954500000.0,1497800000.0,940200000.0,2405500000.0,0.0,991100000.0,5972648361.91542,7049848361.91542,17.563650710613445,1.5930653052542012,0.30322417904971566,0.6765413149143004,0.014838139127942495,17.563650710613445,0.02604246610386288,5.483518510755986,29.335208064417582,3.05584464666944,0.3379174852652259,0.0,0.0028797945162276363,0.2497706842781141,1.528610933843863,0.011672170243991928,124.68994492516534,0.4282041865589423,2.5384615384615383,0.4034884226339466,0.21744919700943852,0.3003692122983455,0.025054945054945054,2.0479041916167664,1.928030303030303,0.4177526038092154,-0.128932644445865,0.03198529776787712,Engineering & Construction,Industrials,STN
2020Q4,2020,Q4,2021-02-24,2020-12-31,16700000.0,1126100000.0,26400000.0,0.13,455000000.0,0.4040493739,4388900000.0,1928500000.0,1565100000.0,987200000.0,2459600000.0,0.0,958600000.0,4620301525.051524,5650601525.051524,17.280871492853404,1.5853930307941653,0.2996878488915218,0.682032667876588,0.009671328258688853,17.280871492853404,0.008659579984443869,4.102922942058009,69.16619049478331,2.3958006352354286,1.0419161676646707,0.0,0.0037659879784157505,0.2565790972681082,1.5334278768233387,0.003805053658092005,-513.366836116836,0.4040493739454755,-0.7636363636363637,-0.4420153892039444,0.34077508166158593,0.23279950193111057,-0.05030265080359007,-0.7310789049919485,-0.7336024217961655,0.5616876269732556,-0.050028461450775226,0.06894807051189374,Engineering & Construction,Industrials,STN
2020Q3,2020,Q3,2020-11-04,2020-09-30,62100000.0,1177900000.0,99100000.0,0.55,479100000.0,0.4067408099,4504400000.0,2051600000.0,1603100000.0,997500000.0,2451600000.0,0.0,995900000.0,4523102093.448472,5611702093.448472,18.301400752068393,1.6071177944862156,0.29238078323417105,0.6419379996100605,0.017529792708921542,18.301400752068393,0.030269058295964126,3.8399712144056983,18.208945625799004,2.204670546621404,0.2785829307568438,0.0,0.0038248086473790495,0.2614998667969097,1.5314285714285714,0.013786519847260457,-587.4158562920094,0.40674080991595213,0.17021276595744697,0.046030615352817536,0.3196361244834129,0.3600372541527994,-0.021645905656524404,0.1806083650190114,0.155011655011655,0.36703662956485716,-0.07927571978135424,0.10717740801177777,Engineering & Construction,Industrials,STN
2020Q2,2020,Q2,2020-08-05,2020-06-30,52600000.0,1205600000.0,85800000.0,0.47,489700000.0,0.4061877903,4665500000.0,2028500000.0,1659600000.0,976300000.0,2635800000.0,0.0,951100000.0,4672684769.44056,5906084769.44056,18.217903404104835,1.6998873297142272,0.3214446468760047,0.7393147646043875,0.014648708419365514,18.217903404104835,0.025930490510229234,3.875816829330259,22.208577801523578,2.3035172637123793,0.3269961977186312,0.0,0.0036809673343445506,0.25840745900760903,1.628597767079791,0.011274247133211875,19.158199136697664,0.4061877903118779,0.8076923076923075,0.029101376592755038,0.43355326220055596,0.4306529336269346,-0.03355042431418986,0.7830508474576271,0.2170212765957447,-0.44819246528528817,-0.06358911122899975,0.08674649989466363,Engineering & Construction,Industrials,STN
2020Q1,2020,Q1,2020-05-06,2020-03-31,29500000.0,1220500000.0,70500000.0,0.26,506700000.0,0.4151577222,4679300000.0,2001700000.0,1622500000.0,924000000.0,2676300000.0,0.0,915800000.0,4034777184.1051483,5491077184.105148,17.974263103702043,1.755952380952381,0.34526531746201355,0.8071139531398311,0.01064889848224203,17.974263103702043,0.01473747314782435,3.305839560921875,34.193026983941934,2.0156752680747103,0.5457627118644067,0.0,0.003990307088933025,0.26082961126664245,1.680952380952381,0.006304361763511636,-448.30857601168316,0.41515772224498154,-0.3157894736842105,-0.344935985984274,0.4576629594688187,0.44825093727031906,0.041949413942011106,-0.30424528301886794,-0.13496932515337423,1.5211976024446958,-0.019941640670415782,0.08358998110648169,Engineering & Construction,Industrials,STN
2019Q4,2019,Q4,2020-02-27,2019-12-31,42400000.0,1210200000.0,81500000.0,0.38,486300000.0,0.4018344075,4561500000.0,1875500000.0,1580100000.0,1006300000.0,2684400000.0,0.0,917700000.0,4109513517.87774,5470713517.87774,16.868490442342996,1.5702076915432774,0.34403156856297273,0.8367368701679552,0.013863318416104236,16.868490442342996,0.02260730471874167,3.3957308857029744,24.230622157297994,2.1911562345389175,0.38207547169811323,0.0,0.0039420724447126534,0.2653074646497863,1.509589585610653,0.00929518798640798,-578.8047208278507,0.40183440753594446,-0.2692307692307693,-0.05330918412642986,0.5885257175955506,0.46750718926339196,-0.05774074791707034,-0.2664359861591695,-0.15544041450777202,0.476881986851981,0.001805516257563977,-0.024976308218757827,Engineering & Construction,Industrials,STN
2019Q3,2019,Q3,2019-11-06,2019-09-30,57800000.0,1241500000.0,96500000.0,0.52,516100000.0,0.4157068063,4625100000.0,1887800000.0,1648900000.0,933100000.0,2735700000.0,0.0,903000000.0,3267235754.6931376,4787135754.693138,16.924903535984235,1.7671203515164506,0.36288945103889647,0.8890772327577073,0.01661470593159032,16.924903535984235,0.03061765017480665,2.6316840553307594,14.131642537600076,1.7307107504466244,0.28027681660899656,0.0,0.004958319881486949,0.26842662861343536,1.6989604543993142,0.012497027091306134,-263.4867544107369,0.4157068062827225,0.18181818181818185,-0.0012249458045542735,0.5451093815041842,0.5338593415033887,-0.002705314009661836,0.1724137931034483,0.13396004700352526,0.19829408312156158,0.008585318358032923,-0.0005702785074122832,Engineering & Construction,Industrials,STN
2019Q2,2019,Q2,2019-08-06,2019-06-30,49300000.0,1224100000.0,85100000.0,0.44,517500000.0,0.4227595785,4562300000.0,1851200000.0,1597400000.0,865900000.0,2709400000.0,0.0,870200000.0,3533026559.6867175,5109026559.686718,16.576416442562238,1.8447857720291028,0.3688271266685663,0.9089779602420052,0.014973235808968659,16.576416442562238,0.026631374243733793,2.8862238049887408,17.915956185023923,1.908506136390837,0.3286004056795132,0.0,0.004585303768969259,0.26830765184227257,1.7496246679755167,0.010805953137671789,-189.94766449928588,0.42275957846581164,0.09999999999999995,-0.06926947914458834,0.615404994663341,0.6065688836450864,0.0593654042988741,0.09799554565701558,0.12417437252311757,1.2146231511482082,0.11227718265307973,-0.053626052046087516,Engineering & Construction,Industrials,STN
2019Q1,2019,Q1,2019-04-02,2019-03-31,44900000.0,1151500000.0,75700000.0,0.4,488500000.0,0.4242292662,4626400000.0,1861100000.0,1582500000.0,831200000.0,2763600000.0,0.0,837100000.0,3595768276.7959886,5297368276.795988,16.645805223990504,1.9038739172281038,0.3871260591388553,0.962334103487185,0.013532717082351405,16.645805223990504,0.024125517167266672,3.1226819598749356,20.020981496636907,1.932066131210568,0.3429844097995546,0.0,0.004282812132077147,0.2488976309873768,1.806905678537055,0.00970517032681999,-161.97154399981932,0.4242292661745549,-0.5959595959595959,0.11669608782401394,0.6733780862296486,0.6524446134211304,0.12974098057354302,-0.6023029229406555,26.233333333333334,0.2322345332417533,0.2810413246764883,0.23241420498712467,Engineering & Construction,Industrials,STN
2018Q4,2018,Q4,2019-02-28,2018-12-31,112900000.0,279300000.0,-3000000.0,0.99,432400000.0,1.5481561045,4009900000.0,1906900000.0,1635500000.0,858600000.0,2101200000.0,0.0,851200000.0,3389365987.68544,4137865987.68544,16.753304624259986,1.904845096668996,0.23284869946881467,0.48964287587183386,-0.0010939025028308402,16.753304624259986,0.05920604121873197,12.135216568870176,7.5052391224212585,1.7774219873540513,0.13906111603188662,0.0,0.00463213475825352,0.06965260979076784,1.8116701607267645,0.028155315593905085,30.127697668315022,1.548156104547082,7.187499999999999,1.5867588262935308,-0.6033364784508269,0.7454604351348689,-0.06020430341230167,7.272222222222222,-1.1754385964912282,2.69850543453968,-0.6739558019474367,0.19516342708926646,Engineering & Construction,Industrials,STN
2018Q3,2018,Q3,2018-10-09,2018-09-30,-18000000.0,1364600000.0,17100000.0,-0.16,460100000.0,0.337168401,4114000000.0,1902300000.0,1709400000.0,1022700000.0,2209500000.0,0.0,922600000.0,3679628734.1934958,4452928734.193496,16.706139454874535,1.6714579055441479,0.22933884297520662,0.4959785522788204,-0.011150452864883899,16.706139454874535,-0.009462229932187352,2.6964888862622716,-51.10595464157633,1.9343051748901305,-0.8666666666666667,0.0,0.00423955815298285,0.3316966456003889,1.6144519409406473,-0.004375303840544483,148.37212637877,0.33716840099662904,-1.4571428571428573,-1.3185059532906016,0.9096295909210139,0.8376333121122531,-0.010963026655202063,-1.4545454545454546,-0.7323943661971831,-1.2984906656287192,0.505069637700543,0.24148814287526174,Engineering & Construction,Industrials,STN
2018Q2,2018,Q2,2018-07-05,2018-06-30,39600000.0,1358200000.0,63900000.0,0.35,465200000.0,0.3425121484,4141000000.0,1976600000.0,1721600000.0,1019100000.0,2162100000.0,0.0,958700000.0,3855115438.860266,4571815438.860266,17.35722078913481,1.6893337258365224,0.22535619415600097,0.4721238490336942,0.015203265357915162,17.35722078913481,0.020034402509359506,2.8384004114712607,24.33784999280471,1.950377131873048,0.39646464646464646,0.0,0.004072510991951405,0.32798840859695727,1.6265332155823766,0.009562907510263221,77.4119566036198,0.3425121484317479,0.0937499999999999,-0.11115556869037063,0.9435811259156652,0.9863747664704349,0.016830601092896174,0.07608695652173914,0.14107142857142857,-0.24245992121768853,0.579109819072166,0.36306348160738316,Engineering & Construction,Industrials,STN
2018Q1,2018,Q1,2018-04-05,2018-03-31,36800000.0,1281700000.0,56000000.0,0.32,457500000.0,0.3569478037,3986200000.0,1941300000.0,1623400000.0,1038200000.0,2042500000.0,0.0,937600000.0,3603171333.37707,4305271333.377069,17.019283848910035,1.5636678867270275,0.2285886307761778,0.46937619121207436,0.0143344045184536,17.019283848910035,0.018956369443156647,2.8112439208684323,24.478066123485526,1.8560610587632358,0.38858695652173914,0.0,0.003968726068487377,0.3215342933119261,1.4930649200539394,0.009231849882093222,-24.528055366760178,0.35694780369821333,2.322949117341641,0.04463541868055948,1.016727468846972,1.0558337028586129,0.075079309129362,2.2740213523131674,0.381624395539327,-0.20217789234680345,0.4945217518988918,0.37130482866788195,Engineering & Construction,Industrials,STN
2017Q4,2017,Q4,2018-02-22,2017-12-31,11240000.0,1245978000.0,40532000.0,0.0963,425550000.0,0.3415389357,3880900000.0,1896300000.0,1608200000.0,1153300000.0,1981600000.0,0.0,947100000.0,4109709193.1999993,4609809193.199999,16.166240409207163,1.3944333651261598,0.1905743513102631,0.3900226757369615,0.005442468775336616,16.166240409207163,0.005927332173179349,3.2983802227647674,91.40812262455515,2.1672252244897954,1.2604092526690391,0.0,0.003447202547431088,0.32105387925481205,1.3364259082632446,0.002896235409312273,32.32402760085259,0.34153893567944216,-0.75925,-0.7162223104137354,1.0238140612919573,1.0500973324176268,-0.07016735021183709,-0.7563513396340935,-0.4507040344766835,-0.7621235462013839,0.5502092100531308,0.4064135795056152,Engineering & Construction,Industrials,STN
2017Q3,2017,Q3,2017-10-30,2017-09-30,46132000.0,1299181000.0,73789000.0,0.4,457663000.0,0.3522703919,3883992000.0,1881769000.0,1615227000.0,1110947000.0,1998908000.0,0.0,950149000.0,3959573481.795353,4571103481.795353,16.529781604678217,1.4539190438427756,0.20853801964576651,0.43042477583592886,0.018769700832706064,16.529781604678217,0.02451523008403263,3.0477458351033095,21.457846407024153,2.10417616710412,0.308375964623255,0.0,0.003592811211966607,0.3344963120418374,1.392959340094532,0.01187747039643748,156.597725204483,0.3522703918853493,-0.5294117647058824,0.08862288421280091,1.1607010502520838,1.1792476580093203,-0.04514490894031099,-0.5275006657516849,-0.41360977780603325,-0.21896100556238102,0.5842100047311996,0.49805048362257165,Engineering & Construction,Industrials,STN
2017Q2,2017,Q2,2017-08-09,2017-06-30,97634000.0,1318681000.0,125836000.0,0.85,479301000.0,0.3634700128,3920028000.0,1911832000.0,1608263000.0,1134835000.0,2005015000.0,0.0,918255000.0,3719198613.1677504,4317402613.16775,16.763710217489233,1.417177827613706,0.20452226361648437,0.41935326953414315,0.03784586142653045,16.763710217489233,0.051068294703718736,2.8203929632471767,9.52331824253782,1.945358490268889,0.14618882766249464,0.0,0.0038376546897675007,0.33639581145848957,1.3586124855155155,0.024906454749813012,42.34108554477795,0.36347001283858643,2.6666666666666665,1.543651858862157,1.2204262203207243,1.2702667795080358,0.014655635952563414,2.68317070647864,1.4040654910876336,0.8049336014358537,0.7040698138723379,0.6247211997346808,Engineering & Construction,Industrials,STN
2017Q1,2017,Q1,2017-04-03,2017-03-31,-58006000.0,1276260000.0,52343000.0,-0.51,472378000.0,0.3701267767,4236479000.0,1893160000.0,1851662000.0,1179944000.0,2340037000.0,0.0,845604000.0,3941055606.628875,4801971606.628875,16.587697761239966,1.56927955902992,0.2490164591869805,0.5572445012571573,-0.023021836275338815,16.587697761239966,-0.030639776880982062,3.0879723619238044,-16.985551523242744,2.0817340354903306,-0.2212529738302934,0.0,0.003256487926334546,0.3012548864280928,1.2609039073040755,-0.013692030575390554,-91.44192688064398,0.370126776675599,-2.9615384615384617,-2.859772057398667,1.3206536829501974,1.350577916699948,0.05634158722491687,-2.9671052631578947,0.03890201059881309,-2.4132704105495475,0.8169082103167832,0.6466762313855585,Engineering & Construction,Industrials,STN
2016Q4,2016,Q4,2017-02-23,2016-12-31,29488000.0,1240792000.0,50383000.0,0.26,447183000.0,0.3604012598,4284668000.0,1975728000.0,1582520000.0,1072818000.0,2308168000.0,0.0,917883000.0,3865715965.5,4675274965.5,17.30059544658494,1.4751057495306752,0.23816594424585522,0.5164992347124705,0.012257707583128717,17.30059544658494,0.014925131394604925,3.11552296073798,32.77363644109469,1.9566033206494011,0.43471920781334783,0.0,0.0033160739470785103,0.28958883162009286,1.4044730793107498,0.0068822135110585,20.647875855272645,0.360401259840489,-0.3953488372093023,1.356411236189634,1.8332830438452044,1.5052213970061503,-0.05472728310429891,-0.4014897805922588,-0.328978211070268,-0.3266069262555144,0.7563523321164918,0.8024804976422579,Engineering & Construction,Industrials,STN
2016Q3,2016,Q3,2016-10-19,2016-09-30,49269000.0,1257313000.0,75084000.0,0.43,473073000.0,0.3762571452,4208031000.0,1929359000.0,1587491000.0,1049533000.0,2277505000.0,0.0,901229000.0,3524449851.9517055,4506723851.951706,16.934560952127697,1.5125689235116953,0.2626789108730425,0.5729161861530176,0.018081443510144696,16.934560952127697,0.02553646055503408,2.8031602727019487,17.883709086604686,1.826746526671141,0.26008240475755545,0.0,0.0036357447369847235,0.2987889110132506,1.4461860656120389,0.0117083262932236,91.28807117570724,0.3762571451977352,1.15,0.36602070794871605,1.869710065740387,1.1959931885355342,0.13472341487049838,1.3271928581550234,0.8197770237518177,-0.12867013747450629,0.7585348383560112,0.86275910216619,Engineering & Construction,Industrials,STN
2016Q2,2016,Q2,2016-07-08,2016-06-30,21171000.0,1046642000.0,41260000.0,0.2,416906000.0,0.3983272217,4095820000.0,1860308000.0,1542334000.0,965131000.0,2234809000.0,0.0,864779000.0,3321511079.794679,4271716079.794679,17.515715091693853,1.598056636871057,0.2701236870760922,0.5947283998133642,0.009680162233321292,17.515715091693853,0.011380373572548202,3.1734930184291086,39.22241603838599,1.7854629877389545,0.4989372254499079,0.0,0.0031801790649612876,0.25553906177517566,1.5173577472902642,0.005168928322045402,170.4562803959088,0.39832722172433366,-0.375,-0.29067879484002046,1.6330252294524723,1.4584452762962787,0.22930715724231068,-0.30861173704320566,-0.09551263783238705,-0.49048900069997137,0.6059008463912258,1.00451298612307,Engineering & Construction,Industrials,STN
2016Q1,2016,Q1,2016-04-05,2016-03-31,30621000.0,755383000.0,45617000.0,0.32,339139000.0,0.4489629764,2334280000.0,1269052000.0,900463000.0,565175000.0,1065228000.0,0.0,856422000.0,3099948738.7985954,3567187738.7985954,13.506664526123672,1.5932463396293184,0.216603835015508,0.3984186621194403,0.018507352207746925,13.506664526123672,0.024129034901643115,4.103810568676546,25.30900965676003,2.4427279093359417,0.3238300512720029,0.0,0.003198762571745947,0.3236042805490344,1.5198248330163224,0.013117963569066264,-121.79109491213592,0.4489629763974037,0.18518518518518512,0.25191895532256947,1.184992129243243,0.9716822204493153,0.10502924357700266,0.209503495674843,0.2703500515191178,0.05525244168827168,0.44293944049338174,0.6315290580095829,Engineering & Construction,Industrials,STN
2015Q4,2015,Q4,2016-02-25,2015-12-31,25317000.0,710459000.0,35909000.0,0.27,306905000.0,0.4319812966,2341879000.0,1323260000.0,951392000.0,632054000.0,1018619000.0,0.0,852725000.0,3246292147.2000003,3544306147.2000003,14.017584745762711,1.5052384764592899,0.1560097682245752,0.27610295784653055,0.017460990243905496,14.017584745762711,0.01913229448483291,4.569288512356097,32.05644574001659,2.45325344014026,0.39131808666113677,0.0,0.0030517894110500834,0.30337135266168747,1.4456423027146414,0.010810549989986673,23.456715540301314,0.43198129659839624,-0.49056603773584906,-0.025099646692578644,0.7871055368041581,1.0416514974043454,-0.09134915723933337,-0.4930212067204678,-0.4983305159334442,-0.20576285068925176,0.43392115787272273,0.7776188134539511,Engineering & Construction,Industrials,STN
2015Q3,2015,Q3,2015-10-20,2015-09-30,49937000.0,750809000.0,71579000.0,0.53,337759000.0,0.4498600843,2311415000.0,1268870000.0,945018000.0,556314000.0,1042545000.0,0.0,837324000.0,2733199619.805564,3072801619.805564,13.456543705833106,1.6987133165802046,0.17044105017921923,0.31048097913891887,0.031208535581043625,13.456543705833106,0.0393554895300543,3.640339446924003,13.6832389801428,2.1540422736809632,0.19794941626449325,0.0,0.003616640339172594,0.32482656727588943,1.635847740664445,0.021604514983246195,36.670999688803136,0.4498600842557828,0.15217391304347827,0.5031730659087005,0.8776042692074372,1.0195873104148496,0.05293035725419291,0.15683276577014849,0.14704421261798312,0.4226996195512765,0.5075443013048767,0.7740791776424516,Engineering & Construction,Industrials,STN
2015Q2,2015,Q2,2015-07-13,2015-06-30,43167000.0,710254000.0,62403000.0,0.46,320780000.0,0.4516412438,2218074000.0,1197471000.0,894270000.0,540476000.0,1020603000.0,0.0,797294000.0,3455776551.238068,3835390551.238068,12.733978294735348,1.6545970588888312,0.17894353389472129,0.33145687870520457,0.02837634106443842,12.733978294735348,0.036048472155066805,4.865550283754922,20.01399536241845,2.88589581813511,0.22846155628141868,0.0,0.002853772474515702,0.3202120398147221,1.5944130729209067,0.01946147874236838,63.89410478197811,0.45164124383671195,0.15,0.8487508931108315,0.8610094419368098,0.9867088979971076,-0.01947418776039199,0.13726058434544353,0.13416695443557913,0.3639144727008448,0.45040393353035746,0.7245304003974808,Engineering & Construction,Industrials,STN
2015Q1,2015,Q1,2015-04-07,2015-03-31,37957000.0,705723000.0,55021000.0,0.4,327151000.0,0.4635685673,2211950000.0,1164954000.0,887034000.0,459999000.0,1046996000.0,0.0,764012000.0,2828296484.2342076,3277237484.2342076,12.411014307769172,1.9283389746499449,0.20798345351386785,0.39490743840529324,0.024547542930322366,12.411014307769172,0.03258240239528771,4.007658081477021,18.62829309636041,2.427818166411899,0.22867982190373318,0.0,0.003068985181852392,0.3190501593616492,1.8512692418896564,0.017159971970433327,-27.41394285387426,0.46356856727072804,0.0,1.699486925792342,1.3170812133845013,1.071435516615902,0.13213965608529693,-0.002889641947093283,0.025363399180022363,0.47971605319561095,0.560289383982923,0.7587164039036941,Engineering & Construction,Industrials,STN
2014Q4,2014,Q4,2015-02-26,2014-12-31,38067000.0,647521000.0,53660000.0,0.4,288967000.0,0.4462666076,2010470000.0,1086245000.0,844417000.0,475069000.0,924225000.0,0.0,735917000.0,3018762261.9000006,3174323261.9000006,11.494656084656084,1.7774618002858533,0.15382721453192538,0.28471017127811865,0.029986851414283717,11.494656084656084,0.03504458018218726,4.66202989848978,19.82532286429191,2.779080467021713,0.2279139412089211,0.0,0.002874025593038701,0.3220744403050033,1.7270375461248788,0.018934378528403805,33.85818887493131,0.4462666075694842,-0.23076923076923075,0.6177020606720723,0.14253807878048017,0.9318961475433777,-0.0295663446070974,-0.21661556191220957,-0.22699050664822737,1.556018211874588,0.7868131129406258,0.6644894369917015,Engineering & Construction,Industrials,STN
2014Q3,2014,Q3,2014-11-06,2014-09-30,48593000.0,674685000.0,69417000.0,0.52,297771000.0,0.4413481847,1945981000.0,1033437000.0,812967000.0,481602000.0,912544000.0,0.0,706530000.0,3384913042.117579,3595027042.117579,11.03419529941745,1.688047391829768,0.15248401705874826,0.2871302266127495,0.037835781963013036,11.03419529941745,0.04702076662631587,5.017027267713939,17.414612403625927,3.275393702874562,0.17794744098944293,0.0,0.002554570794702157,0.34670687946079637,1.64005548149717,0.024970952953805817,38.7684603557121,0.44134818470841947,0.10638297872340435,5.729027644444391,1.1380100285865187,0.8808138143238076,0.026718662722138322,0.09678365872926306,0.09694699914667677,0.6389020980055002,0.873231419663205,0.43086187985565033,Engineering & Construction,Industrials,STN
2014Q2,2014,Q2,2014-08-07,2014-06-30,44305000.0,633819000.0,63282000.0,0.47,290022000.0,0.4575785832,1882698000.0,963793000.0,807972000.0,416793000.0,918905000.0,0.0,666613000.0,3080536771.4263797,3338294771.4263797,10.31789960039099,1.9385450331459502,0.19944462680684846,0.38960025648661073,0.034256816414716264,10.31789960039099,0.04596941459421266,4.860278362476322,17.382557112212954,3.196263898395589,0.1948764247827559,0.0,0.0028027582985163334,0.336654630748001,1.8889160806443486,0.02353271740874001,814.74127781708,0.45757858316017663,0.3055555555555555,0.9292844891676703,0.5899886348098513,0.6531491561568116,0.10850695439795438,0.3212357975725405,0.32450081627527316,0.6877916081487067,0.8129533421928176,0.44818475301127325,Engineering & Construction,Industrials,STN
2014Q1,2014,Q1,2014-04-10,2014-03-31,33533000.0,573893000.0,47778000.0,0.36,261633000.0,0.4558916035,1783296000.0,939299000.0,756944000.0,400321000.0,843997000.0,0.0,630955000.0,3142442453.7283196,3338639453.7283196,10.073442152792005,1.8908425988144515,0.1776323167886879,0.3372419219013328,0.027576974999319635,10.073442152792005,0.03570002736082972,5.475659145046759,23.427984774165147,3.345518789787192,0.22914740703187905,0.0,0.0024452317307778844,0.32181589595894344,1.826576672220543,0.018803945054550675,-164.5171694533438,0.4558916034870612,-0.05263157894736847,0.5824665878240216,0.3823050720080096,0.6214236629697961,0.027494580414087783,-0.05967303216398867,-0.0556401083153796,0.38144817232629674,0.6727033984054042,0.4705056716978247,Engineering & Construction,Industrials,STN
2013Q4,2013,Q4,2014-02-27,2013-12-31,35661000.0,575313000.0,50593000.0,0.38,254632000.0,0.442597334,1668178000.0,892634000.0,726231000.0,406984000.0,775544000.0,0.0,606056000.0,3065695710.0,3160738710.0,9.598215053763441,1.784421500599532,0.14271438659423635,0.26670841576726856,0.0338984971156636,9.598215053763441,0.03995030438007067,5.328744022818883,21.49193593842012,3.4344375298274543,0.2144920220969687,0.0,0.0024950290973268186,0.3448750672889824,1.7249842745660764,0.02137721514130986,28.227942636158556,0.4425973339729851,-0.22448979591836732,0.7760834087300883,0.10407896386590716,0.6490462711229551,-0.03178435763961504,-0.22411992515556328,-0.2172870447724249,0.3938965697890695,0.4689412056519929,0.3979733664780359,Engineering & Construction,Industrials,STN
2013Q3,2013,Q3,2013-10-31,2013-09-30,45962000.0,581166000.0,64638000.0,0.49,262991000.0,0.4525230313,1626096000.0,841907000.0,712698000.0,408600000.0,784189000.0,0.0,578079000.0,2452812572.8227186,2636167572.8227186,9.091117006184326,1.7442437591776798,0.14962523737835898,0.2889927272252161,0.04378711435788211,9.091117006184326,0.0545927281754398,4.2205025290927525,13.341524372431131,2.913400854040552,0.16589791566946607,0.0,0.0031086761721973244,0.3573995631254243,1.6848311306901615,0.028265243872440497,25.38880626045667,0.45252303128538146,0.25641025641025633,2.507760430213818,0.9788380070728939,0.7879234252801347,0.03335127680223809,0.27209321635160943,0.23777790544034008,0.4087119074627667,0.4798289629760541,0.36441458851188724,Engineering & Construction,Industrials,STN
2013Q2,2013,Q2,2013-08-01,2013-06-30,36131000.0,566724000.0,52221000.0,0.39,254503000.0,0.4490775051,1561331000.0,806990000.0,643555000.0,344085000.0,754341000.0,0.0,539766000.0,2041303931.7053473,2313231931.705347,8.73813999358069,1.8703372713137743,0.1887447312581381,0.3651755288169618,0.03427081285396711,8.73813999358069,0.04477254984572299,3.6019366247156417,14.124324899015717,2.52952816231347,0.21065013423376047,0.0,0.0037284991626120147,0.36297492331863007,1.8101748114564715,0.023141153285241887,100.53208232973884,0.4490775050994841,0.2580645161290323,0.6161408764821692,0.9385096457465382,0.6404221984109222,0.10496381231900732,0.2701163567335747,0.2533541341653666,0.575644564879073,0.5120224435004853,0.36329276486739476,Engineering & Construction,Industrials,STN
2013Q1,2013,Q1,2013-04-03,2013-03-31,28447000.0,513207000.0,41665000.0,0.31,230327000.0,0.4487994123,1500822000.0,762532000.0,613783000.0,339619000.0,738187000.0,0.0,512063000.0,2043959638.7891169,2318253638.789117,8.278531393490105,1.8072693223877345,0.19985914385583367,0.39336447519579504,0.028352049852650902,8.278531393490105,0.03730597535578835,3.982719718922612,17.96287516072975,2.680490312261147,0.2424508735543291,0.0,0.003374332775027751,0.3419506110651363,1.7415692290478448,0.01895427972137935,-194.29274132976397,0.4487994123229028,-0.08823529411764713,0.6649120617992015,0.743337979164388,0.6101007549982626,0.050373721389450066,-0.08627501365110976,-0.05493682945085853,1.061686125326065,0.7171027458158651,0.3817117222369475,Engineering & Construction,Industrials,STN
2012Q4,2012,Q4,2013-02-21,2012-12-31,31133000.0,483919000.0,44087000.0,0.34,219281000.0,0.4531357521,1468642000.0,727052000.0,589185000.0,345158000.0,741487000.0,0.0,491251000.0,1825631777.7,2083174777.7,7.8855965292841645,1.7070008517838207,0.2037909851413755,0.4116569378806468,0.03220761858249981,7.8855965292841645,0.04282087113438929,3.772597847367018,14.65994104085697,2.511005784593124,0.22105161725500272,0.0,0.003769653926965603,0.32950099479655354,1.6535702489874202,0.021198494936138283,24.597240372670807,0.4531357520576791,-0.081081081081081,0.6483303300438893,0.42945881363491734,0.6476628563924773,0.000620593670857195,-0.0867141893279357,-0.10632044109300251,0.3560376436090771,-0.12483410089994482,0.3253248678175923,Engineering & Construction,Industrials,STN
2012Q3,2012,Q3,2012-11-01,2012-09-30,34089000.0,483687000.0,49332000.0,0.37,219145000.0,0.4530719246,1433247000.0,694623000.0,587843000.0,354578000.0,738521000.0,0.0,467015000.0,1596484880.98255,1873110880.98255,7.585086322762276,1.6578665343027486,0.20564913095928336,0.4243251375206407,0.036399524061543745,7.585086322762276,0.04907554169671894,3.3006569971542543,11.70821145371344,2.298347277562865,0.20132594091935815,0.0,0.004298819288395764,0.3374763735769201,1.6049952337708486,0.023784455854434023,21.67134822422965,0.4530719246124043,0.08823529411764697,0.9295464622280762,1.3114225479744819,0.6390257652970337,0.01741459836392843,0.10750487329434698,0.09023403832128887,4.3928691465597955,0.5675731157289162,0.29290217832586674,Engineering & Construction,Industrials,STN
2012Q2,2012,Q2,2012-08-02,2012-06-30,30780000.0,476243000.0,45249000.0,0.34,215394000.0,0.4522775138,1373101000.0,675302000.0,561203000.0,303426000.0,697696000.0,0.0,439808000.0,1327977793.6902623,1613873793.6902623,7.384026568508354,1.8495547514056145,0.21713552025670363,0.44150468975362134,0.033932956550120234,7.384026568508354,0.04557960734604666,2.788445801177681,10.78604445817302,1.9664946848821154,0.22274204028589994,0.0,0.005162736931728465,0.3468375596551164,1.7976738974247428,0.022416413650561757,76.22418744634729,0.45227751379022896,0.21428571428571425,0.759206278713923,1.1996318777672514,0.601746820139561,0.0677817381432771,0.236144578313253,0.2172544588814462,0.36898860160266916,0.22023943519645323,0.1830796735322457,Engineering & Construction,Industrials,STN
2012Q1,2012,Q1,2012-05-30,2012-03-31,24900000.0,439051000.0,37173000.0,0.28,201721000.0,0.4594477635,1317313000.0,642982000.0,523814000.0,293065000.0,674228000.0,0.0,415891000.0,1435007053.698696,1707058053.698696,7.056859355050849,1.7873645778240321,0.21741605829442207,0.445432376022968,0.029197700269840247,7.056859355050849,0.038725811920084854,3.268429074751443,14.407701342356386,2.23179972953939,0.0,0.0,0.0,0.3332928468784564,1.7356388514493373,0.018902113620680887,-89.30838024014787,0.4594477634716696,1.3888888888888888,0.6112943918408409,1.0263575339751563,0.5083544303608047,0.05092578120929845,1.3785172460970159,1.6932932970271177,0.20254156704731163,0.0822474085409596,0.1358737729344935,Engineering & Construction,Industrials,STN
2011Q4,2011,Q4,2012-02-23,2011-12-31,-65783000.0,348200000.0,-53618000.0,-0.72,191946000.0,0.5512521539,1327356000.0,627048000.0,529153000.0,327516000.0,700205000.0,0.0,397847000.0,1255645392.5,1515728392.5,6.905814977973568,1.6156554183612404,0.22314586290339591,0.4723625623556729,-0.06611517179720888,6.905814977973568,-0.10490903407713605,3.606103941700172,-4.771922048629586,2.002470931252472,0.0,0.0,0.0,0.2623260074915848,1.5188906801499773,-0.049559424901834924,22.446288746871648,0.5512521539345204,-3.25,-5.194728883773334,0.20147062778066116,0.5210132273761786,-0.015080688611232265,-3.2753623188405796,-2.272317403065825,-4.355680585768588,-0.315581382792269,0.18647148190612262,Engineering & Construction,Industrials,STN
2011Q3,2011,Q3,2011-11-03,2011-09-30,28911000.0,351198000.0,42142000.0,0.32,194885000.0,0.5549148913,1424056000.0,704253000.0,535598000.0,333051000.0,719700000.0,0.0,463630000.0,1054351196.1319262,1342414196.131926,7.7115726226004515,1.6081561082236655,0.2142731746504351,0.4332775295241909,0.030476791292345356,7.7115726226004515,0.04105200829815422,3.002156037710711,9.117214867454654,1.4971199215792141,0.0,0.0,0.0,0.24661811052374344,1.5104083158435195,0.02030187015117383,18.162498426072354,0.5549148913148708,0.14285714285714277,0.7402438005095496,0.9067194509832733,0.8153423746920052,0.03287542001886772,0.12467906325371508,0.10990544918222761,1.9617399507452469,0.21261573301233755,0.516612461187892,Engineering & Construction,Industrials,STN
2011Q2,2011,Q2,2011-07-28,2011-06-30,25706000.0,342357000.0,37969000.0,0.28,188682000.0,0.5511264557,1338270000.0,651719000.0,493186000.0,285731000.0,686448000.0,0.0,440543000.0,1272364618.6607862,1593614618.6607862,7.12471221571456,1.7260500260734748,0.24428254388127957,0.501621097436165,0.028323041701901256,7.12471221571456,0.039443379738813816,3.716484893432254,12.37419881215267,1.9523208908452665,0.0,0.0,0.0,0.255820574323567,1.6335644364804658,0.01920838096946057,-288.3219167597521,0.5511264557172776,0.07692307692307698,0.5154751910073424,0.8525703447211865,0.7506220958809483,0.004172476556429552,0.0788148396844049,0.06849584916279725,0.16088669984190884,0.18231084382327353,0.3375313378514946,Engineering & Construction,Industrials,STN
2011Q1,2011,Q1,2011-04-07,2011-03-31,23828000.0,336792000.0,35535000.0,0.26,187898000.0,0.5579051759,1292308000.0,627028000.0,463796000.0,287259000.0,665177000.0,0.0,416188000.0,1324373240.104554,1615397240.104554,6.850325263391438,1.6145568981302587,0.2353432772992197,0.48504373010455676,0.027857425228447898,6.850325263391438,0.03800149275630434,3.9323179888612376,13.895136395255097,2.11214370028859,0.0,0.0,0.0,0.26061279509219165,1.5061216532815334,0.018438328943255013,-63.726938701980266,0.5579051758949144,0.0,5.243267978168486,-0.10735201709303671,-0.14883269836570015,0.05847890624559901,-0.04919995211683492,0.1667268608201727,0.4033676149245448,0.15127697467613388,0.332327360290442,Engineering & Construction,Industrials,STN
2010Q4,2010,Q4,2011-02-24,2010-12-31,25061000.0,383650000.0,30457000.0,0.26,177517000.0,0.462705591,1323508000.0,625475000.0,504513000.0,331342000.0,697930000.0,0.0,454301000.0,1273523886.6000001,1527351886.6000001,6.865806805708013,1.5226352228211335,0.2391817805408052,0.5061097565849954,0.026603073774407293,6.865806805708013,0.040067148966785246,3.319494035188323,12.704240519133315,2.0360907895599345,0.0,0.0,0.0,0.2898735783992239,1.1028846327963253,0.018935284108596247,24.90707959163717,0.46270559103349407,-0.25714285714285706,2.161430301160154,1.545215874773508,0.8108753273629586,0.004464487800461727,-0.2198910505836576,-0.2993397593687455,0.3428707641915032,0.1469558987793407,0.434582001617917,Engineering & Construction,Industrials,STN
2010Q3,2010,Q3,2010-10-13,2010-09-30,32125000.0,386683000.0,43469000.0,0.35,176728000.0,0.4570358666,1269302000.0,607553000.0,495057000.0,323525000.0,661646000.0,0.0,429240000.0,1228247573.781494,1490483573.781494,6.66301656602752,1.5301970481415657,0.23584064312511915,0.49271915371992236,0.0354226347603831,6.66301656602752,0.05287604538204897,3.1763681718138472,9.558346877676994,2.0216303331256595,0.0,0.0,0.0,0.3046422364417609,1.0550220230275866,0.025309185678427985,36.47898942029979,0.4570358665883941,0.3999999999999999,1.141626400626553,1.6281705070072021,0.5312803092781506,0.04421400927649266,0.4146996653161881,0.3759496074955685,0.8262468108147509,0.8558606556521169,0.4397800317113595,Engineering & Construction,Industrials,STN
2010Q2,2010,Q2,2010-07-07,2010-06-30,22708000.0,371168000.0,31592000.0,0.25,169245000.0,0.4559795025,1154138000.0,586187000.0,445517000.0,256134000.0,567848000.0,0.0,397115000.0,1071904774.37445,1308535774.37445,6.4095843671778265,1.7393903191298306,0.23171492490499404,0.45622130821734364,0.026602063217973378,6.4095843671778265,0.03873849130055767,2.8879234588500355,11.80095973197166,1.8286055036608624,0.0,0.0,0.0,0.3215975905827553,1.2110457807241521,0.0196752901299498,58.35400807743753,0.4559795025433227,0.6666666666666667,0.4403812997515461,1.4097560550854393,1.3035578812817934,0.026685512538975772,0.6573972702722429,0.12836631187941996,0.2978530060189524,0.7143141006915513,0.3903703194038297,Engineering & Construction,Industrials,STN
2010Q1,2010,Q1,2010-04-01,2010-03-31,13701000.0,296780000.0,27998000.0,0.15,164846000.0,0.5554484804,1108521000.0,547998000.0,412381000.0,254049000.0,560420000.0,0.0,378270000.0,1205349224.5161517,1448164224.5161517,5.991504059969489,1.6232341005081696,0.23429596732944166,0.47394698520797524,0.016962561283613134,5.991504059969489,0.0250019160653871,4.061423359108268,21.993818416833655,2.1995504080601607,0.0,0.0,0.0,0.26772609630309213,1.1350881129230974,0.012359711723999816,-69.38060349485706,0.5554484803558192,-0.4,55.47227983068777,0.7396306738143357,1.3004530479241192,0.05792581183416763,-0.40193810292897986,-0.07193052240784938,-0.11677357824908376,0.36452021195969686,0.28064217220248217,Engineering & Construction,Industrials,STN
2009Q4,2009,Q4,2010-02-25,2009-12-31,22909000.0,551746000.0,30168000.0,0.25,155820000.0,0.2824125594,1123545000.0,547394000.0,409253000.0,283811000.0,575965000.0,0.0,364569000.0,1395890608.0,1615397608.0,5.949934782608696,1.4419913252129057,0.20844469958924652,0.42783991055802584,0.02931072645411731,5.949934782608696,0.04185102503863762,2.529951477672697,15.232993670609805,2.550065598088397,0.0,0.0,0.0,0.4910760138668233,0.9867094651017755,0.020389926527197396,23.74609771366358,0.2824125594023337,3.2727272727272725,0.9190965500844742,1.4814490695146856,1.3282319890743206,-0.10083960875962954,3.2934227650415457,62.24528301886792,0.4417646549114032,0.8789776134401942,0.3104795792008074,Engineering & Construction,Industrials,STN
2009Q3,2009,Q3,2009-10-14,2009-09-30,-9989000.0,306769000.0,477000.0,-0.11,173295000.0,0.5649038853,1142753000.0,534144000.0,439051000.0,280231000.0,608423000.0,0.0,341660000.0,1237959630.79173,1492958630.79173,5.866713236251126,1.5667467196705576,0.23594687565904443,0.5047870986101126,-0.01242763815156767,5.866713236251126,-0.018700949556673854,4.035478261466217,-30.98307214915732,2.317651477488711,0.0,0.0,0.0,0.26844733726360814,1.0796128907936666,-0.008741171539256515,20.443895214052414,0.5649038853339158,-1.44,-1.9562196408244195,1.0804602389651492,1.4081010052395968,-0.01949745673047001,-1.4467552216109845,-0.9848600266615882,-1.6031026735584362,0.6705846728072573,0.38105334140544944,Engineering & Construction,Industrials,STN
2009Q2,2009,Q2,2009-07-02,2009-06-30,22359000.0,388121000.0,31506000.0,0.25,176741000.0,0.4553760296,1221903000.0,567633000.0,455153000.0,261864000.0,654063000.0,0.0,351649000.0,1269859447.0305,1595093447.0305,6.241360352732911,1.7381274249228607,0.2774131825521338,0.5971675360664372,0.02466233916645066,6.241360352732911,0.039389887480114794,3.271813292840377,14.198526846353817,2.237113499445064,0.0,0.0,0.0,0.3176365063347909,1.1819303149726577,0.018298506509927547,-1407.8264379495565,0.45537602964024104,0.08695652173913039,1.818321969288535,1.6560790020581804,1.635889820114814,-0.08635484838146046,0.08218382459706694,0.06745722513975945,0.3257797510429562,1.1123569845587213,0.533572586658325,Engineering & Construction,Industrials,STN
2009Q1,2009,Q1,2009-04-06,2009-03-31,20661000.0,404800000.0,29515000.0,0.23,193446000.0,0.4778804348,1247937000.0,564834000.0,454862000.0,277929000.0,682815000.0,0.0,329290000.0,1044095414.1071999,1371665414.1072,6.212714408238936,1.6366122283029119,0.27903892584321166,0.6165050262555016,0.022628379170194193,6.212714408238936,0.03657888866463421,2.5792870901857707,12.633650526441121,1.8484995841383485,0.0,0.0,0.0,0.3243753490761152,1.081315731715654,0.016556124227424942,-26.849471908534984,0.4778804347826087,0.0454545454545455,1.9519721448046923,1.789352593536619,1.7209894266333894,0.16921448576276196,0.03345873292887337,-0.061244187482592145,4.4501947808222955,0.08017784555995237,-0.22805718628500937,Engineering & Construction,Industrials,STN
2008Q4,2008,Q4,2009-02-26,2008-12-31,19992090.0,518838375.0,31440551.0,0.22,165449541.0,0.3188845486,1144886000.0,538975000.0,480725000.0,300009000.0,605911000.0,0.0,308629000.0,1390515398.9999998,1528353398.9999998,5.820464362850972,1.6023685956087983,0.21767145375172725,0.4623758059279187,0.02715767844381095,5.820464362850972,0.037092796511897584,2.680055034479668,17.3883195678891,2.579925597662229,0.0,0.0,0.0,0.453179071977472,1.2508324750257491,0.01746207919391101,14.332066995945649,0.3188845485841328,1.6666666666666667,1.6980156714775498,2.6823919022364318,1.6597584497346662,0.020916448601619803,1.6660248754773623,2.6277350737782323,1.4811373332771511,2.38632706363969,0.5351633983815937,Engineering & Construction,Industrials,STN
2008Q3,2008,Q3,2008-10-01,2008-09-30,-30017032.0,289195231.0,-19315521.0,-0.33,162059825.0,0.5603820797,987110921.0,463677879.0,397864594.0,259041942.0,523433042.0,0.0,290539706.0,1153853892.9689798,1363846441.9689798,5.084735105341503,1.535908011375239,0.23366318322801738,0.49743904215883455,-0.03938144700404861,5.084735105341503,-0.06473682131383283,3.989878702283925,-9.60999319460515,2.4884816490652124,0.0,0.0,0.0,0.2929713620299415,1.4132585950116139,-0.030408975689977195,25.32421776433902,0.5603820797446,-2.3750000000000004,-4.266578529894748,0.9256420271711654,1.3490753748497721,0.0030106940204635323,-2.3579528623428043,-1.5661445986044875,-3.000937649936479,0.9654174935025145,0.1685630175983338,Engineering & Construction,Industrials,STN
2008Q2,2008,Q2,2008-07-02,2008-06-30,22104620.0,289058620.0,34117646.0,0.24,161573377.0,0.5589640503,1016803378.0,486401384.0,415302259.0,240967840.0,530401995.0,0.0,321376959.0,1200668662.96338,1429508474.96338,5.326762830962255,1.7234758754529236,0.25071588619368257,0.5241119132999835,0.03168512297429162,5.326762830962255,0.04544522430881899,4.153720317918144,13.579385926600187,2.4684729576414615,0.0,0.0,0.0,0.28428172668796936,1.5541843550575047,0.02173932588961167,26.923088166734484,0.5589640502677277,0.26315789473684204,1.6772655706875086,0.9516742642626653,1.5878471550188429,0.1520216559288186,0.3051446373693217,0.32588807986345364,0.40428906868999553,0.8795909768337468,0.9143997173696284,Engineering & Construction,Industrials,STN
2008Q1,2008,Q1,2008-04-14,2008-03-31,16936529.0,291803312.0,25731920.0,0.19,140252031.0,0.4806389278,996326510.0,469444502.0,399007304.0,218509413.0,526882008.0,0.0,300795186.0,1369554421.0866983,1640321832.0866983,5.14162319829422,1.8260417183949873,0.2754507094265714,0.584603383000106,0.024179426174501698,5.14162319829422,0.03607780883117042,4.6934163005205995,20.21598435379968,2.917393675401269,0.0,0.0,0.0,0.29287920081540336,1.6260304172800097,0.016998974563067683,-21.812436160334613,0.48063892777200556,-0.050000000000000044,1.6271256112209187,1.1579813112785318,1.481761037629591,0.1293421914135871,-0.10620714891624669,0.034289421624538026,68.93048970204524,0.7134512311513341,0.9741391542766525,Engineering & Construction,Industrials,STN
2007Q4,2007,Q4,2008-03-27,2007-12-31,18949054.0,339634531.0,24878839.0,0.2,124189136.0,0.3656552107,813561427.0,442698381.0,323247592.0,232697388.0,370863045.0,0.0,286780217.0,1800343780.0,1882256582.0,4.785928443243243,1.389132876730013,0.11810785247565578,0.21705069890463413,0.03646479095855987,4.785928443243243,0.042803531282848764,5.300826670065536,23.752422944174416,4.066750314137697,0.0,0.0,0.0,0.4174663642208298,1.2476323369817972,0.023291485278345184,41.80182594517242,0.3656552107182529,0.05263157894736847,1.5362674431941725,1.632710851816242,1.2954861142250065,0.0680870726739361,0.08435786900852353,-0.04948647141795079,0.578789831262504,0.5192320235310118,0.8727519050375444,Engineering & Construction,Industrials,STN
2007Q3,2007,Q3,2007-10-01,2007-09-30,17474908.0,206985988.0,26174103.0,0.19,116272483.0,0.5617408411,677833648.0,419198052.0,295533141.0,175318493.0,258635596.0,0.0,268080095.0,3953797517.7968087,3978831801.7968087,4.627801760875713,1.6856929120420856,0.05466761661852467,0.0883962838644107,0.03887501110119905,4.627801760875713,0.04168652005090902,19.10176411456803,56.56392465409273,9.431812717003773,0.0,0.0,0.0,0.3053639910186341,1.524699165649342,0.02578052602074425,357.30439499654324,0.5617408411239895,0.0,1.2362720809770429,0.20842958462664993,1.291542779214806,-0.03896909894974303,0.0027372719836600305,-0.012040459452599945,0.6813941411607098,0.41093784076935863,0.8995668654047966,Engineering & Construction,Industrials,STN
2007Q2,2007,Q2,2007-08-02,2007-06-30,17427205.0,215652497.0,26493092.0,0.19,120987247.0,0.5610287323,679129650.0,419933050.0,295704570.0,159937301.0,259196599.0,0.0,250604676.0,4208390885.9356003,4236188972.9356003,4.60998359769803,1.8488780800421285,0.07347029392694017,0.11881859501175247,0.037705978191038034,4.60998359769803,0.04149996052942249,19.514686565097367,60.370995893139494,10.021575786748866,0.0,0.0,0.0,0.31754245599496356,1.6842280088245332,0.02566108695151213,150.9080549315833,0.5610287322571553,0.11764705882352934,1.6939724644414484,0.6518542956760223,1.4448726180332887,0.10651909413981872,0.12959651963654734,0.13849398391838247,1.1931769447884115,0.47345215991254025,0.9469167215682003,Engineering & Construction,Industrials,STN
2007Q1,2007,Q1,2007-04-03,2007-03-31,15427814.0,216311116.0,23270296.0,0.17,109340406.0,0.5054775179,653058118.0,425574262.0,284550277.0,130799124.0,227483856.0,0.0,233178044.0,4544890388.032764,4556394078.032764,4.6785153495805485,2.175475403030987,0.08311908925692277,0.1275490574662619,0.032150933255842694,4.6785153495805485,0.036251755281196965,21.010896120718847,73.64767276868848,10.679429640960674,0.0,0.0,0.0,0.3312279719643574,1.9725907797364148,0.023623952562212846,-208.35953995821544,0.5054775178544222,0.0,2.2681879084234775,0.894923044152175,1.355806440526446,0.03757666642032141,-0.012966518573605545,0.06529921892174412,1.203116467648014,0.4897517171809333,1.0490545616693177,Engineering & Construction,Industrials,STN
