Year,Date,FillingDate,NetIncome,Revenue,OperatingIncome,EPSDiluted,GrossProfit,GrossProfitRatio,TotalAssets,CommonStockEquity,CurrentAssets,CurrentLiability,TotalLiability,Inventory,RetainedEarnings,EnterpriseValue,bookValuePerShare,currentRatio,debtToAssets,debtToEquity,roic,shareholdersEquityPerShare,roe,priceToSalesRatio,peRatio,pbRatio,payoutRatio,inventoryTurnover,dividendYield,assetTurnover,quickRatio,returnOnAssets,priceToFreeCashFlowsRatio,grossProfitMargin,epsdilutedGrowth,fiveYNetIncomeGrowthPerShare,fiveYRevenueGrowthPerShare,fiveYShareholdersEquityGrowthPerShare,grossProfitGrowth,netIncomeGrowth,operatingIncomeGrowth,threeYNetIncomeGrowthPerShare,threeYRevenueGrowthPerShare,threeYShareholdersEquityGrowthPerShare,Industry,Sector,Price,MarketCap,AvgVolume,Symbol
2022,2022-12-31,2022-12-31,247000000.0,5677200000.0,383600000.0,2.22,2417300000.0,0.4257908828,5652900000.0,2286000000.0,1937800000.0,1410000000.0,3366500000.0,48600000.0,1154900000.0,8965935266.17144,20.63008949993421,1.3743262411347519,0.34010861681614746,0.8410323709536308,0.06034085387327867,20.63008949993421,0.10804899387576553,1.266757427283069,29.11593225170623,3.1459471855518104,0.31659919028340083,67.07613168724279,0.010873743885183265,1.0042986785543704,1.3326241134751773,0.04369438695183003,31.349761404409062,0.42579088282956384,0.23333333333333342,1.61952531742145,0.1362136622606316,0.24012813987363665,0.23124331482707686,0.2306925759840558,0.1777709548664415,0.27907733697123005,0.18392997408956893,0.2270302484007515,Engineering & Construction,Industrials,65.96,7324923960,61772,STN
2021,2021-12-31,2021-12-31,200700000.0,4576800000.0,325700000.0,1.8,1963300000.0,0.4289678378,5226400000.0,2001700000.0,1664400000.0,1179400000.0,3224200000.0,45800000.0,1043400000.0,9701980234.7105,17.99399651166192,1.4112260471426148,0.36759528547374865,0.9597841834440726,0.0541285531805167,17.99399651166192,0.1002647749412999,1.7424139649341244,39.734331015,3.9839537566620877,0.3602391629297459,57.06331877729258,0.009066194238774347,0.8757079442828716,1.3706121756825504,0.03840119393846625,23.021594211058027,0.42896783779059605,0.17647058823529413,0.47880625061090465,0.02380631525561376,-0.02543841372987111,0.01699041699041699,0.17299824663939217,-0.054571843251088534,3.328970428305491,0.09231610413453743,0.07321481386146815,Engineering & Construction,Industrials,65.96,7324923960,61772,STN
2020,2020-12-31,2020-12-31,171100000.0,4730100000.0,344500000.0,1.53,1930500000.0,0.4081309063,4388900000.0,1928500000.0,1565100000.0,987200000.0,2459600000.0,43900000.0,958600000.0,5648793520.546481,17.287636446267573,1.5853930307941653,0.2996878488915218,0.682032667876588,0.0652958714577702,17.287636446267573,0.0887218045112782,0.9764050486345914,26.992948688173474,2.3948631166950904,0.39742840444184685,63.772209567198175,0.01472341569766973,1.077741575337784,1.5334278768233387,0.0389847114311103,-135.0436701914176,0.40813090632333354,-0.12068965517241377,-0.07661999638722403,0.3873932862569151,0.22993049274938498,-0.03878709420434177,-0.1198559670781893,0.026519666269368296,0.8024646171259863,-0.05965498412976867,0.039204625311483006,Engineering & Construction,Industrials,65.96,7324923960,61772,STN
2019,2019-12-31,2019-12-31,194400000.0,4827300000.0,335600000.0,1.74,2008400000.0,0.4160503801,4561500000.0,1875500000.0,1580100000.0,1006300000.0,2684400000.0,42900000.0,917700000.0,5484270773.575151,16.81302439513811,1.5702076915432774,0.34403156856297273,0.8367368701679552,0.05944491802189773,16.81302439513811,0.10365235937083445,0.8541152970760367,21.20921179822609,2.1983848432818727,0.3292181069958848,65.70862470862471,0.015522411211123844,1.058270305820454,1.509589585610653,0.04261756001315357,-68.37596639428112,0.4160503801296791,3.1428571428571432,-0.009024916096538832,0.6000182680445415,0.447826011078757,0.10643455266637285,3.1012658227848102,0.28140511645666283,0.4284343903948355,0.07686259215970553,-0.08940030560165821,Engineering & Construction,Industrials,65.96,7324923960,61772,STN
2018,2018-12-31,2019-02-28,47400000.0,4283800000.0,261900000.0,0.42,1815200000.0,0.42373593538447174,4009900000.0,1906900000.0,1635500000.0,858600000.0,2101200000.0,0.0,851200000.0,4135209758.0036564,16.766444405401774,1.904845096668996,0.23284869946881467,0.48964287587183386,0.06979080773391592,16.766444405401774,0.02485709790759872,0.7905854050150932,71.44957295366363,1.7760290303653345,1.2932489451476794,0.0,0.018100163397566774,1.0683059427915909,1.8116701607267645,0.011820743659442879,88.19556661467855,0.42373593538447174,-0.5058823529411764,-0.736286779258461,0.5580509852461312,0.7376343697876548,-0.006947863668690848,-0.511340206185567,0.14217182730047973,-0.74909698833296,0.2324108964954543,0.1928502368317214,Engineering & Construction,Industrials,65.96,7324923960,61772,STN
2017,2017-12-31,2018-02-22,97000000.0,5140100000.0,229300000.0,0.85,1827900000.0,0.35561564950098246,3880900000.0,1896300000.0,1608200000.0,1153300000.0,1981600000.0,0.0,947100000.0,4493893216.237187,16.635449867330905,1.3944333651261598,0.1905743513102631,0.3900226757369615,0.03202331146072191,16.635449867330905,0.05115224384327374,0.7769874547649243,41.17312594058956,2.106097777902857,0.5721649484536082,0.0,0.013896563240770427,1.3244608209435955,1.3364259082632446,0.024994202375737587,20.283358132235588,0.35561564950098246,-0.30327868852459017,0.2880543720689204,3.382685023875842,3.1873331813006303,0.09043662206250548,-0.25698396770561244,0.06964094956873831,-0.5161208166631552,0.6672124702847331,0.4325344719587254,Engineering & Construction,Industrials,65.96,7324923960,61772,STN
2016,2016-12-31,2017-02-23,130549000.0,4300130000.0,214371000.0,1.22,1676301000.0,0.3898256564336427,4284668000.0,1975728000.0,1582520000.0,1072818000.0,2308168000.0,0.0,917883000.0,4431760856.782619,18.463683327114378,1.4751057495306752,0.23816594424585522,0.5164992347124705,0.05165749895451906,18.463683327114378,0.06607640322959436,0.8423470585267469,27.74591805975243,1.833350469691486,0.3532160338263794,0.0,0.0127303783232441,1.0036086809993212,1.4044730793107498,0.03046887180056891,16.474813209965387,0.3898256564336427,-0.26060606060606056,7.714384162135004,1.6364859953074211,1.6631266997861247,0.29684936116881155,-0.16517029249638696,-0.02687354453881457,-0.22802143034510744,0.6623106899102513,0.9135321697504781,Engineering & Construction,Industrials,65.96,7324923960,61772,STN
2015,2015-12-31,2016-02-25,156378000.0,2877245000.0,220291000.0,1.65,1292595000.0,0.4492474572029841,2341879000.0,1323260000.0,951392000.0,632054000.0,1018619000.0,0.0,852725000.0,3535483901.23704,14.055783272453725,1.5052384764592899,0.1560097682245752,0.27610295784653055,0.09640764597953067,14.055783272453725,0.118176322113568,1.1251978546272703,20.702847595167096,2.4465863860745736,0.24513678394659094,0.0,0.011840727842860423,1.2286053207702021,1.4456423027146414,0.06677458570660567,19.759465718836456,0.4492474572029841,-0.05172413793103453,0.6217701488645129,0.8458075424541597,1.0535322392681623,0.1354558575114218,-0.04936230227723133,-0.03926819163086853,1.5143195883655545,1.9704886560677728,2.5380015662515474,Engineering & Construction,Industrials,65.96,7324923960,61772,STN
2014,2014-12-31,2015-02-26,164498000.0,2529918000.0,229295000.0,1.74,1138393000.0,0.4499722915920595,2010470000.0,1086245000.0,844417000.0,475069000.0,924225000.0,0.0,735917000.0,3143663051.2502856,11.61260004067128,1.7774618002858533,0.15382721453192538,0.28471017127811865,0.12109551638975066,11.61260004067128,0.1514372908505908,1.181106285361931,18.1649749617034,2.750854596569177,0.20450704567836692,0.0,0.011258316959396981,1.2583714255870517,1.7270375461248788,0.08182066879883808,18.542364574931963,0.4499722915920595,0.10828025477707001,1.8594808093495065,0.6186407031221683,0.9296421800557427,0.13560735515779793,0.12514962277959796,0.1312539777296476,11.56129062223564,0.7744379547424485,0.6749542696518078,Engineering & Construction,Industrials,65.96,7324923960,61772,STN
2013,2013-12-31,2014-02-27,146201000.0,2236410000.0,202691000.0,1.57,1002453000.0,0.448242048640455,1668178000.0,892634000.0,726231000.0,406984000.0,775544000.0,0.0,606056000.0,3144601349.28514,9.649005968643849,1.784421500599532,0.14271438659423635,0.26670841576726856,0.13175701390269867,9.649005968643849,0.16378605341046834,1.3635953824590035,20.85866956645399,3.416359167682544,0.20370585700508204,0.0,0.009766004315667981,1.340630316429062,1.7249842745660764,0.08764112702601282,14.183992322256465,0.448242048640455,1.3787878787878787,3.9386643966819666,0.6214447531939657,0.6233661475030067,0.17171824611561573,0.20925212155299333,0.1616395490781548,0.5429905768001401,0.4600249604762739,0.40970762350421697,Engineering & Construction,Industrials,65.96,7324923960,61772,STN
2012,2012-12-31,2013-02-21,120902000.0,1882900000.0,174487000.0,0.66,855541000.0,0.45437410377609005,1468642000.0,727052000.0,589185000.0,345158000.0,741487000.0,0.0,491251000.0,3881230248.792392,3.9728030101879206,1.7070008517838207,0.2037909851413755,0.4116569378806468,0.12495524756854731,3.9728030101879206,0.1662907192332873,1.9245245359776897,29.97210342916074,4.984082636169616,0.17039420356983342,0.0,0.00568509327256798,1.2820687410546614,1.6535702489874202,0.08232230863614141,24.354537289667864,0.45437410377609005,3.714285714285714,-0.13073648742778876,-0.01753623435915436,-0.1819554444064396,0.12068204414136029,8.54841257305323,1.8179880166023352,0.07421182583539576,-0.3842546406017571,-0.339847386919227,Engineering & Construction,Industrials,65.96,7324923960,61772,STN
2011,2011-12-31,2012-02-23,12662000.0,1378547000.0,61919000.0,0.14,763411000.0,0.5537794503923333,1327356000.0,627048000.0,529153000.0,327516000.0,700205000.0,0.0,397847000.0,1510789571.328044,6.933084831674435,1.6156554183612404,0.22314586290339591,0.4723625623556729,0.017094801862475965,6.933084831674435,0.020193031474464475,0.9072643669951361,98.77638377255124,1.9945946264529093,0.0,0.0,0.0,1.0385661420146517,1.5188906801499773,0.009539264522855964,14.085167927925177,0.5537794503923333,-0.8627450980392157,-0.7910447759976763,0.6775519731763862,0.5156044572237977,0.10906737407312708,-0.8647149954591592,-0.5426990938028523,-0.562499999308956,0.022324772872132824,0.16643468250323,Engineering & Construction,Industrials,65.96,7324923960,61772,STN
2010,2010-12-31,2011-02-24,93595000.0,1513062000.0,135401000.0,1.02,688336000.0,0.454929143683471,1323508000.0,625475000.0,504513000.0,331342000.0,697930000.0,0.0,454301000.0,1531281637.42066,6.844685953147209,1.5226352228211335,0.2391817805408052,0.5061097565849954,0.10075686122746835,6.844685953147209,0.1496382749110676,0.844283735511605,13.648738046056522,2.0423736159249533,0.0,0.0,0.0,1.1432208947735865,1.1028846327963253,0.0707173662720588,14.889257636288681,0.454929143683471,0.6721311475409837,1.0082882340107935,1.5142293573618923,0.5663929092515103,-0.01568135083268745,0.6731319270647121,0.343423820296067,0.34766710229684333,0.5810952137260739,0.4093973610976849,Engineering & Construction,Industrials,65.96,7324923960,61772,STN
2009,2009-12-31,2010-02-25,55940000.0,1519865000.0,100788000.0,0.61,699302000.0,0.4601079701157669,1123545000.0,547394000.0,409253000.0,283811000.0,575965000.0,0.0,364569000.0,1599608112.7694001,6.018006944860534,1.4419913252129057,0.20844469958924652,0.42783991055802584,0.07869433303265634,6.018006944860534,0.10219330135149454,0.908041906859754,24.671096045216302,2.521220752820455,0.0,0.0,0.0,1.3527406556924735,0.9867094651017755,0.04978883800826847,17.349069287727062,0.4601079701157669,0.9365079365079364,0.5092024559912679,1.3766012418498876,1.3582927838110062,0.11117608269045898,0.9278354068304787,-0.20679342693445824,-0.08208955725615426,0.8390195467811583,0.31556419266134483,Engineering & Construction,Industrials,65.96,7324923960,61772,STN
2008,2008-12-31,2009-02-26,29017000.0,1351951000.0,127064000.0,0.315,629335000.0,0.4655013384360824,1144886000.0,538975000.0,480725000.0,300009000.0,605911000.0,0.0,308629000.0,1499493822.5156248,5.943826033015129,1.6023685956087983,0.21767145375172725,0.4623758059279187,0.07252611875711205,5.943826033015129,0.05383737650169303,1.0071783833257453,46.926140624999995,2.5263803005995173,0.0,0.0,0.0,1.1808608018614954,1.2508324750257491,0.02534488149911869,10.946402309741101,0.4655013384360824,-0.58,-0.06653842840047856,1.370588373086037,1.7077969473319636,0.33677064869635914,-0.5811571981254053,0.3139916731785938,-0.3725490189900022,1.263930122120824,0.3602328895248282,Engineering & Construction,Industrials,65.96,7324923960,61772,STN
TTM,,,,,,,,,,,,,,,,12160133772.8536,21.208181818181817,1.4816307902943637,0.32946602802909347,0.7960907025590467,0.06764388224300961,21.208181818181817,0.12109671642467726,1.6438854337744344,35.98353836016473,4.119852156543358,0.2927742418569824,0.0,0.006340517351606281,1.0470995210218201,-0.4563018179052255,0.047383359943232214,42.29648659605405,0.42527742481999153,,,,,,,,,,,Engineering & Construction,Industrials,65.96,7324923960,61772,STN
