Quarters,Year,Quarter,FillingDate,Date,NetIncome,Revenue,OperatingIncome,EPSDiluted,GrossProfit,GrossProfitRatio,TotalAssets,CommonStockEquity,CurrentAssets,CurrentLiability,TotalLiability,Inventory,RetainedEarnings,MarketCap,EnterpriseValue,bookValuePerShare,currentRatio,debtToAssets,debtToEquity,roic,shareholdersEquityPerShare,roe,priceToSalesRatio,peRatio,pbRatio,payoutRatio,inventoryTurnover,dividendYield,assetTurnover,quickRatio,returnOnAssets,priceToFreeCashFlowsRatio,grossProfitMargin,epsdilutedGrowth,fiveYNetIncomeGrowthPerShare,fiveYRevenueGrowthPerShare,fiveYShareholdersEquityGrowthPerShare,grossProfitGrowth,netIncomeGrowth,operatingIncomeGrowth,threeYNetIncomeGrowthPerShare,threeYRevenueGrowthPerShare,threeYShareholdersEquityGrowthPerShare,Industry,Sector,Symbol
2023Q1,2023,Q1,2023-05-12,2023-03-31,-866836.0,0.0,-363654.0,-0.21,0.0,0.0,13062127.0,7362951.0,13062127.0,340155.0,5699176.0,12945886.0,-5608148.0,44734738.2248,45243347.2248,1.7627569098232396,38.400514471343946,0.044020395759434894,0.0780936882508114,-0.06454592093966013,1.7627569098232396,-0.1177294266931832,0.0,-12.901730611326709,6.075653392885542,0.0,0.0,0.0,0.0,38.400514471343946,-0.06636254570178349,-307.82124605063063,0.0,-1.3818181818181816,0.0,0.0,0.0,0.0,-1.11980123881609,-1.144628903370389,0.0,0.0,0.0,Shell Companies,Financial Services,OXAC
2022Q4,2022,Q4,2023-02-22,2022-12-31,7235618.0,0.0,-169565.0,0.55,0.0,0.0,13049940.0,7978196.0,215311.0,101842.0,5071744.0,-3593.0,-4856721.0,137247833.79999998,137611115.79999998,0.6074569331381316,2.114167043066711,0.04406150526362573,0.07207143068433014,-0.040600986602705176,0.6074569331381316,0.9069240715570287,0.0,4.742090924368864,17.202865635288976,0.0,0.0,0.0,0.0,2.114167043066711,0.5544560358131915,-2040.768944136321,0.0,2.666666666666667,2.1168497462515217,0.0,0.7604098401523374,0.0,2.2292106358926342,0.09583175586684228,2.1168497462515217,0.0,0.7604098401523374,Shell Companies,Financial Services,OXAC
2022Q3,2022,Q3,2022-11-14,2022-09-30,2240677.0,0.0,-187537.0,0.15,0.0,0.0,117512747.0,109870131.0,295613.0,14545.0,7642616.0,0.0,101081.0,146057751.0,145778780.0,7.582479710144928,20.32402887590237,0.0,0.0,-0.004904892845020182,7.582479710144928,0.020393868466398752,0.0,16.296163056968943,1.3293672235632448,0.0,0.0,0.0,0.0,19.193399793743556,0.019067522947106324,-1043.2994585559588,0.0,3.3400936037441498,36.19212893802079,0.0,0.0008202398458700809,0.0,3.4124065744056398,-1.2399493838675792,36.19212893802079,0.0,0.0008202398458700809,Shell Companies,Financial Services,OXAC
2022Q2,2022,Q2,2022-08-15,2022-06-30,-928814.0,0.0,781569.0,-0.0641,0.0,0.0,117206248.0,109090377.0,481248.0,14144.0,8115871.0,0.0,-678672.0,145189800.0,144770833.0,7.528666459627329,34.02488687782805,0.0,0.0,0.013268988943682558,7.528666459627329,-0.008514169861196831,0.0,-39.07935280906618,1.3309129915281162,0.0,0.0,0.0,0.0,29.621535633484164,-0.007924611664047124,-1072.2394540942928,0.0,-1.1363829787234043,-274.0411607936038,0.0,5044.1083105952,0.0,-1.1368764867483216,14.917322554222016,-274.0411607936038,0.0,5044.1083105952,Shell Companies,Financial Services,OXAC
2022Q1,2022,Q1,2022-05-12,2022-03-31,6785782.0,0.0,-56158.0,0.47,0.0,0.0,117328026.0,109591878.0,603026.0,62488.0,7736148.0,0.0,-177171.0,144900000.0,144345625.0,7.563276604554866,9.650268851619511,0.0,0.0,-0.0010334430772968466,7.563276604554866,0.061918657877183196,0.0,5.338367781340455,1.3221782731015888,0.0,0.0,0.0,0.0,8.871703367046473,0.05783598541068099,-2414.1952682439187,0.0,1.9591836734693877,0.0,0.0,0.0,0.0,1.949379490757523,-0.1312826091335791,0.0,0.0,0.0,Shell Companies,Financial Services,OXAC
2021Q4,2021,Q4,2022-03-30,2021-12-31,-7147597.0,0.0,-49641.0,-0.49,0.0,0.0,117339476.0,5000001.0,614476.0,18000.0,11112301.0,0.0,-3541873.0,143451000.0,142836605.0,0.3450656314699793,34.13755555555556,0.0,0.0,-0.019718767931362773,0.3450656314699793,-1.4295191140961772,0.0,-5.017455516868117,28.690194261961146,0.0,0.0,0.0,0.0,34.13305555555556,-0.06091383090887503,-3401.973106931961,0.0,-47.22641509433963,0.0,0.0,0.0,0.0,-119.64019187995883,-0.5275563898205988,0.0,0.0,0.0,Shell Companies,Financial Services,OXAC
2021Q3,2021,Q3,2021-11-15,2021-09-30,60246.0,0.0,-32497.0,0.0106,0.0,0.0,117382071.0,109780085.0,657071.0,57033.0,7601986.0,0.0,56869.0,142291800.0,141635238.0,7.576265355417529,11.520891413742921,0.0,0.0,-0.0007526803292859535,7.576265355417529,0.0005487880611497067,0.0,590.4616074096206,1.29615312285466,0.0,0.0,0.0,0.0,11.513877930321042,0.0005132470358271324,637.3167552750742,0.0,54.0,0.0,0.0,0.0,0.0,18.840094758661532,-8.62303819958543,0.0,0.0,0.0,Shell Companies,Financial Services,OXAC
2021Q2,2021,Q2,2021-09-27,2021-06-30,-3377.0,0.0,-3377.0,-0.0002,0.0,0.0,199043.0,21623.0,800.0,177420.0,177420.0,0.0,-3377.0,142291800.0,142469220.0,0.0014922705314009662,0.004509074512456319,0.8913651823977733,8.205151921565001,-0.01696618318654763,0.0014922705314009662,-0.1561762937612727,0.0,-10533.891027539237,6580.576238264811,0.0,0.0,0.0,0.0,0.0,-0.01696618318654763,-702.9532654876,0.0,0.0,0.0,0.0,0.0,0.0,0.0,0.0,0.0,0.0,0.0,Shell Companies,Financial Services,OXAC
2021Q1,2021,Q1,2021-04-30,2021-04-30,,,,,,,26772.0,22023.0,1200.0,4749.0,4749.0,0.0,-2977.0,0.0,0.0,0.0,0.2526847757422615,0.0,0.0,,0.0,,0.0,0.0,0.0,0.0,0.0,,,0.0,,0.0,0.0,0.0,0.0,0.0,0.0,0.0,0.0,0.0,0.0,0.0,0.0,Shell Companies,Financial Services,OXAC
