Quarters,Year,Quarter,FillingDate,Date,NetIncome,Revenue,OperatingIncome,EPSDiluted,GrossProfit,GrossProfitRatio,TotalAssets,CommonStockEquity,CurrentAssets,CurrentLiability,TotalLiability,Inventory,RetainedEarnings,MarketCap,EnterpriseValue,bookValuePerShare,currentRatio,debtToAssets,debtToEquity,roic,shareholdersEquityPerShare,roe,priceToSalesRatio,peRatio,pbRatio,payoutRatio,inventoryTurnover,dividendYield,assetTurnover,quickRatio,returnOnAssets,priceToFreeCashFlowsRatio,grossProfitMargin,epsdilutedGrowth,fiveYNetIncomeGrowthPerShare,fiveYRevenueGrowthPerShare,fiveYShareholdersEquityGrowthPerShare,grossProfitGrowth,netIncomeGrowth,operatingIncomeGrowth,threeYNetIncomeGrowthPerShare,threeYRevenueGrowthPerShare,threeYShareholdersEquityGrowthPerShare,Industry,Sector,Symbol
2023Q1,2023,Q1,2023-04-26,2023-03-31,-7036000.0,87617000.0,-7972000.0,-0.0453,87117000.0,0.9942933449,9508229000.0,2347561000.0,331533000.0,5380569000.0,7160668000.0,0.0,-368475000.0,1313384705.01,7939528705.01,16.640815769080845,0.061616717488429194,0.7317532003068079,2.9637896523242633,0.0001232295035710773,16.640815769080845,-0.0029971532156139926,14.990067053311572,-46.66659696596077,0.559467764633166,-7.633740761796475,0.0,0.04089510087571109,0.009214860096449087,0.07383438443034557,-0.000739990591307803,13.664152821086361,0.994293344898821,0.9257377049180328,-1.1111974668411382,0.09479952777853397,-0.2187468780624656,18.90790676416819,0.930033909091813,-1.0992566953446967,0.9399401018902421,0.3202317760194276,0.06702142828879117,REIT—Mortgage,Real Estate,ARI
2022Q4,2022,Q4,2023-02-08,2022-12-31,-100563000.0,4376000.0,80317000.0,-0.61,4376000.0,1.0,9568352000.0,2354504000.0,222030000.0,722204000.0,7213848000.0,0.0,-363877000.0,1512152672.6,3588400672.6,16.753905540794268,0.3074339106402069,0.2919125466956065,1.1862889169013942,0.3935432589047659,16.753905540794268,-0.04271090641595852,345.5559123857404,-3.759217288167616,0.6422383111687218,-0.5287730079651561,0.0,0.035165100034886515,0.00045734103427633096,0.3979665025394487,-0.010509960335907375,49.23654182729877,1.0,-1.5398230088495575,-2.848330228197895,-0.9412563050249355,-0.14373277408045346,-0.9722470620318753,-1.5494345189313228,-0.6854409161405542,-2.527992068170951,-0.9455878066580756,-0.021912514451301116,REIT—Mortgage,Real Estate,ARI
2022Q3,2022,Q3,2022-10-24,2022-09-30,183030000.0,157677000.0,255332000.0,1.13,157677000.0,1.0,9824019000.0,2407685000.0,380776000.0,46471000.0,7416334000.0,0.0,-306179000.0,1166938392.1000001,8462161392.1,17.124970465696617,8.193841320393364,0.7750887900359313,3.162576084496103,0.025476713031865748,17.124970465696617,0.07601908056909439,7.4008155412647385,1.5939168334426053,0.4846723687276368,0.2905316068404087,0.0,0.045568815251939294,0.01605015218313401,8.193841320393364,0.018630867875968075,11.156625416841946,1.0,12.452380952380949,1.0082085511310828,0.45469862590976307,-0.13911542141001107,0.5783009519233656,11.691027596727222,1.0029181048007532,5.871026897335772,1.1426230480072048,-0.00010821358395944286,REIT—Mortgage,Real Estate,ARI
2022Q2,2022,Q2,2022-07-26,2022-06-30,14422000.0,99903000.0,127480000.0,0.084,99903000.0,1.0,9552941000.0,2273312000.0,241619000.0,220100000.0,7279629000.0,0.0,-436034000.0,1467768400.9199998,8909584400.92,16.169701749352196,1.0977691958200817,0.8043004766804275,3.3798418342928733,0.0026025048843088716,16.169701749352196,0.006344047803381146,14.691935186330738,25.443218709610317,0.6456519830625976,3.685827208431563,0.0,0.036216204114137555,0.010457826547866254,1.3085233984552476,0.0015096921461150027,29.50288243055276,1.0,1.4,-0.7298427528505214,0.17968499720978995,-0.2865167738738499,0.6446021137194219,1.4826639892904954,1.1121346676386772,-0.756893726511055,0.6352294809000419,-0.11889218122386976,REIT—Mortgage,Real Estate,ARI
2022Q1,2022,Q1,2022-04-25,2022-03-31,-29880000.0,60746000.0,60356000.0,-0.21,60746000.0,1.0,8817018000.0,2251018000.0,260119000.0,23770000.0,6566000000.0,0.0,-453809000.0,1955122666.98,8330766666.98,16.038216562869383,10.943163651661758,0.7475762213483061,2.928183159797034,-0.0133845069173662,16.038216562869383,-0.013273994255043718,32.18520835906891,-16.358121377008032,0.8685504367268498,-1.7850736278447121,0.0,0.02728115268715547,0.0068896309387142,10.943163651661758,-0.0033889008732884518,39.408261448439895,1.0,-3.6979865771812084,-1.4138670190859541,-0.33757863929320625,-0.23830039106738826,-0.12481090348513882,-2.9145814227695532,-0.2623950529776235,-1.422926706804568,-0.3024715970118415,-0.14999703405931616,REIT—Mortgage,Real Estate,ARI
2021Q4,2021,Q4,2022-02-08,2021-12-31,-7633000.0,69409000.0,81827000.0,-0.0447,69409000.0,1.0,8416695000.0,2294626000.0,384325000.0,25250000.0,6122069000.0,0.0,-427883000.0,1840975785.32,3511163785.3199997,16.402865480792343,15.220792079207921,0.23920244228880813,0.8773952705146721,-0.00390827821378759,16.402865480792343,-0.0033264680170101792,26.523588948407266,-60.29659980741517,0.8022988431753147,-6.931088693829425,0.0,0.028737477386647975,0.008246586100601246,15.220792079207921,-0.000906888036218492,53.45147742059114,1.0,-1.1176315789473685,-1.0764190346128304,-0.41294901076929036,-0.2982042085240389,-0.11895151053566895,-1.1263909127036693,0.0,-1.1378278525124328,-0.18782030969882413,-0.12518219607118497,REIT—Mortgage,Real Estate,ARI
2021Q3,2021,Q3,2021-10-25,2021-09-30,60392000.0,78780000.0,0.0,0.38,78780000.0,1.0,7717832000.0,2306442000.0,0.0,0.0,5411390000.0,0.0,-411642000.0,2074595052.91,3848684052.91,16.487330774274174,0.0,0.26140799644252427,0.8747252261275159,0.0,16.487330774274174,0.026184053186683213,26.33403215168825,8.58803754185157,0.8994785270602946,0.8808120280831898,0.0,0.02564066656063103,0.010207529782975323,0.0,0.007824995413219672,47.29499721668757,1.0,-0.09523809523809519,-0.5557775543457909,-0.08049433228942454,-0.3212721018756811,0.38880564125165273,-0.10782821940878404,0.0,-0.10360074475788589,-0.09227472561752627,-0.15422670320560888,REIT—Mortgage,Real Estate,ARI
2021Q2,2021,Q2,2021-07-26,2021-06-30,67691000.0,56725000.0,0.0,0.42,56725000.0,1.0,7954364000.0,2294608000.0,0.0,0.0,5659756000.0,0.0,-419071000.0,2231150757.0,4083149757.0,16.403641701563423,0.0,0.2585473835494579,0.89626637752505,0.0,16.403641701563423,0.029500027891474274,39.33275904803878,8.240204595145586,0.9723450615529973,0.7856140402712325,0.0,0.023834785629414105,0.00713130553240963,0.0,0.008509919837714241,28.963570898186493,1.0,0.13513513513513511,2.1550116021776993,-0.22882917965359287,-0.16964005916432012,-0.22719036525387937,0.1603839890288849,0.0,0.07560338524369134,-0.3349458336969369,-0.13859377069466092,REIT—Mortgage,Real Estate,ARI
2021Q1,2021,Q1,2021-04-22,2021-03-31,58335000.0,73401000.0,0.0,0.37,73401000.0,1.0,7225371000.0,2275753000.0,0.0,0.0,4949618000.0,0.0,-433568000.0,1953087906.1100001,3266083906.11,16.277951089933904,0.0,0.2224184751205163,0.7061645090657905,0.0,16.277951089933904,0.025633273909778435,26.6084645455784,8.370137593683038,0.8582161184056443,0.9142367360932545,0.0,0.027306502607054844,0.010158786310073213,0.0,0.008073633865998023,44.479341974721024,1.0,0.761904761904762,0.5103649925639614,0.10689674041171912,-0.19170786390784844,1.6992608391865553,0.5903762268266085,0.0,-0.06971685164271199,-0.07452415528840341,-0.23578265126963863,REIT—Mortgage,Real Estate,ARI
2020Q4,2020,Q4,2021-02-10,2020-12-31,36680000.0,27193000.0,0.0,0.21,27193000.0,1.0,6940020000.0,2270529000.0,0.0,0.0,4669491000.0,0.0,-438724000.0,1561631489.71,2539210489.71,16.240584988914236,0.0,0.1877627153812237,0.5739089877292913,0.0,16.240584988914236,0.016154825593507064,57.427701603721545,10.64361702365049,0.6877831068046256,1.4790894220283533,0.0,0.03474123079451667,0.003918288419918098,0.0,0.005285287362284259,30.609421963032656,1.0,-0.32258064516129037,-0.3532704724488397,-0.5986961623281173,-0.2071501996027439,-0.5433355164827783,-0.2565568121934412,0.0,-0.3223137754206152,-0.6330566218219538,-0.16996782500010713,REIT—Mortgage,Real Estate,ARI
2020Q3,2020,Q3,2020-10-26,2020-09-30,49338000.0,59547000.0,0.0,0.31,59547000.0,1.0,6932569000.0,2319281000.0,0.0,0.0,4613288000.0,0.0,-422071000.0,1320976940.1299999,2158361940.13,15.819142011626267,0.0,0.18400379426443503,0.5500062303791563,0.0,15.819142011626267,0.021272972097818248,22.1837697974709,6.693506729751915,0.5695631275942846,1.1516883538043698,0.0,0.04301513393141294,0.008589456520375058,0.0,0.007116842255735212,22.173343518757868,1.0,-0.13888888888888887,-0.22720776968800335,-0.2451088826391616,-0.32175797280824464,0.1581864861710818,-0.18044550754970848,0.0,-0.48088035578280347,-0.4731779338560654,-0.20476035671924345,REIT—Mortgage,Real Estate,ARI
2020Q2,2020,Q2,2020-07-30,2020-06-30,60201000.0,51414000.0,0.0,0.36,51414000.0,1.0,6969514000.0,2365506000.0,0.0,0.0,4604008000.0,0.0,-417156000.0,1486445662.53,2265999662.5299997,15.61147806809363,0.0,0.18175141050007218,0.5354959995874032,0.0,15.61147806809363,0.02544952327324471,28.911301640214727,6.172844564583645,0.6283838056339743,1.0777395724323515,0.0,0.04364841691526719,0.007376984966240114,0.0,0.008637761542626932,-2329.8521356269594,1.0,1.4186046511627908,-0.05855396203557468,-0.3439506521222649,-0.12698405520848724,-0.29007760072906025,1.4709015816398368,0.0,0.046337621353140526,-0.4366919937088224,-0.31114822590544555,REIT—Mortgage,Real Estate,ARI
2020Q1,2020,Q1,2020-05-07,2020-03-31,-127842000.0,72422000.0,0.0,-0.86,72422000.0,1.0,7174186000.0,2400911000.0,582138000.0,2879872000.0,4773275000.0,0.0,-421337000.0,1142295577.22,1827320577.22,15.59557786554309,0.20214023401040046,0.17662812199181901,0.527784245230248,0.0,15.59557786554309,-0.05324728821684769,15.772770390489079,-2.233803400330095,0.47577589390860386,-0.5892820825706732,0.0,0.06595053110801889,0.010094803786798948,0.21667560224898885,-0.01781972198657799,21.115691761465516,1.0,-3.047619047619048,-2.6132520506611465,-0.25289634773402664,-0.2613571515659919,-0.17574888463989802,-2.777978665702405,0.0,-2.6143663127650343,-0.2799950849935376,-0.2593225365989833,REIT—Mortgage,Real Estate,ARI
2019Q4,2019,Q4,2020-02-13,2019-12-31,71903000.0,87864000.0,0.0,0.42,87864000.0,1.0,6888363000.0,2629975000.0,452282000.0,2753148000.0,4258388000.0,0.0,-196945000.0,2808193083.46,3627551083.46,17.129250489689547,0.16427812816455925,0.18460699588566978,0.4835179041625871,0.0,17.129250489689547,0.02733980361030048,31.96067881566967,9.763824469980388,1.06776417397884,1.0411248487545721,0.0,0.026657711124252297,0.012755425345615497,0.177201879448544,0.010438329106639705,32.98556491484013,1.0,1.625,0.05309425840918748,0.04504900067022407,-0.00710805529801045,0.0933525795774122,1.4718278387019148,0.0,-0.3441081681361749,-0.3229044891541551,-0.2671258617051719,REIT—Mortgage,Real Estate,ARI
2019Q3,2019,Q3,2019-10-23,2019-09-30,29089000.0,80362000.0,0.0,0.16,80362000.0,1.0,6352418000.0,2629510000.0,160934000.0,631088000.0,3722908000.0,0.0,-193512000.0,2943202267.26,4000118267.26,17.126823820684095,0.2550103947468499,0.19171439914690752,0.463147126270674,0.0,17.126823820684095,0.011062517351141467,36.624303368009755,25.294804455808038,1.1192968527444276,2.57324074392382,0.0,0.02543250283293817,0.012650615875718505,0.31349352229799965,0.004579201179771231,37.55425748047772,1.0,-0.5675675675675675,-0.5367074994918689,0.027128696795982784,-0.06230906786194067,0.2704048563795311,-0.5264228965876531,0.0,-0.8050406498864474,-0.1453597132123348,-0.2949463262120925,REIT—Mortgage,Real Estate,ARI
2019Q2,2019,Q2,2019-07-24,2019-06-30,61424000.0,63257000.0,0.0,0.37,63257000.0,1.0,5624409000.0,2671399000.0,116472000.0,727442000.0,2953010000.0,0.0,-147746000.0,2659526684.0099998,3612487684.0099998,18.351558577487275,0.16011173399391293,0.1901413997452888,0.4003269447955921,0.0,18.351558577487275,0.022993195700080744,42.04319970928118,10.824460650600741,0.9955557683483447,1.170487106017192,0.0,0.027033381703693283,0.01124687056008907,0.21378886564152194,0.010920969652100336,50.438603474624486,1.0,-0.13953488372093023,-0.2446206853824552,-0.3438215983974077,-0.07402681784482834,-0.24263068413112712,-0.09347973671005638,0.0,1.7511264319756565,-0.17360610683895575,-0.0710356046613428,REIT—Mortgage,Real Estate,ARI
2019Q1,2019,Q1,2019-04-24,2019-03-31,67758000.0,83522000.0,0.0,0.43,83522000.0,1.0,5341597000.0,2539824000.0,109343000.0,756333000.0,2801773000.0,0.0,-132776000.0,2470040413.4500003,2951444413.4500003,18.86842423557918,0.1445699182767379,0.11059370446703486,0.23259367578225892,0.0,18.86842423557918,0.02667822652278268,29.573530488374324,9.113464142425986,0.9725242431955916,1.0271407066324272,0.0,0.02817646206152198,0.01563614776629536,0.19228038443384066,0.01268497043112762,43.181769784619156,1.0,0.26470588235294107,0.06295513504585917,0.06704275236085719,0.01822548768792612,0.021413459539445526,0.27869409322513683,0.0,0.8220935950809946,0.3081676688480484,-0.06307625291364942,REIT—Mortgage,Real Estate,ARI
2018Q4,2018,Q4,2019-02-13,2018-12-31,52990000.0,81771000.0,0.0,0.34,81771000.0,1.0,5095819000.0,2509747000.0,109806000.0,114550000.0,2586072000.0,0.0,-130170000.0,2229989563.9,4591705563.9,18.75003618710881,0.9585857704059363,0.48500976977400495,0.9847693811368238,0.0,18.75003618710881,0.021113681976709205,27.271154368908295,10.520803754953764,0.8885316184858474,1.078165691639932,0.0,0.025619850839159346,0.016046684546684252,1.2501527717154082,0.010398720990678829,49.73658586626818,1.0,-0.15,-0.07360841436147951,0.08358806847527885,0.019179318826282946,0.020250037430753105,-0.14830351833100278,0.0,-0.024146029431709605,0.26041351192815154,-0.08464119620457008,REIT—Mortgage,Real Estate,ARI
2018Q3,2018,Q3,2018-10-24,2018-09-30,62217000.0,80148000.0,0.0,0.4,80148000.0,1.0,4974469000.0,2518371000.0,99188000.0,89100000.0,2456098000.0,0.0,-113572000.0,2411946363.8100004,4679803363.81,19.49379442075513,1.1132210998877665,0.47583872771144015,0.939911156854967,0.0,19.49379442075513,0.024705255897562353,30.09365628350053,9.691669333984281,0.9577406838825575,1.1106450005625472,0.0,0.028649476222533193,0.016111870432803984,1.464006734006734,0.012507264594472295,48.716347481518895,1.0,0.025641025641025664,0.3769630622960507,0.3212892099858787,0.05286769056710749,0.06848328911759609,0.1241462797672822,0.0,0.10595483128495405,0.15309273439131238,-0.16420810712267772,REIT—Mortgage,Real Estate,ARI
2018Q2,2018,Q2,2018-07-25,2018-06-30,55346000.0,75011000.0,0.0,0.39,75011000.0,1.0,4981000000.0,2342653000.0,76384000.0,90400000.0,2638347000.0,0.0,-106687000.0,2248805472.04,4720358472.04,19.042864032678004,0.8449557522123894,0.511531218630797,1.0876288549776685,0.0,19.042864032678004,0.02362535125774069,29.97967594139526,10.15794037527554,0.9599396376842837,1.159270769341958,0.0,0.028531147223595312,0.015059425818108813,1.1457853982300885,0.011111423408954026,26.98383076398805,1.0,0.026315789473684233,0.42627023187167573,0.43994644780560144,0.03748110104161834,0.1997344977048446,0.11961645054922825,0.0,0.0660615950437484,0.1789201830842439,0.06490390355810845,REIT—Mortgage,Real Estate,ARI
2018Q1,2018,Q1,2018-05-02,2018-03-31,49433000.0,62523000.0,0.0,0.38,62523000.0,1.0,4242172000.0,2347530000.0,98310000.0,95900000.0,1894642000.0,0.0,-97873000.0,1981609116.94,3682020116.94,21.300159067282898,1.0251303441084463,0.42400944610449554,0.7662185360783462,0.0,21.300159067282898,0.021057451874949416,31.69408244869888,10.021691567070581,0.8441251515167006,1.29797908279894,0.0,0.03237924142127509,0.014738440591282013,1.2915328467153284,0.011652757125359368,22.44711785294351,1.0,0.1875,0.13169030710580826,0.06830855544873485,-0.07222915779434477,0.10523245536503448,0.1964324612145122,0.0,-0.12865142938471394,-0.09905881700267342,0.008825084982346255,REIT—Mortgage,Real Estate,ARI
2017Q4,2017,Q4,2018-02-14,2017-12-31,41317000.0,56570000.0,0.0,0.32,56570000.0,1.0,4088605000.0,2088143000.0,77671.0,84800000.0,2000462000.0,0.0,-83143000.0,1969018815.1499999,3807091815.1499996,19.56621138080139,0.0009159316037735849,0.46855687942464486,0.9174390834344199,0.0,19.56621138080139,0.019786480140488463,34.806767105356194,11.914095984401094,0.9429520943489023,1.3681535445458286,0.0,0.028708715003159427,0.013836014973322196,1.1883490566037735,0.010105402698475397,47.56543664001352,1.0,-0.40740740740740744,0.17856239689735312,0.17438688117715276,-0.023428096429185648,-0.3041306861514995,-0.39556147229211774,0.0,-0.12941981398286992,-0.0320083150984877,0.13414966288383084,REIT—Mortgage,Real Estate,ARI
2017Q3,2017,Q3,2017-11-01,2017-09-30,68356000.0,81294000.0,0.0,0.54,81294000.0,1.0,3932942000.0,2097577000.0,140229.0,84900000.0,1835365000.0,0.0,-67166000.0,1909639809.44,2241321809.44,19.892295542969272,0.001651696113074205,0.11998931080092205,0.2249791068456605,0.0,19.892295542969272,0.03258807662364719,23.49053816321008,6.984170407279536,0.9104027215401389,0.8603780209491486,0.0,0.030797430860664013,0.02067002259377331,1.9802591283863369,0.01738037326764544,45.45138187409259,1.0,0.9285714285714285,0.11442968800009118,0.0015468638032038297,-0.023011797655659496,0.4142514178351484,0.886463364150683,0.0,0.5851417575791067,0.5128560512995165,0.08910007747762143,REIT—Mortgage,Real Estate,ARI
2017Q2,2017,Q2,2017-08-01,2017-06-30,36235000.0,57482000.0,0.0,0.28,57482000.0,1.0,3826537000.0,2162692000.0,214016.0,81900000.0,1663845000.0,0.0,-75240000.0,1770191885.7,1807124885.7,22.663044003354397,0.002613137973137973,0.06558122918973473,0.1160354780061146,0.0,22.663044003354397,0.016754581789732426,30.79558619567865,12.213273669794399,0.818513170483823,1.437477576928384,0.0,0.02942449370645649,0.015021937590045517,2.8817338217338215,0.009469397525752397,38.70794816977171,1.0,-0.3170731707317072,-0.19569527825122443,-0.09450087013508218,0.39380330086375076,-0.03967789899259903,-0.2310875331564987,0.0,-0.3202571754601214,-0.09043323466153376,0.1435198206463237,REIT—Mortgage,Real Estate,ARI
2017Q1,2017,Q1,2017-05-02,2017-03-31,47125000.0,59857000.0,0.0,0.41,59857000.0,1.0,3808565000.0,1928976000.0,142905.0,151900000.0,1879589000.0,0.0,-53035000.0,1723230128.07,1915440128.07,21.05582880020659,0.0009407834101382488,0.08798983344120423,0.1737268892925573,0.0,21.05582880020659,0.024430060301424174,28.789116194764187,9.141804392944296,0.8933393303338144,1.1089018567639257,0.0,0.030325026906607832,0.015716418125987085,1.0875707702435813,0.012373426736841829,66.97357668363777,1.0,-0.3166666666666667,0.18608030459136551,0.10314655511183977,0.30465568406895344,-0.14332126347125418,-0.2016365392108696,0.0,0.08622357910714396,0.12359394053991352,0.1362677286180773,REIT—Mortgage,Real Estate,ARI
2016Q4,2016,Q4,2017-02-28,2016-12-31,59027000.0,69871000.0,0.0,0.6,69871000.0,1.0,3482977000.0,1932227000.0,1094.0,161000000.0,1550750000.0,0.0,-48070000.0,1373979338.94,1507956338.94,23.372704253890067,6.795031055900621e-06,0.09617433592010513,0.17336110094724896,0.0,23.372704253890067,0.030548688119977623,19.66451516280002,5.819283289596287,0.7110858811826976,0.7945177630575838,0.0,0.03413297323392137,0.02006071243077402,1.3681801242236025,0.016947283889615118,35.10243061008635,1.0,-0.27710843373493976,0.7266600333509129,0.5367570345152323,0.454225718471447,0.5862828342452381,-0.15546621263932012,0.0,0.6708214580442685,0.4991342115300254,0.2704496440911111,REIT—Mortgage,Real Estate,ARI
2016Q3,2016,Q3,2016-11-01,2016-09-30,69893000.0,44047000.0,0.0,0.83,44047000.0,1.0,3198947000.0,1747035000.0,254643.0,189200000.0,1451912000.0,0.0,-54950000.0,1177323017.13,1283132017.13,24.29151773462873,0.0013458932346723045,0.11267832821237739,0.206322140083055,0.0,24.29151773462873,0.04000663982118274,26.72879009081209,4.2111621232813015,0.6738977851788889,0.5337015151731933,0.0,0.03168374308261835,0.013769218433440754,1.4411627906976745,0.021848752104989547,33.97855687408006,1.0,12.833333333333334,2.5203148273997225,0.519068946472208,0.44331524721728216,0.24275597438140112,5.7607854517314765,0.0,1.778582387299919,0.3043613028066161,0.3119946597158051,REIT—Mortgage,Real Estate,ARI
2016Q2,2016,Q2,2016-07-28,2016-06-30,10338000.0,35443000.0,0.0,0.06,35443000.0,1.0,2979087000.0,1331523000.0,38631.0,180600000.0,1647564000.0,0.0,-77939000.0,1083155137.77,1407980137.77,19.75485677338274,0.00021390365448504983,0.12200247928308237,0.27296261499050334,0.0,19.75485677338274,0.007764041627519765,30.560481273312078,26.193536897127107,0.8134708433650789,3.6081447088411687,0.0,0.03443735684695667,0.011897269196904958,0.3201328903654485,0.0034701906993652755,34.39461252921377,1.0,-0.6666666666666666,-0.586891454251463,0.2048978394944809,0.18588242195130578,0.10891058131531194,-0.4446712505371723,0.0,-0.5137573856734509,0.24180318951414925,0.0762714327528777,REIT—Mortgage,Real Estate,ARI
2016Q1,2016,Q1,2016-04-27,2016-03-31,18616000.0,31962000.0,0.0,0.18,31962000.0,1.0,2856496000.0,1357050000.0,23035.0,167100000.0,1499446000.0,0.0,-50973000.0,1098378613.3,1440912613.3,20.138697833475014,0.00013785158587672052,0.1279781242473296,0.26938506318853395,0.0,20.138697833475014,0.013717991230978962,34.36514026969526,14.750464832670822,0.8093869889097676,2.0771379458530297,0.0,0.03520461845467362,0.011189233242406081,0.2784560143626571,0.006517075465885477,80.77501200911898,1.0,-0.43750000000000006,-0.06391669174138098,0.16305470838635303,0.20055077207403635,-0.017913658011983406,-0.31659324522760646,0.0,-0.30295496317574144,-0.10678771860978574,-0.12281891459734962,REIT—Mortgage,Real Estate,ARI
2015Q4,2015,Q4,2016-02-26,2015-12-31,27240000.0,32545000.0,0.0,0.32,32545000.0,1.0,2719943000.0,1375424000.0,1239.0,163300000.0,1344519000.0,0.0,-32328000.0,1156940776.8600001,1455899776.8600001,20.483810402395154,7.587262706674831e-06,0.13469914626887403,0.26637167884230606,0.0,20.483810402395154,0.01980480201014378,35.54895611799048,10.618032093061675,0.8411520933617561,1.1591042584434654,0.0,0.027290938854876864,0.011965324273339552,0.5163686466625842,0.010014915753749251,44.41060906913363,1.0,-0.1794871794871795,0.7953573208725605,0.31201189743761437,0.2071270857561846,0.01910129951463911,0.053894068944171473,0.0,0.2349760868486339,0.07383346236391458,0.022370316242150568,REIT—Mortgage,Real Estate,ARI
2015Q3,2015,Q3,2015-11-06,2015-09-30,25847000.0,31935000.0,0.0,0.39,31935000.0,1.0,2527803000.0,1384395000.0,30127.0,160200000.0,1143408000.0,0.0,-22225000.0,932476680.23,1279461680.23,23.323741934903445,0.00018805867665418226,0.1452419353881612,0.26520104449958287,0.0,23.323741934903445,0.018670249459150027,29.199207146704243,9.019196427341665,0.6735625888781742,1.073277362943475,0.0,0.029749805639276195,0.012633500316282558,0.21586766541822722,0.010225084787066081,43.21823694058213,1.0,0.0,1.094232694315507,0.3616638404332489,-0.12523051456920553,0.05675049636002647,0.048219644740043796,0.0,-0.25138695700120595,-0.3010422615999985,0.1455199152708379,REIT—Mortgage,Real Estate,ARI
2015Q2,2015,Q2,2015-07-29,2015-06-30,24658000.0,30220000.0,0.0,0.39,30220000.0,1.0,2333438000.0,1044844000.0,48848.0,162900000.0,1288594000.0,0.0,-15965000.0,959991016.65,1279439016.65,17.882237044160572,0.0002998649478207489,0.15783406287203688,0.35248898400143946,0.0,17.882237044160572,0.02359969526551332,31.76674442918597,9.733058405487064,0.9187888494837507,1.124746532565496,0.0,0.028889853674653136,0.012950847633406159,0.3785451197053407,0.010567240269507911,41.58685741855831,1.0,-0.17021276595744672,0.5340336870344505,0.0909398074163976,-0.039401164450399824,-0.03168957672466276,-0.03351232704895543,0.0,-0.10608334895396927,-0.22250527160395367,0.09977816816178596,REIT—Mortgage,Real Estate,ARI
2015Q1,2015,Q1,2015-04-30,2015-03-31,25513000.0,31209000.0,0.0,0.47,31209000.0,1.0,2022371000.0,1046482000.0,39962.0,153600000.0,975889000.0,0.0,-12794000.0,851506461.96,1177739461.96,21.113827743147006,0.00026016927083333334,0.18107211782605664,0.34992957356170484,0.0,21.113827743147006,0.024379779107524067,27.28400339517447,8.343848841374985,0.813684766637171,0.8325167561635245,0.0,0.024944026791188064,0.015431886632076904,0.342421875,0.012615390549014003,48.90623525127793,1.0,0.06818181818181812,2.180253609642769,0.748865949949568,0.15306293142956995,0.1498839394274345,0.15752461322081576,0.0,0.18689952210609428,0.0631335280505452,0.3082493992010057,REIT—Mortgage,Real Estate,ARI
2014Q4,2014,Q4,2015-02-26,2014-12-31,22041000.0,27141000.0,0.0,0.44,27141000.0,1.0,1845147000.0,855069000.0,34.0,121400000.0,990078000.0,0.0,-10485000.0,810864127.92,1106271127.92,17.251877791022654,2.800658978583196e-07,0.18212532659999447,0.39300688014651447,0.0,17.251877791022654,0.025776867130021086,29.87598570133746,9.197224807404382,0.9483025673015861,0.9345764711219999,0.0,0.025403762838590267,0.014709397137463845,0.5648682042833608,0.011945389716916863,30.51458728483799,1.0,0.1891891891891892,3.2234968078127633,8.582947416767011,-0.07247968865469609,0.13684342799698418,0.15042538754632287,0.0,0.07540441250847804,-0.004322966039190282,0.07339416539512941,REIT—Mortgage,Real Estate,ARI
2014Q3,2014,Q3,2014-10-31,2014-09-30,19159000.0,23874000.0,0.0,0.37,23874000.0,1.0,1783012000.0,855686000.0,58649.0,143500000.0,927326000.0,0.0,-11661000.0,735992684.25,1012815684.25,18.264892230143115,0.00040870383275261324,0.18814904218255402,0.3920503549199122,0.0,18.264892230143115,0.02239022258164794,30.82820994596632,9.603746075604155,0.8601200490016198,1.0752126937731614,0.0,0.02798940864608193,0.013389702368800658,0.6525435540069686,0.010745300648565461,55.20497181593159,1.0,-0.27450980392156865,0.0,0.0,0.0,-0.1594549871492448,-0.20030887386259288,0.0,0.48139305124130227,0.26396772294749304,0.08523467872761721,REIT—Mortgage,Real Estate,ARI
2014Q2,2014,Q2,2014-07-30,2014-06-30,23958000.0,28403000.0,0.0,0.51,28403000.0,1.0,1554750000.0,849998000.0,63335.0,119200000.0,704752000.0,0.0,-10132000.0,707235438.03,872444438.03,19.818671783533336,0.0005313338926174496,0.1469972664415501,0.2688759267668865,0.0,19.818671783533336,0.028185948672820406,24.900025984227018,7.379950726584021,0.8320436495497635,0.6974705735036314,0.0,0.023627209697728954,0.018268531918314842,0.854018456375839,0.015409551374819103,44.978086875476976,1.0,0.21428571428571436,1.030550786606346,0.39687257223059025,0.064620326326488,0.31574558762218,0.3627986348122867,0.0,0.5045604473022294,0.5174535065605875,0.18971323174468277,REIT—Mortgage,Real Estate,ARI
2014Q1,2014,Q1,2014-04-30,2014-03-31,17580000.0,21587000.0,0.0,0.42,21587000.0,1.0,1015611000.0,687912000.0,126473.0,21500000.0,327699000.0,0.0,-13404000.0,617352862.4599999,630042862.4599999,18.53069331275876,0.00588246511627907,0.13702391959126084,0.20229767760992684,0.0,18.53069331275876,0.025555594320203746,28.59836301755686,8.779193152161547,0.8974299946214049,0.9860637087599545,0.0,0.02807956527637091,0.021255185302246626,7.3567441860465115,0.017309777070157767,54.115783876227205,1.0,0.0,1.9257867418594414,0.615074395783147,0.011993458152898427,0.031439629222609775,0.10816944024205749,0.0,0.604612785813083,0.4258759203848513,0.10469099579617139,REIT—Mortgage,Real Estate,ARI
2013Q4,2013,Q4,2014-02-27,2013-12-31,15864000.0,20929000.0,0.0,0.42,20929000.0,1.0,907504000.0,682956000.0,20.0,22500000.0,224548000.0,0.0,-14188000.0,603246182.5,785150182.5,18.39719060302549,8.888888888888889e-07,0.0,0.0,0.0,18.39719060302549,0.02322843638536011,28.823459434277797,9.506527081757438,0.8832870382572231,1.0473398890569843,0.0,0.027542652538874543,0.023062157301786,2.6435555555555554,0.017480914684673565,49.72355609132872,1.0,0.4482758620689656,3.136689857958612,8.866095381382706,-0.010903731020135062,0.20851137544751125,0.2297674418604651,0.0,0.8912159796386279,0.526112709664437,0.0841609369775504,REIT—Mortgage,Real Estate,ARI
2013Q3,2013,Q3,2013-11-06,2013-09-30,12900000.0,17318000.0,0.0,0.29,17318000.0,1.0,952751000.0,682887000.0,86824.0,42700000.0,269864000.0,0.0,-13235000.0,563203440.54,703579440.54,18.514951684247393,0.0020333489461358315,0.0,0.0,0.0,18.514951684247393,0.018890387428666822,32.521275005196905,10.914795359302326,0.8247388521673426,1.2876744186046511,0.0,0.02949378289321769,0.01817683738983218,3.045807962529274,0.013539739134359345,52.99740665662934,1.0,0.07407407407407393,0.0,0.0,0.0,0.09427524327056742,0.09424039358724234,0.0,0.6820543916777688,0.1883277856357666,-0.30558677922226113,REIT—Mortgage,Real Estate,ARI
2013Q2,2013,Q2,2013-08-06,2013-06-30,11789000.0,15826000.0,0.0,0.27,15826000.0,1.0,898119000.0,685994000.0,156797.0,20800000.0,212125000.0,0.0,-9320000.0,594244771.5,628747771.5,18.35490209273133,0.0075383173076923075,0.0,0.0,0.0,18.35490209273133,0.01718528150391986,37.548639675218,12.60167892738994,0.8662535991568439,1.408686063279328,0.0,0.027946396495976574,0.017621272904815508,10.31423076923077,0.013126322903757743,52.56012484521493,1.0,-0.1818181818181818,0.14660908059807737,-0.10682028525906533,-0.014010521538061768,-0.010070682429473947,-0.011984579282601408,0.0,0.14660908059807737,-0.10682028525906533,-0.014010521538061768,REIT—Mortgage,Real Estate,ARI
2013Q1,2013,Q1,2013-05-03,2013-03-31,11932000.0,15987000.0,0.0,0.33,15987000.0,1.0,923512000.0,691185000.0,225723.0,20400000.0,232327000.0,0.0,-4297000.0,532574060.91,518751060.91,22.95842690706309,0.01106485294117647,0.0,0.0,0.0,22.95842690706309,0.01726310611486071,33.312945575154814,11.15852457488267,0.7705231752859221,1.0960442507542743,0.0,0.024556209098231047,0.017311090705913947,14.432058823529411,0.012920243591853706,44.6865296954187,1.0,0.2692307692307693,1.4486464358285294,0.474878535620711,0.2537997066430535,0.2975407840272705,0.33065685290509644,0.0,1.4486464358285294,0.474878535620711,0.2537997066430535,REIT—Mortgage,Real Estate,ARI
2012Q4,2012,Q4,2013-03-01,2012-12-31,8967000.0,12321000.0,0.0,0.26,12321000.0,1.0,788430000.0,546924000.0,7.0,16300000.0,241506000.0,0.0,574000.0,443040048.0,559621048.0,20.035607525936346,4.294478527607362e-07,0.0,0.0,0.0,20.035607525936346,0.01639533097834434,35.95812417823229,12.351958514553363,0.8100577923075236,1.1624846659975465,0.0,0.023528347035570923,0.015627259236710933,11.041411042944786,0.011373235417221567,59.51639548629769,1.0,-0.5,2.6424520836996654,6.898771320555653,0.07718320031915829,-0.23751469769168884,-0.265662107935468,0.0,2.6424520836996654,6.898771320555653,0.07718320031915829,REIT—Mortgage,Real Estate,ARI
2012Q3,2012,Q3,2012-11-08,2012-09-30,12211000.0,16159000.0,0.0,0.52,16159000.0,1.0,684241000.0,427421000.0,67994.0,13800000.0,256820000.0,0.0,4808000.0,365686075.04,540692075.04,20.36083495710239,0.004927101449275362,0.0,0.0,,20.36083495710239,0.028569022111688477,22.630489203539824,7.48681670297273,0.8555641277335462,0.6739005814429613,0.0,0.022502907716953353,0.0236159481820002,5.224710144927537,0.017846051318175907,21.21518100829611,1.0,0.10638297872340435,0.0,0.0,0.0,0.15718991692924664,0.23218970736629668,0.0,0.0,0.0,0.0,REIT—Mortgage,Real Estate,ARI
2012Q2,2012,Q2,2012-08-09,2012-06-30,9910000.0,13964000.0,0.0,0.47,13964000.0,1.0,703514000.0,341318000.0,11959.0,11500000.0,362196000.0,0.0,2214000.0,337332601.5,676073601.5,16.25985818035438,0.0010399130434782609,0.0,0.0,0.0,16.25985818035438,0.029034507409512536,24.157304604697796,8.50990417507568,0.9883235033019062,0.8298688193743693,0.0,0.024379499530821365,0.019848929800970555,2.013391304347826,0.014086428983644959,92.24298646431501,1.0,0.09302325581395345,0.7160813429746238,0.4031475295877327,-0.12655218719681968,0.12449669834111773,0.0898493346530298,0.0,0.7160813429746238,0.4031475295877327,-0.12655218719681968,REIT—Mortgage,Real Estate,ARI
2012Q1,2012,Q1,2012-05-07,2012-03-31,9093000.0,12418000.0,0.0,0.43,12418000.0,1.0,705221000.0,338377000.0,31452.0,11500000.0,366844000.0,0.0,0.0,328124566.90000004,651972566.9000001,16.13899288319335,0.0027349565217391304,0.0,0.0,,16.13899288319335,0.026872393809271908,26.4233022145273,9.021350679093809,0.9697011525606055,0.9394039370944682,0.0,0.026032796266069524,0.01760866451793126,3.2531304347826087,0.012893830444640758,27.887520559238485,1.0,0.04878048780487809,1.6794632152177187,0.6450106254822401,-0.11862147069680566,0.07692307692307693,0.048788927335640137,0.0,1.6794632152177187,0.6450106254822401,-0.11862147069680566,REIT—Mortgage,Real Estate,ARI
2011Q4,2011,Q4,2012-03-02,2011-12-31,8670000.0,11531000.0,0.0,0.41,11531000.0,1.0,891230000.0,336978000.0,13.0,12300000.0,554252000.0,0.0,0.0,275289173.38,505048173.38,16.072267157025237,1.056910569105691e-06,0.282000157086274,0.7458261370178468,,16.072267157025237,0.02572868258461977,23.873833438556932,7.9379807779700124,0.816935151196814,0.9486735870818915,0.0,0.029877673353490307,0.0129382987556523,2.41,0.009728128541453945,25.230425568692144,1.0,0.4642857142857141,3.067591300491557,8.624554037011363,-0.13589961521369698,0.4324223602484472,0.5729317851959361,0.0,3.067591300491557,8.624554037011363,-0.13589961521369698,REIT—Mortgage,Real Estate,ARI
2011Q3,2011,Q3,2011-11-04,2011-09-30,5512000.0,8050000.0,0.0,0.28,8050000.0,1.0,910611000.0,336045000.0,44450.0,13700000.0,574566000.0,0.0,0.0,262960042.98,482611042.98,16.83036175323643,0.0032445255474452556,0.29002614727913456,0.7859096251990061,,16.83036175323643,0.016402565132645926,32.6658438484472,11.92670731948476,0.7825143745034147,1.274310595065312,0.0,0.026711282521862938,0.008840218271029012,3.9118978102189783,0.006053078647194027,30.712455381920112,1.0,-0.24324324324324317,0.0,0.0,0.0,0.05036534446764092,-0.15460122699386503,0.0,0.0,0.0,0.0,REIT—Mortgage,Real Estate,ARI
2011Q2,2011,Q2,2011-08-05,2011-06-30,6520000.0,7664000.0,0.0,0.37,7664000.0,1.0,895533000.0,292538000.0,24481.0,20900000.0,602995000.0,0.0,0.0,283083835.84000003,538827835.84,16.658360397042724,0.0011713397129186603,0.3129142086332944,0.9579097416404023,,16.658360397042724,0.022287702794166912,36.93682617954072,10.85444155828221,0.9676822697905915,1.076840490797546,0.0,0.024801839989084695,0.008558031920655074,1.5267942583732057,0.007280580391789024,27.70442707379135,1.0,0.2758620689655173,0.34959734602039416,-0.07946268785743704,-0.10514542671325035,0.07069013690975133,0.25868725868725867,0.0,0.34959734602039416,-0.07946268785743704,-0.10514542671325035,REIT—Mortgage,Real Estate,ARI
2011Q1,2011,Q1,2011-05-10,2011-03-31,5180000.0,7158000.0,0.0,0.29,7158000.0,1.0,902490000.0,294424000.0,48075.0,20300000.0,608066000.0,0.0,0.0,286972387.8,528192387.8,16.774549066912005,0.002368226600985222,0.3207115868319871,0.9830686357090455,,16.774549066912005,0.01759367442871505,40.0911410729254,13.850018716216217,0.9746908804988724,1.3787644787644788,0.0,0.024887411833425178,0.007931389821493866,2.7817241379310347,0.005739675785881284,49.77838470078058,1.0,0.31818181818181807,0.8233599829985763,0.132689298341773,-0.08391263982057183,0.10394818013571869,0.30610186585980836,0.0,0.8233599829985763,0.132689298341773,-0.08391263982057183,REIT—Mortgage,Real Estate,ARI
2010Q4,2010,Q4,2011-03-11,2010-12-31,3966000.0,6484000.0,0.0,0.22,6484000.0,1.0,858147000.0,297838000.0,37894.0,20200000.0,560309000.0,0.0,0.0,286972387.8,546412387.8,16.969058721404974,0.001875940594059406,0.3464837609407246,0.9983078049140808,,16.969058721404974,0.013315963711816491,44.25854222702036,18.08953528744327,0.9635183818048738,1.77029752899647,0.0,0.02446576847976452,0.007555815029359772,2.1508415841584156,0.004621585812220983,54.2173413565086,1.0,0.047619047619047665,2.1297968507895586,5.4648536893137285,-0.0876850149782273,0.44829126647308465,0.6833616298811545,0.0,2.1297968507895586,5.4648536893137285,-0.0876850149782273,REIT—Mortgage,Real Estate,ARI
2010Q3,2010,Q3,2010-11-12,2010-09-30,2356000.0,4477000.0,0.0,0.21,4477000.0,1.0,785497000.0,302104000.0,58778000.0,52400000.0,483393000.0,0.0,0.0,182082308.11,428624308.11,26.662729237082715,1.1217175572519085,0.3887156793724228,1.01069499245293,,26.662729237082715,0.0077986388793263245,40.67060712754077,19.32112777058574,0.602713992896486,1.5848896434634974,0.0,0.020507209287704144,0.0056995761918887024,1.2039503816793893,0.0029993749180455176,37.7607441124015,1.0,-0.2222222222222223,0.0,0.0,0.0,-0.11486753657572163,-0.19727427597955707,0.0,0.0,0.0,0.0,REIT—Mortgage,Real Estate,ARI
2010Q2,2010,Q2,2010-08-12,2010-06-30,2935000.0,5058000.0,0.0,0.27,5058000.0,1.0,539443000.0,198607000.0,14291.0,17100000.0,340836000.0,0.0,-5032000.0,175608118.8,485064118.8,18.615718010869095,0.0008357309941520467,0.6001505256347751,1.6300885668682372,,18.615718010869095,0.014777928270403359,34.7188846975089,14.958102112436116,0.8841990403157997,0.0,0.0,0.0,0.009376338185869498,1.0378947368421052,0.005440797266810395,38.77414855376463,1.0,0.6875000000000001,0.0,0.0,0.0,0.30529032258064515,0.6848450057405281,0.0,0.0,0.0,0.0,REIT—Mortgage,Real Estate,ARI
2010Q1,2010,Q1,2010-05-13,2010-03-31,1742000.0,3875000.0,0.0,0.16,3875000.0,1.0,520579000.0,197073000.0,5538.0,17100000.0,323506000.0,0.0,-4196000.0,193832625.00000003,494743625.0,18.311080139372823,0.000323859649122807,0.5886695391093378,1.5550024610169835,,18.311080139372823,0.008839364093508497,50.02132258064517,27.817540901262916,0.9835574888493097,0.0,0.0,0.0,0.007443634875782542,0.5057309941520468,0.003346274052545339,99.40134615384616,1.0,1.7999999999999998,0.0,0.0,0.0,5.458333333333333,1.8295238095238096,1.0,0.0,0.0,0.0,REIT—Mortgage,Real Estate,ARI
2009Q4,2009,Q4,2010-03-17,2009-12-31,-2100000.0,600000.0,-2100000.0,-0.2,600000.0,1.0,335100000.0,195300000.0,129969000.0,11700000.0,139800000.0,0.0,-2200000.0,188894999.99999997,186994999.99999997,18.6,11.108461538461539,0.38227394807520143,0.6559139784946236,-0.006493506493506494,18.6,-0.010752688172043012,314.82499999999993,-22.487499999999997,0.9672043010752687,0.0,0.0,0.0,0.0017905102954341987,11.213675213675213,-0.006266786034019696,-145.30384615384614,1.0,0.0,0.0,0.0,0.0,0.0,0.0,0.0,0.0,0.0,0.0,REIT—Mortgage,Real Estate,ARI
2009Q3,2009,Q3,2009-11-16,2009-09-30,,,,,,,210002000.0,197910000.0,210001000.0,75000.0,12092000.0,0.0,0.0,0.0,-210001000.0,0.0,2800.0133333333333,0.0,0.0,,0.0,,0.0,0.0,0.0,0.0,0.0,,,2800.0133333333333,,0.0,0.0,0.0,0.0,0.0,0.0,0.0,0.0,0.0,0.0,0.0,0.0,REIT—Mortgage,Real Estate,ARI
