Year,Date,FillingDate,NetIncome,Revenue,OperatingIncome,EPSDiluted,GrossProfit,GrossProfitRatio,TotalAssets,CommonStockEquity,CurrentAssets,CurrentLiability,TotalLiability,Inventory,RetainedEarnings,EnterpriseValue,bookValuePerShare,currentRatio,debtToAssets,debtToEquity,roic,shareholdersEquityPerShare,roe,priceToSalesRatio,peRatio,pbRatio,payoutRatio,inventoryTurnover,dividendYield,assetTurnover,quickRatio,returnOnAssets,priceToFreeCashFlowsRatio,grossProfitMargin,epsdilutedGrowth,fiveYNetIncomeGrowthPerShare,fiveYRevenueGrowthPerShare,fiveYShareholdersEquityGrowthPerShare,grossProfitGrowth,netIncomeGrowth,operatingIncomeGrowth,threeYNetIncomeGrowthPerShare,threeYRevenueGrowthPerShare,threeYShareholdersEquityGrowthPerShare,Industry,Sector,Price,MarketCap,AvgVolume,Symbol
2022,2022-12-31,2023-02-08,-5293000.0,65122000.0,472519000.0,-0.032,65122000.0,1.0,9568352000.0,2354504000.0,222030000.0,722204000.0,7213848000.0,0.0,-363877000.0,3588400672.6,16.753905540794268,0.3074339106402069,0.2919125466956065,1.1862889169013942,-0.0018318430632848952,16.753905540794268,-0.0022480318572404207,23.220304545314946,-285.6891503117325,0.6422383111687218,-40.21273379935764,0.0,0.14075695123696202,0.006805978709813351,0.3979665025394487,-0.0005531778095120247,6.443740881237482,1.0,-1.088888888888889,-1.019484054759025,-0.8186789754404494,-0.1987949020992708,-0.7660133302193558,-1.0867804502155984,0.22402515821022337,-1.0240341386694447,-0.7839306247135076,-0.06431267601799145,REIT—Mortgage,Real Estate,11.36,1605656571,1160229,ARI
2021,2021-12-31,2022-02-08,60993000.0,278315000.0,386037000.0,0.36,278315000.0,1.0,8416695000.0,2294626000.0,384325000.0,4184580000.0,6122069000.0,0.0,-427883000.0,3510867251.04,16.405507990019593,0.0918431479383833,0.7333786005076814,2.6900348902174036,0.012441131213863517,16.405507990019593,0.026580802274531884,6.613654495948835,30.178532799501582,0.8021696132790267,3.4858098470316268,0.0,0.11550627295867733,0.03306701739815925,0.0918431479383833,0.0072466686745807,9.238038901079046,1.0,35.0,-0.800101989815083,-0.20579849935136377,-0.38553329686124027,0.3216843324975306,2.3189856886325297,1.307895114427147,-0.753907029078915,-0.17506030367097453,-0.1884856130761205,REIT—Mortgage,Real Estate,11.36,1605656571,1160229,ARI
2020,2020-12-31,2021-02-10,18377000.0,210576000.0,167268000.0,0.01,210576000.0,1.0,6940020000.0,2270529000.0,366057000.0,3468419000.0,4669491000.0,0.0,-438724000.0,2562595980.45,15.340957634464681,0.10554001693567011,0.6750052593508377,2.06319760725364,0.024049762770487582,15.340957634464681,0.008093708558666285,7.850889847133577,89.96076511128041,0.7281162145253375,13.674212330630679,0.0,0.15200195678322478,0.030342275670675302,0.10554001693567011,0.00264797507788162,10.077347307256236,1.0,-0.9928571428571429,-0.9294445164496485,-0.3369531020084921,-0.34557194441231803,-0.3315153727718608,-0.9201604003927464,-0.5633829287392326,-0.9357666089444316,-0.44327837183363955,-0.26636488229660205,REIT—Mortgage,Real Estate,11.36,1605656571,1160229,ARI
2019,2019-12-31,2020-02-13,230174000.0,315005000.0,383100000.0,1.4,315005000.0,1.0,6888363000.0,2629975000.0,487863000.0,3013719000.0,4258388000.0,0.0,-196945000.0,6362075714.99,17.90545314806083,0.16188071946986432,1.0221451744050074,2.6771763990151998,0.039613760151349174,17.90545314806083,0.08751946311276723,8.528301820574276,11.671421250836323,1.0214765216361372,1.2651559255172173,0.0,0.10839776050637893,0.04573002322903134,0.16188071946986432,0.033414905689494005,9.824849470587159,1.0,-0.054054054054054106,-0.1767875428097007,-0.0771483112733507,-0.08984282962209057,0.05193469425919928,0.04631203803878429,0.0,-0.2816424428961527,-0.14401242478548215,-0.32935299712829413,REIT—Mortgage,Real Estate,11.36,1605656571,1160229,ARI
2018,2018-12-31,2019-02-13,219986000.0,299453000.0,0.0,1.48,299453000.0,1.0,5095819000.0,2509747000.0,109806000.0,114550000.0,2586072000.0,0.0,-130170000.0,4430006236.18,20.215917615713742,0.9585857704059363,0.48500976977400495,0.9847693811368238,0.0,20.215917615713742,0.08765265980993303,6.9068943579793824,9.401917559208314,0.8241030813783222,1.1571509096033383,0.0,0.1230760536152559,0.058764449836228486,1.2501527717154082,0.04316990065777454,7.7765796731136545,1.0,-0.038961038961038995,0.18882150438998416,0.21231463010811596,0.04230310099498245,0.17339597652056019,0.13964078308665448,0.0,0.006906856695214736,0.12409273781308808,-0.13761161640585126,REIT—Mortgage,Real Estate,11.36,1605656571,1160229,ARI
2017,2017-12-31,2018-02-14,193031000.0,255202000.0,0.0,1.54,255202000.0,1.0,4088605000.0,2088143000.0,77671.0,84718000.0,2000462000.0,0.0,-83143000.0,3680474372.85,20.91088235046416,0.0009168181496258174,0.46855687942464486,0.9174390834344199,0.0,20.91088235046416,0.09244146593408593,7.219384537934656,9.54458803430537,0.882315709628124,1.1380762675425191,0.0,0.11923786165018542,0.06241786624044142,1.1894992799641162,0.04721194637290714,11.89620768532927,1.0,-0.11494252873563215,0.08959224251307653,0.055023673372372024,-0.13405374515296942,0.4074519363342562,0.22267475740454534,0.0,0.015456104759790014,0.09970693332235984,0.06292699507943057,REIT—Mortgage,Real Estate,11.36,1605656571,1160229,ARI
2016,2016-12-31,2017-02-28,157876000.0,181322000.0,0.0,1.74,181322000.0,1.0,3482977000.0,1932227000.0,1094.0,160953000.0,1550750000.0,0.0,-48070000.0,1336789235.88,26.698774573493658,6.7970152777518905e-06,0.09617433592010513,0.17336110094724896,0.0,26.698774573493658,0.08170675598674483,6.63357031071795,7.618714914743217,0.6225004804714974,1.0145240568547467,0.0,0.1331620973100738,0.05205948819070583,1.3685796474747287,0.04532789047989694,10.117783631362457,1.0,0.12987012987012983,0.1665879572773973,-0.043691635358401974,0.09661909895629783,0.4401721960556937,0.5289765243666228,0.0,0.4635494152221405,0.2592351714266952,0.376549709971497,REIT—Mortgage,Real Estate,11.36,1605656571,1160229,ARI
2015,2015-12-31,2016-02-26,103256000.0,125903000.0,0.0,1.54,125903000.0,1.0,2719943000.0,1375424000.0,1239.0,163219000.0,1344519000.0,0.0,-32328000.0,1309912812.58,23.441778669907986,7.591028005318008e-06,0.13469914626887403,0.26637167884230606,0.0,23.441778669907986,0.0750721232143688,8.029624493300398,9.790751264623848,0.7350124852990787,1.0487429301929185,0.0,0.10711567497197676,0.0462888376704953,0.5166249027380391,0.03796256024482866,11.472206856176665,1.0,-0.10465116279069764,1.014441795720325,0.3580213369833786,-0.009055983047351971,0.24647796687358303,0.24797254015639542,0.0,-0.00804018224168984,-0.11415844192450457,-0.029246107077387784,REIT—Mortgage,Real Estate,11.36,1605656571,1160229,ARI
2014,2014-12-31,2015-02-26,82739000.0,101007000.0,0.0,1.72,101007000.0,1.0,1845147000.0,855069000.0,34.0,121420000.0,990078000.0,0.0,-10485000.0,1006482211.8,19.672924337481454,2.8001976610113657e-07,0.18212532659999447,0.39300688014651447,0.0,19.672924337481454,0.09676295129398914,7.03986072054412,8.594196349967971,0.8315998028229301,0.9094139402216609,0.0,0.10581721701355475,0.05474197990729194,0.5647751605995718,0.04484141371934052,10.607205152378537,1.0,0.36507936507936506,10.202535591399421,42.88678225277366,0.057700351482896726,0.44172138167285185,0.5764313613413357,0.0,0.01799634810778201,-0.11297981224219221,-0.1919589979151123,REIT—Mortgage,Real Estate,11.36,1605656571,1160229,ARI
2013,2013-12-31,2014-02-27,52485000.0,70060000.0,0.0,1.26,70060000.0,1.0,907504000.0,682956000.0,20.0,22500000.0,224548000.0,0.0,-14188000.0,754102428.75,19.395430749861177,8.888888888888889e-07,0.0,0.0,0.0,19.395430749861177,0.07684975313197337,8.167262756922637,10.90213258550062,0.8378261978077651,1.1986472325426312,0.0,0.10994612504867002,0.07720076164953543,2.6435555555555554,0.05783445582609002,12.443695034034317,1.0,-0.2317073170731707,8.205620480045452,36.574338617031046,0.04278111222160283,0.2769990704117529,0.3062143799308131,0.0,0.7061899107932263,0.25919615649783684,-0.18010547201067886,REIT—Mortgage,Real Estate,11.36,1605656571,1160229,ARI
2012,2012-12-31,2013-03-01,40181000.0,54863000.0,0.0,1.64,54863000.0,1.0,788430000.0,546924000.0,7.0,16300000.0,241506000.0,0.0,574000.0,484171332.37,24.148014075259287,4.294478527607362e-07,0.0,0.0,0.0,24.148014075259287,0.07346724590619538,6.700150053223484,9.148361971329734,0.6721049585865678,0.8814862746074015,0.0,0.09635454711673107,0.06958512486840937,11.041411042944786,0.05096330682495592,9.16592689931179,1.0,0.21481481481481465,9.57639269163908,44.74551258201913,0.2983002697953503,0.5129612266284265,0.5524688973031451,0.0,9.57639269163908,44.74551258201913,0.2983002697953503,REIT—Mortgage,Real Estate,11.36,1605656571,1160229,ARI
2011,2011-12-31,2012-03-02,25882000.0,36262000.0,0.0,1.35,36262000.0,1.0,891230000.0,336978000.0,13.0,12300000.0,554252000.0,0.0,0.0,411490726.02,24.34644317147503,1.056910569105691e-06,0.282000157086274,0.7458261370178468,0.0,24.34644317147503,0.07680620099828475,5.011629971319839,7.021548799165443,0.539298488387966,1.1363882234757747,0.0,0.16184295744136132,0.04068758906230715,2.41,0.02904076388810969,5.125556352098376,1.0,0.5517241379310346,10.039851280905664,48.47664422803026,0.30896866465172446,0.8227606313461345,1.3531230111828347,0.0,10.039851280905664,48.47664422803026,0.30896866465172446,REIT—Mortgage,Real Estate,11.36,1605656571,1160229,ARI
2010,2010-12-31,2011-03-11,10999000.0,19894000.0,0.0,0.87,19894000.0,1.0,858147000.0,297838000.0,37894.0,20200000.0,560309000.0,0.0,0.0,465292631.25,23.65600706889191,0.001875940594059406,0.3464837609407246,0.9983078049140808,,23.65600706889191,0.03692947172624044,10.347473170302605,18.715576984271298,0.6911563710809233,1.317028820801891,0.0,0.0703707303231277,0.023182508358125124,2.1508415841584156,0.012817151373832223,12.405244742075451,1.0,5.142857142857143,5.223223003760162,28.839940682105787,0.27184787387089954,34.780575539568346,6.063996316758748,0.0,5.223223003760162,28.839940682105787,0.27184787387089954,REIT—Mortgage,Real Estate,11.36,1605656571,1160229,ARI
2009,2009-12-31,2010-03-17,-2172000.0,556000.0,0.0,-0.21,556000.0,1.0,335137000.0,195297000.0,129969000.0,11700000.0,139840000.0,0.0,-2172000.0,186941999.99999997,18.599714285714285,11.108461538461539,0.38224964715922144,0.6559547765710687,,18.599714285714285,-0.011121522604033856,339.7392086330935,-86.96823204419888,0.9672191585124195,0.0,0.0,0.0,0.0016590230264041273,11.21957264957265,-0.0064809316786866265,-146.203560371517,1.0,0.0,0.0,0.0,0.0,0.0,0.0,0.0,0.0,0.0,0.0,REIT—Mortgage,Real Estate,11.36,1605656571,1160229,ARI
TTM,,,,,,,,,,,,,,,,8231800571.0,16.640815769080845,0.061616717488429194,0.7317532003068079,2.9637896523242633,0.01470367443160007,16.640815769080845,0.038304340310231354,4.593193899414429,17.83561228406397,0.6826588406265054,2.372975860572268,0.0,0.12323943661971831,0.03676531139500321,0.07383438443034557,0.009450024815346791,5.710483329006284,0.9985696835854028,,,,,,,,,,,REIT—Mortgage,Real Estate,11.36,1605656571,1160229,ARI
