Quarters,Year,Quarter,FillingDate,Date,NetIncome,Revenue,OperatingIncome,EPSDiluted,GrossProfit,GrossProfitRatio,TotalAssets,CommonStockEquity,CurrentAssets,CurrentLiability,TotalLiability,Inventory,RetainedEarnings,MarketCap,EnterpriseValue,bookValuePerShare,currentRatio,debtToAssets,debtToEquity,roic,shareholdersEquityPerShare,roe,priceToSalesRatio,peRatio,pbRatio,payoutRatio,inventoryTurnover,dividendYield,assetTurnover,quickRatio,returnOnAssets,priceToFreeCashFlowsRatio,grossProfitMargin,epsdilutedGrowth,fiveYNetIncomeGrowthPerShare,fiveYRevenueGrowthPerShare,fiveYShareholdersEquityGrowthPerShare,grossProfitGrowth,netIncomeGrowth,operatingIncomeGrowth,threeYNetIncomeGrowthPerShare,threeYRevenueGrowthPerShare,threeYShareholdersEquityGrowthPerShare,Industry,Sector,Symbol
2023Q1,2023,Q1,2023-05-12,2023-03-31,817038.0,0.0,-2314548.0,0.0266,0.0,0.0,241361177.0,227794359.0,798981.0,3121818.0,13566818.0,0.0,-12668604.0,79656670.13000001,79722444.13000001,29.712306403812764,0.25593452276846373,0.0002725127579237816,0.0002887428832247773,0.011084098219273624,29.712306403812764,0.00358673499899969,0.0,24.37361240542056,0.3496867546662997,3.0889542469260918,0.0,0.031683385658491124,0.0,0.07240332396058963,0.0033851260180091016,-124.35046587322155,0.0,1.0001885054213024,0.0,0.0,0.0,0.0,1.2871537194052611,-0.4713535409014452,0.0,0.0,0.0,Shell Companies,Financial Services,JGGC
2022Q4,2022,Q4,2023-03-29,2022-12-31,-2845298.3359999997,0.0,-1573074.0,-141.11,0.0,0.0,239360238.0,228543114.0,1256552.0,1330124.0,10817124.0,0.0,-9396056.0,206076.08000000002,-434505.92,11334.215135885737,0.9446878636878968,0.0,0.0,0.04848495686174162,11334.215135885737,-0.012449722444930018,0.0,-0.01810671989933642,0.0009016945485393185,-0.6948304769964201,0.0,9.593544287139002,0.0,0.48159570085195064,-0.011887096870283024,-1.1520417712531936,0.0,-706.55,-230619.94575638385,0.0,5431895.181172451,0.0,-1.4590122215120422,-3.980351805886227,-230619.94575638385,0.0,5431895.181172451,Shell Companies,Financial Services,JGGC
2022Q3,2022,Q3,2022-11-14,2022-09-30,6198742.0,0.0,-315856.0,0.2,0.0,0.0,237662080.0,228139188.0,1388906.0,35892.0,9522892.0,0.0,-7822982.0,76513336.66,75751235.66,29.757284097509388,38.69681266020283,0.0,0.0,-0.002917644428404434,29.757284097509388,0.027170877806402993,0.0,3.0858413150603785,0.33538006920582186,0.23575799734849426,0.0,0.019099977386870373,0.0,21.233171737434525,0.026082166747004823,1263.5554490207087,0.0,-0.19999999999999996,263386.2834076398,0.0,20178.930357767556,0.0,-0.1862326200790066,0.9615571908230232,263386.2834076398,0.0,20178.930357767556,Shell Companies,Financial Services,JGGC
2022Q2,2022,Q2,2022-08-15,2022-06-30,7617339.0,0.0,-8216257.0,0.25,0.0,0.0,236872808.0,225197745.0,1554945.0,32563.0,11675063.0,0.0,-9662626.0,76206669.97999999,75311733.97999999,29.37361763592967,47.751896324048765,0.0,0.0,-0.07595528081569305,29.37361763592967,0.03382511223635921,0.0,2.5010922442863577,0.3383989035058943,0.0,0.0,0.0,0.0,27.483217148297147,0.03215792924614631,-169.5501085292704,0.0,3.0833333333333335,201.31383923645845,0.0,19960.318875702586,0.0,4.323295539818438,-6.352906838489428,201.31383923645845,0.0,19960.318875702586,Shell Companies,Financial Services,JGGC
2022Q1,2022,Q1,2022-05-16,2022-03-31,-2292104.0,0.0,1534915.0,-0.12,0.0,0.0,236918332.0,221538805.0,1781273.0,104327.0,15379527.0,0.0,-13061962.0,70591669.95,69440658.95,30.912389957563256,17.07394059064288,0.0,0.0,0.011432271123143727,30.912389957563256,-0.010346286737440874,0.0,-7.699440115937148,0.31864246062896295,0.0,0.0,0.0,0.0,11.032724031171222,-0.009674658692093104,-54.404988855680294,0.0,-598.9999999999999,0.0,0.0,0.0,0.0,-521.7147092360319,351.03762827822123,0.0,0.0,0.0,Shell Companies,Financial Services,JGGC
2021Q4,2021,Q4,2022-03-31,2021-12-31,-4385.0,0.0,-4385.0,-0.0002,0.0,0.0,432756.0,-14954.0,36710.0,26780.0,447710.0,0.0,-39954.0,70591669.95,70558029.95,-0.002086604554111416,1.3707991038088125,0.0,0.0,0.2932325799117293,-0.002086604554111416,0.2932325799117293,0.0,-4024.610601482326,-4720.587799251036,0.0,0.0,0.0,0.0,1.2561613144137416,-0.010132730684265498,-22524.463927887686,0.0,-168.69697272727274,0.0,0.0,0.0,0.0,-198.3181818181818,-198.3181818181818,0.0,0.0,0.0,Shell Companies,Financial Services,JGGC
2021Q3,2021,Q3,2021-09-30,2021-09-30,-22.0,0.0,-22.0,-1.1785714075255106e-06,0.0,0.0,370188.0,-10569.0,53339.0,380757.0,380757.0,0.0,-35569.0,70591669.95,70688330.95,-0.001474744117453762,0.14008672197753422,0.40519952024376804,-14.192449616803861,-0.00015778413695663088,-0.001474744117453762,0.0020815592771312326,0.0,-802178.0676136363,-6679.12479420948,0.0,0.0,0.0,0.0,0.14008672197753422,-5.9429262969085977e-05,-3208712.2704545455,0.0,0.9997623847968699,0.0,0.0,0.0,0.0,0.9993811010774467,0.9993811010774467,0.0,0.0,0.0,Shell Companies,Financial Services,JGGC
2021Q2,2021,Q2,2021-06-30,2021-06-30,-35547.0,0.0,-35547.0,-0.00496,0.0,0.0,249019.0,-10547.0,53961.0,259566.0,259566.0,0.0,-35547.0,70591669.95,70687708.95,-0.0014716743501546814,0.207889322946765,0.6023636750609391,-14.222053664549161,-0.2549030856274157,-0.0014716743501546814,3.3703422774248604,0.0,-496.4671417419191,-6693.056788660282,0.0,0.0,0.0,0.0,0.207889322946765,-0.14274814371594136,-6693.056788660283,0.0,0.0,0.0,0.0,0.0,0.0,0.0,0.0,0.0,0.0,0.0,Shell Companies,Financial Services,JGGC
2021Q1,2021,Q1,2021-04-30,2021-04-30,,,,,,,287267.0,-10506.0,175000.0,297773.0,297773.0,0.0,-35506.0,0.0,-25000.0,0.0,0.587695996614871,0.5221623089321085,-14.277555682467161,,0.0,,0.0,0.0,0.0,0.0,0.0,,,0.587695996614871,,0.0,0.0,0.0,0.0,0.0,0.0,0.0,0.0,0.0,0.0,0.0,0.0,Shell Companies,Financial Services,JGGC
