Quarters,Year,Quarter,FillingDate,Date,NetIncome,Revenue,OperatingIncome,EPSDiluted,GrossProfit,GrossProfitRatio,TotalAssets,CommonStockEquity,CurrentAssets,CurrentLiability,TotalLiability,Inventory,RetainedEarnings,MarketCap,EnterpriseValue,bookValuePerShare,currentRatio,debtToAssets,debtToEquity,roic,shareholdersEquityPerShare,roe,priceToSalesRatio,peRatio,pbRatio,payoutRatio,inventoryTurnover,dividendYield,assetTurnover,quickRatio,returnOnAssets,priceToFreeCashFlowsRatio,grossProfitMargin,epsdilutedGrowth,fiveYNetIncomeGrowthPerShare,fiveYRevenueGrowthPerShare,fiveYShareholdersEquityGrowthPerShare,grossProfitGrowth,netIncomeGrowth,operatingIncomeGrowth,threeYNetIncomeGrowthPerShare,threeYRevenueGrowthPerShare,threeYShareholdersEquityGrowthPerShare,Industry,Sector,Symbol
2023Q1,2023,Q1,2023-05-02,2023-03-31,23800000.0,525400000.0,39800000.0,1.4,76900000.0,0.1463646745,1690500000.0,591900000.0,567900000.0,265500000.0,1098600000.0,345500000.0,600600000.0,562592280.0,1111692280.0,35.1609837234169,2.1389830508474574,0.3346938775510204,0.9559047136340598,0.025116874715322108,35.1609837234169,0.04020949484710255,1.0707885039969547,5.9095827731092445,0.9504853522554485,0.0,1.2981186685962374,0.0,0.31079562259686483,0.7645951035781544,0.014078674948240166,-18.38536862745098,0.14636467453368862,5.117647058823529,7.959176026539695,0.17684914829541554,-0.0024239429897080196,1.178470254957507,5.033898305084746,45.22222222222222,1.272383329623012,0.08117227455679565,0.3086557678533424,Paper & Paper Products,Basic Materials,CLW
2022Q4,2022,Q4,2023-02-14,2022-12-31,-5900000.0,526700000.0,-900000.0,-0.34,35300000.0,0.0670210746,1703500000.0,572000000.0,586300000.0,312000000.0,1131500000.0,324000000.0,576800000.0,641786940.0,1153886940.0,33.698597855543774,1.8791666666666667,0.33213971235691225,0.9891608391608392,-0.0005631944473906385,33.698597855543774,-0.010314685314685315,1.2185056768558953,-27.19436186440678,1.1220051398601398,0.0,1.5166666666666666,0.0,0.3091869680070443,0.7772435897435898,-0.003463457587320223,164.56075384615386,0.06702107461553067,-1.2809917355371903,-1.0706915542591586,0.16938380523310081,-0.036185690267625054,-0.5797619047619048,-1.2864077669902914,-1.01840490797546,-3.9330602866809503,0.17831205519659538,0.2901414581778668,Paper & Paper Products,Basic Materials,CLW
2022Q3,2022,Q3,2022-10-31,2022-09-30,20600000.0,538800000.0,48900000.0,1.21,84000000.0,0.1559020045,1703600000.0,569300000.0,570200000.0,295100000.0,1134300000.0,326800000.0,582700000.0,629950400.0,1158850400.0,33.97994508774024,1.9322263639444257,0.3402794083118103,1.0182680484805902,0.02193178403939857,33.97994508774024,0.03618478833655366,1.1691729769858945,7.6450291262135925,1.1065350430353065,0.0,1.3916768665850674,0.0,0.31627142521718715,0.7834632328024399,0.012092040385066918,95.4470303030303,0.155902004454343,0.4069767441860465,22.44849489255675,0.24097497947623495,0.1498471020639541,0.1797752808988764,0.4013605442176871,0.5523809523809524,2.8532438912833467,0.1947440426853709,0.3218885599175243,Paper & Paper Products,Basic Materials,CLW
2022Q2,2022,Q2,2022-08-02,2022-06-30,14700000.0,526400000.0,31500000.0,0.86,71200000.0,0.1352583587,1712700000.0,544700000.0,557200000.0,300300000.0,1168000000.0,287700000.0,562000000.0,566631870.0,1103031870.0,32.328328090687876,1.8554778554778555,0.35376890290185087,1.1123554250045897,0.020799121051288776,32.328328090687876,0.02698733247659262,1.076428324468085,9.636596428571428,1.0402641270424087,0.0,1.5822036843934655,0.0,0.3073509663105039,0.8548118548118548,0.008582939218777369,7.75146196990424,0.135258358662614,-0.11340206185567009,0.7864871851773624,0.19664260965846497,0.10017100451305538,0.0755287009063444,-0.1144578313253012,-0.0425531914893617,35.03193123829083,0.14319229464115754,0.2309422220756433,Paper & Paper Products,Basic Materials,CLW
2022Q1,2022,Q1,2022-04-28,2022-03-31,16600000.0,488200000.0,32900000.0,0.97,66200000.0,0.1356001639,1683100000.0,530000000.0,507500000.0,256100000.0,1153100000.0,281800000.0,547300000.0,468885840.0,1067785840.0,31.68340506934481,1.981647793830535,0.3774582615412037,1.1986792452830188,0.020456689008434538,31.68340506934481,0.03132075471698113,0.9604380172060631,7.0615337349397596,0.8846902641509434,0.0,1.4975159687721789,0.0,0.2900600083179847,0.8149160484185864,0.009862753252926149,14.123067469879517,0.1356001638672675,0.732142857142857,1.1766955488035564,0.09954621435719821,0.10278541856386603,0.09060955518945635,0.7291666666666666,0.3651452282157676,3.2714678630022282,0.12415221981034127,0.21061973821568117,Paper & Paper Products,Basic Materials,CLW
2021Q4,2021,Q4,2022-02-15,2021-12-31,9600000.0,489800000.0,24100000.0,0.56,60700000.0,0.1239281339,1690100000.0,511700000.0,487200000.0,254100000.0,1178400000.0,277700000.0,530700000.0,614625870.0,1244725870.0,30.52920470139013,1.9173553719008265,0.38772853677297203,1.2806331835059606,0.012455672159989922,30.52920470139013,0.018760992769200704,1.254850694160882,16.00588203125,1.201144948211843,0.0,1.545192653943104,0.0,0.2898053369623099,0.7579693034238488,0.005680137269984025,26.15429234042553,0.12392813393221723,4.090909090909092,0.01628869222697659,0.13836628737290987,0.07712755476404394,0.16061185468451242,4.052631578947368,0.7463768115942029,1.0503022564017206,0.12410083804894176,0.18072663610968367,Paper & Paper Products,Basic Materials,CLW
2021Q3,2021,Q3,2021-11-02,2021-09-30,1900000.0,450500000.0,13800000.0,0.11,52300000.0,0.11609322974472808,1718100000.0,491600000.0,483600000.0,256900000.0,1226500000.0,286400000.0,521200000.0,639612710.0,1306012710.0,29.460058728351413,1.8824445309458933,0.40405098655491534,1.4121236777868185,0.013508024059944303,29.460058728351413,0.0038649308380797396,1.419784039955605,84.15956710526315,1.301083624898291,0.0,1.39036312849162,0.0,0.26220825330306735,0.7290774620474892,0.001105872766428031,86.43415,0.11609322974472808,1.0354838709677419,1.1287347970437223,0.04466952137743244,0.05316538578718631,2.683098591549296,1.0368217054263567,1.243816254416961,-0.9454993502167282,0.043705933673454204,-0.22673659964097526,Paper & Paper Products,Basic Materials,CLW
2021Q2,2021,Q2,2021-08-04,2021-06-30,-51600000.0,406400000.0,-56600000.0,-3.1,14200000.0,0.034940944881889764,1750900000.0,488000000.0,498600000.0,255900000.0,1262900000.0,282900000.0,519200000.0,483364450.0,1156364450.0,29.24782738987114,1.9484173505275497,0.41915586269918326,1.5038934426229509,-0.034559329632479825,29.24782738987114,-0.10573770491803279,1.189381028543307,-2.341882025193798,0.9905009221311475,0.0,1.3863556026864616,0.0,0.23210920098235194,0.8003126221180149,-0.029470557998743502,109.85555681818182,0.034940944881889764,-5.366197183098592,-3.5296338138477124,-0.04807029572718126,0.03365008104375063,-0.7432188065099458,-5.264462809917355,-3.088560885608856,-8.32476161009558,-0.07063595842688747,-0.18348418190456067,Paper & Paper Products,Basic Materials,CLW
2021Q1,2021,Q1,2021-05-05,2021-03-31,12100000.0,425900000.0,27100000.0,0.71,55300000.0,0.12984268607654378,1803800000.0,536100000.0,500400000.0,235300000.0,1267800000.0,293100000.0,570900000.0,626260140.0,1353760140.0,32.2040007208506,2.126646833829154,0.43497061758509814,1.4635329229621339,0.015448732173135478,32.2040007208506,0.022570415967170306,1.4704393989199342,12.93925909090909,1.1681778399552323,0.0,1.2644148754691231,0.0,0.2361126510699634,0.8159796005099873,0.006708060760616476,27.58855242290749,0.12984268607654378,-0.4786526548672566,-0.30915813414898435,0.025932991392876855,0.20716976185456826,-0.2790091264667536,-0.4646017699115044,-0.3532219570405728,3.6060412825595733,-0.03530570034632115,-0.08631850827122459,Paper & Paper Products,Basic Materials,CLW
2020Q4,2020,Q4,2021-02-25,2020-12-31,22600000.0,452800000.0,41900000.0,1.3618559807170834,76700000.0,0.1693904593639576,1800400000.0,521100000.0,474900000.0,244800000.0,1279300000.0,263300000.0,558800000.0,626461250.0,1378261250.0,31.401024404941246,1.9399509803921569,0.43751388580315487,1.5116100556515064,0.023184581484796914,31.401024404941246,0.04336979466513145,1.3835274955830388,6.929881084070797,1.202190078679716,0.0,1.428408659323965,0.0,0.25149966674072427,0.8026960784313726,0.012552766051988446,10.654102891156462,0.1693904593639576,0.06394998493522135,1.0960688678568165,0.12531150481669587,0.17704412277980347,-0.0266497461928934,0.056074766355140186,-0.1483739837398374,-0.7230311683722782,0.028269882976396238,-0.10189863710430207,Paper & Paper Products,Basic Materials,CLW
2020Q3,2020,Q3,2020-11-03,2020-09-30,21400000.0,457400000.0,49200000.0,1.28,78800000.0,0.17227809357236554,1827000000.0,496200000.0,492000000.0,239600000.0,1330700000.0,256400000.0,536300000.0,629614300.0,1426614300.0,29.900572461584815,2.053422370617696,0.46223316912972084,1.7019347037484884,0.02406175869681471,29.900572461584815,0.04312777106005643,1.3765069960647136,7.355307242990654,1.268872027408303,0.0,1.4765990639625586,0.0,0.25035577449370555,0.9474123539232053,0.011713191023535852,13.687267391304347,0.17227809357236554,-0.058823529411764754,0.05449269528065362,0.175493542049365,0.22597410898600073,-0.059665871121718374,-0.06140350877192982,0.02286902286902287,23.59250559561386,0.06358658985650002,0.01180524295229245,Paper & Paper Products,Basic Materials,CLW
2020Q2,2020,Q2,2020-08-04,2020-06-30,22800000.0,480500000.0,48100000.0,1.36,83800000.0,0.17440166493236212,1841400000.0,470800000.0,484400000.0,247500000.0,1370700000.0,235300000.0,514800000.0,599541220.0,1440941220.0,28.371700614680005,1.9571717171717171,0.48311067665906376,1.8895497026338148,0.02325415707179298,28.371700614680005,0.048428207306711976,1.2477444745057231,6.573916885964913,1.273452039082413,0.0,1.685932851678708,0.0,0.2609427609427609,0.9701010101010101,0.012381883349625285,5.895193903638152,0.17440166493236212,1.1935483870967745,0.6809956152042755,0.24290452117795336,0.11099462371167697,0.5264116575591985,1.2135922330097086,1.5585106382978724,1.8134581669696899,0.10908547827762666,-0.034477679221919424,Paper & Paper Products,Basic Materials,CLW
2020Q1,2020,Q1,2020-05-05,2020-03-31,10300000.0,477900000.0,18800000.0,0.62,54900000.0,0.11487758945386065,1896800000.0,444800000.0,520900000.0,290400000.0,1452000000.0,240500000.0,492100000.0,361064550.0,1242264550.0,26.86801570522501,1.793732782369146,0.4966258962463096,2.1178057553956835,0.032583144734517365,26.86801570522501,0.023156474820143883,0.755523226616447,8.763702669902912,0.811745840827338,0.0,1.7588357588357588,0.0,0.2519506537326023,0.9221763085399449,0.0054301982285955295,225.66534375,0.11487758945386065,4.166666666666667,1.0895654874107796,0.2859861031586678,0.1132678514405718,0.0698626132709734,4.255102040816326,0.035413339208018944,0.3647140431710825,0.08759594028289634,-0.06482097234759729,Paper & Paper Products,Basic Materials,CLW
2019Q4,2019,Q4,2020-03-09,2019-12-31,1960000.0,435540000.0,18157000.0,0.12,51315000.0,0.11781925885108141,1877700000.0,432000000.0,465800000.0,280400000.0,1445700000.0,281400000.0,481700000.0,353273040.0,1228973040.0,26.12007981135498,1.6611982881597718,0.4770197582148373,2.07337962962963,0.005757328971784207,26.12007981135498,0.004537037037037037,0.8111150296184048,45.06033673469388,0.8177616666666666,0.0,1.3654051172707888,0.0,0.23195398625978592,0.6398002853067047,0.001043830217819673,6.140781866536877,0.11781925885108141,1.1818181818181819,1.0850957723988264,0.09084778722380123,0.027138406810267714,0.9375849569551428,1.1786202497038185,8.38089430894309,-0.7897225941334619,0.025845530337844726,-0.07843463422532712,Paper & Paper Products,Basic Materials,CLW
2019Q3,2019,Q3,2019-11-05,2019-09-30,-10973000.0,445188000.0,-2460000.0,-0.66,26484000.0,0.05948947410981428,1881077000.0,425145000.0,464260000.0,294993000.0,1455932000.0,282395000.0,479779000.0,349303680.0,1280788680.0,25.705604933792852,1.5738000562725216,0.49934160058307026,2.2093638640934268,-0.0009351351734600779,25.705604933792852,-0.02581001775864705,0.7846206097199385,-7.958253895926365,0.8216106975267262,0.0,1.4826891410966907,0.0,0.23666654794035544,0.5846409914811538,-0.005833360356859395,-7.217018181818182,0.05948947410981428,-21.0,-3.0960649572043617,0.04032651681069111,-0.06126519445744613,-0.3719408081957883,-24.879716981132077,-1.1603546053060427,-13.40401710174297,0.041589509206635115,-0.08105229569900745,Paper & Paper Products,Basic Materials,CLW
2019Q2,2019,Q2,2019-08-09,2019-06-30,-424000.0,451993000.0,15341000.0,-0.03,42168000.0,0.0932934802087643,1955847000.0,434365000.0,519136000.0,543724000.0,1521482000.0,287863000.0,490752000.0,313414050.0,1192067050.0,26.263075155692604,0.9547785273410775,0.4706160553458425,2.1190772737214094,-0.001538222057815195,26.263075155692604,-0.0009761375801457299,0.6934046544968617,-184.7960200471698,0.7215453593176245,0.0,1.4236807092262638,0.0,0.23109834255951514,0.40409288536095517,-0.00021678587333262775,42.93343150684932,0.0932934802087643,-1.1304347826086956,-1.0417000244518153,0.10990396939009987,-0.04180194931544636,-0.05310668493027643,-1.110502997133177,0.06816599359420694,-1.0209696304366294,0.068070333475113,-0.071834314348387,Paper & Paper Products,Basic Materials,CLW
2019Q1,2019,Q1,2019-05-08,2019-03-31,3837000.0,428779000.0,14362000.0,0.23,44533000.0,0.10386003045858122,1928278000.0,432244000.0,486820000.0,515220000.0,1496034000.0,285909000.0,491176000.0,337256720.0,1222258720.0,26.17122790021797,0.94487791622996,0.46526590045626204,2.0755915640240237,0.008404891604802138,26.17122790021797,0.008876930622518762,0.7865513936083623,21.973984884023977,0.7802461572630274,0.0,1.3439451014133867,0.0,0.2223636840745992,0.36340592368308683,0.0019898583088123188,-3.3396052957311335,0.10386003045858122,1.0201931518876208,-0.21699220380443515,0.12343206142049247,-0.06018032857726724,-0.04236285831021654,1.0204343565600835,1.0821958575851747,-0.7791912990802133,0.04106049862475247,-0.018969250882773698,Paper & Paper Products,Basic Materials,CLW
2018Q4,2018,Q4,2019-03-18,2018-12-31,-187772000.0,428707000.0,-174729000.0,-11.39,46503000.0,0.10847268647351221,1788118000.0,426396000.0,443947000.0,449295000.0,1361722000.0,266244000.0,487339000.0,401885670.0,1171526670.0,25.85628524649809,0.9880969073771131,0.44299369504697117,1.857721460801696,-0.14366639182584992,25.85628524649809,-0.4403699847090498,0.9374366875278454,-0.5350713498285155,0.9425174485689359,0.0,1.435540331425309,0.0,0.23975319302193704,0.38795001057211853,-0.10501096683775903,-5.440150391206649,0.10847268647351221,-6.475961538461538,-3.911510718010187,0.17154451047534133,-0.09461509814540965,-0.07436453751069885,-6.451515503425851,-4.725565031982942,-18.525007220723808,0.0721540258317382,-0.030796314354647487,Paper & Paper Products,Basic Materials,CLW
2018Q3,2018,Q3,2018-11-09,2018-09-30,34444000.0,426460000.0,46900000.0,2.08,50239000.0,0.11780471791023778,1980095000.0,628125000.0,492527000.0,448706000.0,1351970000.0,263274000.0,675111000.0,479440069.79999995,1174390069.8,38.0983487834458,1.0976608291397931,0.3894257598751575,1.2276218905472638,0.029748543194594683,38.0983487834458,0.05483621890547263,1.124232213572199,3.4798518595401227,0.7632876733134328,0.0,1.429009321087536,0.0,0.21537350480658757,0.49490757868180946,0.017395124981377155,-5.626504439567661,0.11780471791023778,3.952380952380953,2.45559316946813,0.16791670538399753,0.6875480431803909,0.11778840805428857,3.948139635109898,1.5515477939176323,0.7083651911012785,0.10316308545588336,0.5620968215117316,Paper & Paper Products,Basic Materials,CLW
2018Q2,2018,Q2,2018-08-07,2018-06-30,6961000.0,432099000.0,18381000.0,0.42,44945000.0,0.10401551496300616,1919397000.0,590569000.0,451133000.0,525219000.0,1328828000.0,262213000.0,640667000.0,380849700.0,1058479700.0,35.82028264693395,0.8589426505895635,0.3808008452654662,1.2376335364707596,0.010027556741810682,35.82028264693395,0.011786937682133672,0.8813945415286775,13.677980893549778,0.6448860336387451,0.0,1.476486673048247,0.0,0.2251222649613394,0.34421450861450176,0.0036266598311865653,7.639453994744549,0.10401551496300616,1.625,-0.19313358581941537,0.23969418913258272,0.603607487729485,0.00956894808957973,1.6773076923076924,0.5929456625357483,-0.48344946560078444,0.12496001103221732,0.40267028688386364,Paper & Paper Products,Basic Materials,CLW
2018Q1,2018,Q1,2018-05-02,2018-03-31,2600000.0,436952000.0,11539000.0,0.16,44519000.0,0.10188533294274886,1811912000.0,580720000.0,436677000.0,425468000.0,1231192000.0,259432000.0,633706000.0,644211600.0,1371363600.0,35.24641903374606,1.0263451070350766,0.40797566327724527,1.2729301556688248,0.009949538824578661,35.24641903374606,0.0044772007163521145,1.4743303612296088,61.94342307692308,1.1093325526932083,0.0,1.512662277591045,0.0,0.24115519959026707,0.39604623614466894,0.0014349482756336952,-36.65082778631166,0.10188533294274886,-0.9672131147540983,5.0943495630833056,0.31697884251016234,0.6413065130350405,-0.2753951073422419,-0.96787108892294,-0.5670818638853455,-0.4700077590079704,0.18143648420389752,0.46042438039225275,Paper & Paper Products,Basic Materials,CLW
2017Q4,2017,Q4,2018-02-21,2017-12-31,80924000.0,436716000.0,26654000.0,4.88,61439000.0,0.1406841059178047,1802252000.0,575434000.0,452789000.0,419252000.0,1226818000.0,266043000.0,618254000.0,747193200.0,1456979200.0,34.96378660833637,1.0799924627670232,0.40256523505037034,1.2608292175992382,0.08699181864019791,34.96378660833637,0.1406312452861666,1.7109361690434974,2.308317680786911,1.2984863598605574,0.0,1.4105877621286784,0.0,0.24231683471567794,0.42476839704998426,0.044901600886002625,-19.870045739814913,0.1406841059178047,96.6,4.741537211309736,0.3293941837778982,0.4984369162309906,0.5389374546001052,92.77056778679027,3.8897450009172627,4.5307050920457295,0.09917641438015014,0.3749057557369624,Paper & Paper Products,Basic Materials,CLW
2017Q3,2017,Q3,2017-10-31,2017-09-30,863000.0,426504000.0,5451000.0,0.05,39923000.0,0.0936052182394538,1729011000.0,486362000.0,423285000.0,380969000.0,1242649000.0,257833000.0,537329000.0,810556500.0,1482409500.0,29.551707376351928,1.1110746543682033,0.3934798564034584,1.3988161081663453,-0.0017709340930007476,29.551707376351928,0.001774398493303342,1.900466349670812,234.8077925840093,1.6665703735077986,0.0,1.4993464762074675,0.0,0.24667512236764255,0.41736204258089243,0.000499129271011,-342.875,0.0936052182394538,-0.8958333333333334,-0.9357443771342427,0.26062373573538755,0.3109836516088406,-0.18407929695483344,-0.892621624984447,-0.7228070175438597,-0.8343382125176343,0.0015704820509622032,0.0791893965864734,Paper & Paper Products,Basic Materials,CLW
2017Q2,2017,Q2,2017-08-04,2017-06-30,8037000.0,429663000.0,19665000.0,0.48,48930000.0,0.11387994777302211,1678589000.0,483586000.0,395982000.0,339998000.0,1195003000.0,243313000.0,585413000.0,769364750.0,1438984750.0,29.384821048793825,1.1646597921164241,0.4039934730896009,1.4023131356160021,0.011125535011539673,29.384821048793825,0.016619587829258913,1.7906236981075867,23.931963108124922,1.590957451208265,0.0,1.5647869205508953,0.0,0.25596676732660584,0.42589368172753955,0.004787949879333178,52.69982533050209,0.11387994777302211,0.0666666666666666,-0.46684301778979026,0.2933595623115579,0.3725702181892999,-0.030993167640360433,0.06946107784431138,-0.04343807763401109,-0.20562969801636755,0.06032800048841357,0.07209373166514654,Paper & Paper Products,Basic Materials,CLW
2017Q1,2017,Q1,2017-05-04,2017-03-31,7515000.0,437525000.0,20558000.0,0.45,50495000.0,0.11541054796868751,1664933000.0,473591000.0,413558000.0,340398000.0,1191342000.0,240704000.0,577376000.0,923104000.0,1607056000.0,28.730344576559087,1.2149248820498357,0.4204055058071406,1.4779567179274944,0.010318029859835256,28.730344576559087,0.01586812249388185,2.109831438203531,30.708715901530272,1.9491586622211994,0.0,1.6079084684924223,0.0,0.26278835244421245,0.47614263303544674,0.004513695145690547,280.4934670312975,0.11541054796868751,-0.19642857142857148,1.8238427952973284,0.3380839570436276,0.37767689288128914,-0.11480611457822032,-0.19565450069570803,-0.147324761509747,0.5365459077489932,0.14857259218545787,0.031718614913699504,Paper & Paper Products,Basic Materials,CLW
2016Q4,2016,Q4,2017-02-22,2016-12-31,9343000.0,425568000.0,24110000.0,0.56,57044000.0,0.13404203323558161,1684342000.0,469873000.0,446495000.0,366520000.0,1214469000.0,258029000.0,569861000.0,1086687900.0,1768441900.0,28.343165641211243,1.2182009167303285,0.4184156186807667,1.4998840112115401,0.01174081412998031,28.343165641211243,0.019884096340926166,2.553500028197609,29.077595526062293,2.3127268432108252,0.0,1.428227059749098,0.0,0.25266127662909316,0.49051620648259303,0.005546973239401499,-68.05836412600989,0.13404203323558161,10.2,0.13083134356151874,0.2702922690411693,0.34899262500106054,0.47343406948211286,9.369589345172031,1.5980603448275863,-0.8558917758567394,0.15686328789317236,-0.007534377128208521,Paper & Paper Products,Basic Materials,CLW
2016Q3,2016,Q3,2016-10-26,2016-09-30,901000.0,435320000.0,9280000.0,0.05,38715000.0,0.08893457686299734,1547814000.0,471203000.0,399889000.0,244374000.0,1076611000.0,252126000.0,560518000.0,1089366150.0,1671610150.0,27.972870287919264,1.636381120741159,0.37638566391052153,1.2363567294775288,0.0044103660904304814,27.972870287919264,0.0019121270450315469,2.5024491178902877,302.26585738068815,2.3118828827490487,0.0,1.5730428436575363,0.0,0.28124826368026135,0.5825046854411681,0.0005821112872735354,-192.73994161358812,0.08893457686299734,-0.9586776859504131,-0.8585314234280818,0.17913285786706823,0.3039403219349416,-0.48255813953488375,-0.9568155674846626,-0.7689530685920578,-0.911528635044537,0.16683943630171882,0.23904484115144767,Paper & Paper Products,Basic Materials,CLW
2016Q2,2016,Q2,2016-07-27,2016-06-30,20864000.0,436671000.0,40165000.0,1.21,74820000.0,0.17134181111179814,1526732000.0,482894000.0,412063000.0,215851000.0,1043838000.0,248934000.0,559617000.0,1115604420.0,1699216420.0,28.295675612328605,1.9090159415522745,0.3729344770398472,1.1790807092239706,0.023768941721278282,28.295675612328605,0.04320616946990437,2.55479392952589,13.367575968174846,2.3102470107311337,0.0,1.4536021596085709,0.0,0.2860167992810788,0.7097488545339146,0.013665790721619773,53.24064235945404,0.17134181111179814,0.1523809523809523,1.0229156932750594,0.19176208352961632,0.32300658738647553,0.0913546392053328,0.13108533015287868,0.06363540066733754,1.3363476969324004,0.21030701821314862,0.26674481409148343,Paper & Paper Products,Basic Materials,CLW
2016Q1,2016,Q1,2016-05-04,2016-03-31,18446000.0,437204000.0,37762000.0,1.05,68557000.0,0.15680780596700852,1499214000.0,467706000.0,392847000.0,206384000.0,1031508000.0,243419000.0,538753000.0,850477320.0,1423433320.0,26.677275838466805,1.9034760446546244,0.3836570362870144,1.229798206565663,0.02167993937401763,26.677275838466805,0.039439305888742074,1.945264270226256,11.526581914778271,1.8184015599543302,0.0,1.5144545002649752,0.0,0.29162214333644165,0.6676002015660129,0.012303780514322838,47.073521890740025,0.15680780596700852,0.6153846153846154,3.323139641952564,0.23268428321786974,0.28999720287469666,0.026041276920544174,0.5949848681366191,0.03987442859503222,28.298205341913174,0.23836741073036397,0.24227049964384056,Paper & Paper Products,Basic Materials,CLW
2015Q4,2015,Q4,2016-02-22,2015-12-31,11565000.0,431595000.0,36314000.0,0.65,66817000.0,0.15481411971871778,1527369000.0,474866000.0,426937000.0,227927000.0,1052503000.0,255573000.0,520307000.0,810434000.0,1374061000.0,26.677865168539327,1.873130432112036,0.37252752936585726,1.1982053884674835,0.013764994832618229,26.677865168539327,0.02435423888002089,1.8777650343493322,17.519109381755296,1.7066582993939343,0.0,1.4272947455325875,0.0,0.2825741520222029,0.7009393358399838,0.0075718441319681095,482.6885050625372,0.15481411971871778,-0.46280991735537186,-0.6040673079679353,0.61570978713312,0.31162028361016963,-0.022142543538709206,-0.49856919875130074,-0.09319282824751536,-0.24132890977503182,0.21475342243610185,0.14332862348613623,Paper & Paper Products,Basic Materials,CLW
2015Q3,2015,Q3,2015-11-04,2015-09-30,23064000.0,442222000.0,40046000.0,1.21,68330000.0,0.15451515302268995,1551533000.0,459981000.0,468320000.0,252868000.0,1091552000.0,261683000.0,508742000.0,890946400.0,1462529400.0,24.389236479321315,1.8520334720091114,0.3706012053884771,1.2500516325674322,0.02711014287351334,24.389236479321315,0.05014120148440914,2.014703926986898,9.657327436697884,1.9369200032175242,0.0,1.4287974381216968,0.0,0.28502261956400543,0.7010535140864008,0.014865297741008409,-271.7957291031116,0.15451515302268995,0.493827160493827,0.8731963725805671,0.5252738446288003,0.3589498121308128,0.13484247064489877,0.47874591267551453,0.2485891559879026,0.4985469050169348,0.14061239149424115,0.08196422942379873,Paper & Paper Products,Basic Materials,CLW
2015Q2,2015,Q2,2015-08-05,2015-06-30,15597000.0,444558000.0,32073000.0,0.81,60211000.0,0.13544014504294152,1562537000.0,487301000.0,491813000.0,222616000.0,1075236000.0,248280000.0,485678000.0,1093398600.0,1716933600.0,25.53720783984907,2.209243720127933,0.36799128596634834,1.1799688488223912,0.018943813177152283,25.53720783984907,0.03200691153927449,2.459518443037804,17.525783804577802,2.2437848475582856,0.0,1.548038504913807,0.0,0.28451038279413543,0.9548055845042585,0.009981843629942843,36.98912719891746,0.13544014504294152,1.7000000000000002,-0.08774768025045017,0.555294868116043,0.48716367699185187,0.3624247635425623,1.7092235539343408,1.1049419177003348,-0.10766283248517247,0.15410820727546345,0.19284752078236406,Paper & Paper Products,Basic Materials,CLW
2015Q1,2015,Q1,2015-05-06,2015-03-31,5757000.0,434026000.0,15237000.0,0.3,44194000.0,0.10182339306861801,1541121000.0,466638000.0,479333000.0,214380000.0,1074483000.0,270670000.0,470081000.0,1262575500.0,1818779500.0,24.134367726920093,2.235903535777591,0.3731050319864566,1.2322185505681063,0.011035599462717427,24.134367726920093,0.01233718642716624,2.908985867206112,54.827840020844185,2.7056851349440034,0.0,1.440248272804522,0.0,0.28163006019644143,0.815118014740181,0.0037355924680800533,448.9955547652916,0.10182339306861801,1.2158273381294964,13.899211670127823,0.5560295846464826,0.4906293596585846,-0.2468001704303366,1.2112893162550005,1.8575529040972536,0.844277167510547,0.13165661422296515,0.15729070540997567,Paper & Paper Products,Basic Materials,CLW
2014Q4,2014,Q4,2015-02-26,2014-12-31,-27247000.0,472318000.0,-17768000.0,-1.39,58675000.0,0.12422774486680584,1585928000.0,497537000.0,526577000.0,223741000.0,1088391000.0,286626000.0,464324000.0,1341180750.0,1938849750.0,25.429951443904933,2.3535114261579237,0.36256374816511217,1.1556929434393823,-0.017016871475860295,25.429951443904933,-0.054763766312857134,2.8395715386667457,-12.305765313612508,2.6956402237421537,0.0,1.4431454229553495,0.0,0.2978180598362599,0.9497588729826004,-0.017180477297834455,-732.885655737705,0.12422774486680584,-5.483870967741935,-1.6767710272645475,0.756500917626482,0.6022709525353916,-0.23485688204994457,-5.357428434351511,-1.4040201919141388,-3.794360691412771,0.19459713965689165,0.21033823060622708,Paper & Paper Products,Basic Materials,CLW
2014Q3,2014,Q3,2014-10-30,2014-09-30,6253000.0,511142000.0,43978000.0,0.31,76685000.0,0.15002680272800906,1678569000.0,540956000.0,508144000.0,279061000.0,1137613000.0,282457000.0,491571000.0,1187473050.0,1795942050.0,27.383244748165023,1.8209065401471363,0.3705817276501592,1.149903134450861,0.023184233093670528,27.383244748165023,0.011559165625300395,2.323176436293633,47.476133455941145,2.1951379594643554,0.0,1.5381350081605343,0.0,0.30451056822805617,0.6964857145928668,0.0037251968790082504,-82.46913327314397,0.15002680272800906,-0.4918032786885246,-0.844342659808629,0.7737268641288993,0.9329669470402463,0.18619292166811038,-0.497871998715169,0.32932321736239156,-0.16282239387382644,0.1805643659649867,0.27645524413581957,Paper & Paper Products,Basic Materials,CLW
2014Q2,2014,Q2,2014-07-31,2014-06-30,12453000.0,498759000.0,33083000.0,0.61,64648000.0,0.12961771115909687,1720555000.0,555193000.0,560872000.0,229171000.0,1165362000.0,264874000.0,485318000.0,1250200320.0,1936719320.0,27.408817140600316,2.447395176527571,0.3777850751646998,1.170764040612904,0.014958377496109376,27.408817140600316,0.022430037842696142,2.5066220759926137,25.098376294868704,2.2518301203365314,0.0,1.63893398370546,0.0,0.28988262508318535,1.1208922594918205,0.007237780832347702,28.893004853247053,0.12961771115909687,1.1034482758620692,-0.8148845516965076,0.7651355469603784,1.2791689218971967,0.10905628656224803,1.0001606167683905,0.612389121746759,0.017260662315722236,0.1468431153354038,0.28154019456195484,Paper & Paper Products,Basic Materials,CLW
2014Q1,2014,Q1,2014-04-30,2014-03-31,6226000.0,484920000.0,20518000.0,0.29,58291000.0,0.12020745690010723,1736189000.0,584343000.0,575581000.0,214216000.0,1151846000.0,269249000.0,472865000.0,1315067280.0,2000025280.0,27.847073961113228,2.686918810919819,0.37438320367195044,1.112360377381093,0.0103699200291091,27.847073961113228,0.010654701091653361,2.711926255877258,52.805464182460646,2.2505057474805037,0.0,1.5845147057184985,0.0,0.27930138942246496,1.200069089143668,0.00358601511701779,69.10132310440859,0.12020745690010723,-0.9250645994832041,-0.5062771082957378,0.8304326031386912,2.2178009105010688,-0.15219256781324994,-0.9248630252709324,-0.46412807856042204,0.21912815283892592,0.1423021993079487,0.34656355977257863,Paper & Paper Products,Basic Materials,CLW
2013Q4,2013,Q4,2014-02-20,2013-12-31,82862000.0,470159000.0,38289000.0,3.87,68755000.0,0.1462377621187726,1744825000.0,605094000.0,575401000.0,199426000.0,1139731000.0,267788000.0,466639000.0,1112370000.0,1808695000.0,28.55833490655088,2.88528577016036,0.3725301964380382,1.0742132627327325,0.09168363878086327,28.55833490655088,0.13694070673316874,2.3659442869327183,3.35609205667254,1.8383424724092454,0.0,1.4989618653561774,0.0,0.2694591148109409,1.3190456610472054,0.047490149441921106,128.9853896103896,0.1462377621187726,5.45,1097.4278163554027,0.6185252736285847,2.583276476984767,0.4751759354617233,5.222272283547346,1.032109117928033,1.3832037587430486,0.47863759111265675,0.4040737927462643,Paper & Paper Products,Basic Materials,CLW
2013Q3,2013,Q3,2013-10-31,2013-09-30,13317000.0,487845000.0,18842000.0,0.6,46608000.0,0.09553854195492421,1733351000.0,497285000.0,578334000.0,213218000.0,1236066000.0,253440000.0,383777000.0,1052229790.0000001,1770300790.0,22.57615653516139,2.712407020045212,0.37499617792357115,1.3070975396402464,0.026315474943810303,22.57615653516139,0.02677941220829102,2.1568936649960544,19.753506608094916,2.1159491840694975,0.0,1.7409919507575757,0.0,0.28144616987557625,1.3452335168700578,0.007682806309858765,22.589248620682255,0.09553854195492421,0.15384615384615377,14.927345422412928,0.530137232355425,0.8792018002863755,-0.1748021458543581,0.1423057128152342,-0.3658881335397456,-0.07393511849475955,0.4407070237535793,0.2579263687941054,Paper & Paper Products,Basic Materials,CLW
2013Q2,2013,Q2,2013-07-30,2013-06-30,11658000.0,471002000.0,29714000.0,0.52,56481000.0,0.11991668825185456,1698908000.0,497653000.0,546456000.0,167527000.0,1201255000.0,251334000.0,370460000.0,1073402220.0,1802222220.0,22.337313164863772,3.2618980821001986,0.3825987045796476,1.3061309788145554,0.015864227840730834,22.337313164863772,0.02342596146310783,2.2789759279153805,23.018575656201747,2.1569290650312567,0.0,1.6492834236513962,0.0,0.2772380846991126,1.5489264417079038,0.006862054919983896,-308.0947818599311,0.11991668825185456,14.000000000000002,1.3880730227115383,0.5193438925171312,0.48168247193021624,0.21164861096213666,14.217687074829932,1.380357285908836,-0.4159821068372176,0.41135172474947684,0.3008172619616209,Paper & Paper Products,Basic Materials,CLW
2013Q1,2013,Q1,2013-05-03,2013-03-31,-882000.0,460824000.0,12483000.0,-0.04,46615000.0,0.10115575577660886,1706631000.0,491425000.0,547277000.0,177703000.0,1215206000.0,248785000.0,358802000.0,1182187440.0,1907649440.0,21.474611081978676,3.079728535815377,0.3808673345321865,1.3226840311339472,0.0006066672179466861,21.474611081978676,-0.0017947804853232945,2.565377324097703,-335.08714285714285,2.4056314595309556,0.0,1.66492754788271,0.0,0.270019705489939,1.4747640726380533,-0.0005168076754729054,-198.4534900117509,0.10115575577660886,-1.0476190476190477,-1.1849764305662445,0.49231873049879593,0.3816762288018758,-0.29662155025425135,-1.0444287729196051,-0.6481679819616686,-2.92862540445108,0.39588432438147225,0.32635278157055164,Paper & Paper Products,Basic Materials,CLW
2012Q4,2012,Q4,2013-02-25,2012-12-31,19852000.0,462701000.0,35480000.0,0.84,66273000.0,0.14323072567381528,1633456000.0,540894000.0,468466000.0,174733000.0,1092562000.0,231466000.0,359684000.0,907767959.9999999,1439121960.0,23.33350588844312,2.681039071039815,0.3207512170514541,0.9686426545681779,0.022704662455557308,23.33350588844312,0.03670220043113808,1.9618889088201665,11.431694035865403,1.6782733030871113,0.0,1.7126835042727657,0.0,0.283265052747059,1.1878122621370892,0.012153372971172777,-88.12425589748567,0.14323072567381528,0.049999999999999906,2.214488759883811,0.4822419521510266,0.9329126643164523,-0.058769226399284204,0.04133445237096097,-0.10769076002213168,-0.5838259295080178,0.4523189615629329,0.47017971262492414,Paper & Paper Products,Basic Materials,CLW
2012Q3,2012,Q3,2012-11-05,2012-09-30,19064000.0,480233000.0,39762000.0,0.8,70411000.0,0.1466184123123567,1626902000.0,526595000.0,501931000.0,181056000.0,1100307000.0,224435000.0,339832000.0,972752040.0,1514060040.0,22.54162921107829,2.772241737363026,0.3220058737403974,0.9948290431925864,0.022647840784516066,22.54162921107829,0.03620239462964897,2.0255834980103407,12.756400020981957,1.8472489104530048,0.0,1.8260164412858957,0.0,0.2951825002366461,1.3480304436196535,0.011717976866461532,54.53563043112631,0.1466184123123567,-0.12087912087912087,3.796613163136476,0.5290130720610089,0.0,-0.06151200917015435,-0.11284843408255386,-0.10641166820235072,-0.5986892343301026,0.40923292174567133,0.5912001882235324,Paper & Paper Products,Basic Materials,CLW
2012Q2,2012,Q2,2012-08-03,2012-06-30,21489000.0,473572000.0,44497000.0,0.91,75026000.0,0.15842575152247176,1583063000.0,502246000.0,495139000.0,161858000.0,1080817000.0,237623000.0,320768000.0,800455199.9999999,1327050200.0,21.40861040068201,3.0590950092056,0.3308838624868372,1.0429351353719094,0.02636249164747773,21.40861040068201,0.042785806158734965,1.6902502681746385,9.312383079715202,1.5937512692983118,0.0,1.677219797746851,0.0,0.29914918104964866,1.3741798366469375,0.013574317636126926,-83.89636306466826,0.15842575152247176,4.6875,0.3658784109877901,0.5729269431984747,0.0,0.3710390702094222,4.76731078904992,0.7349111041796631,-0.7241896486826787,0.447101563740296,0.7802241970508778,Paper & Paper Products,Basic Materials,CLW
2012Q1,2012,Q1,2012-05-04,2012-03-31,3726000.0,457798000.0,25648000.0,0.16,54722000.0,0.11953306917024539,1583967000.0,481294000.0,527418000.0,183667000.0,1102673000.0,244722000.0,299279000.0,766453590.0,1290661590.0,20.854196455652325,2.871599144103187,0.3306584038682624,1.0882163500895503,0.0059726539479775,20.854196455652325,0.007741629856179383,1.6742178646477268,51.42603260869566,1.5924852377133312,0.0,1.6470770915569504,0.0,0.2890199101370167,1.326503944638939,0.0023523217339755185,-249.01026315789474,0.11953306917024539,-0.6789567031820554,5.707109595430529,0.6295883454216858,0.0,-0.10388759702616841,-0.676056338028169,-0.21620878281331174,-0.7313491069426526,0.5711904389413697,1.409755956280141,Paper & Paper Products,Basic Materials,CLW
2011Q4,2011,Q4,2012-02-24,2011-12-31,11502000.0,466391000.0,32723000.0,0.4983751462368387,61066000.0,0.13093305831373248,1571318000.0,484904000.0,545331000.0,154492000.0,1086414000.0,244071000.0,295553000.0,821843190.0,1392099190.0,21.010615711252655,3.5298332599746267,0.33328326920457857,1.0799952155478199,0.016933089125454853,21.010615711252655,0.023720159041789715,1.7621334674125357,17.863049687010953,1.6948575181891672,0.0,1.6606848007342125,0.0,0.29681515772109784,1.6158053491442923,0.007319969605134034,-16.201616330875684,0.13093305831373248,0.3469598546941587,0.8706657208026165,0.5006658649180256,0.7404879227120812,0.1698915667266945,0.33048004626951993,0.289169916873498,140.72398838771178,0.4740013107388889,1.6362477116209064,Paper & Paper Products,Basic Materials,CLW
2011Q3,2011,Q3,2011-11-04,2011-09-30,8645000.0,501125000.0,25383000.0,0.37,52198000.0,0.10416163631828386,1570692000.0,490513000.0,569091000.0,195296000.0,1080179000.0,225356000.0,284051000.0,776952699.9999999,1291506700.0,21.45256942925869,2.9139920940521056,0.341012114405625,1.0919690201890673,0.01467415870419649,21.45256942925869,0.01762440546937594,1.550416961835869,22.46826778484673,1.5839594465386237,0.0,1.992079199133815,0.0,0.3190472734310737,1.5433393413075536,0.005503943484782504,174.24370935187258,0.10416163631828386,-0.3675213675213675,1.2223163778348463,0.630142203871871,0.0,-0.14805203283879287,-0.3790849673202614,-0.24886810877992482,8.960614744163133,0.5141843039600542,0.7856762744112149,Paper & Paper Products,Basic Materials,CLW
2011Q2,2011,Q2,2011-08-05,2011-06-30,13923000.0,494627000.0,33793000.0,0.585,61269000.0,0.12386909731979856,1588861000.0,492723000.0,595987000.0,208190000.0,1096138000.0,223604000.0,275406000.0,786517320.0,1302140320.0,21.387403420435803,2.86270714251405,0.3462222308937031,1.1164467662357958,0.01998846044659636,21.387403420435803,0.02825725610535737,1.590122092000639,14.122626589097177,1.5962667056337942,0.0,1.938060142036815,0.0,0.3113091705315946,1.5401075940246889,0.008762881082737886,-22.8002469851577,0.12386909731979856,1.4893617021276595,-0.09881928009470661,0.6729524145850352,0.0,0.20347672362993519,1.484475374732334,0.43519069056315296,1.7580827640353185,0.5429863070879197,0.41867289652396045,Paper & Paper Products,Basic Materials,CLW
2011Q1,2011,Q1,2011-05-06,2011-03-31,5604000.0,465830000.0,23546000.0,0.235,50910000.0,0.10928879634201318,1574698000.0,476189000.0,605804000.0,208203000.0,1098509000.0,234890000.0,261483000.0,937175782.4000001,1456828782.4,20.680103630471276,2.90967949549238,0.3421259187475948,1.1313680072408225,0.011076954204774433,20.680103630471276,0.011768436482153095,2.011840762509929,41.8083414703783,1.968075244073257,0.0,1.76644386734216,0.0,0.295821802021721,1.5106554660595668,0.0035587776195816594,62.10986694943337,0.10928879634201318,-0.8567932165352248,9.11069519125315,0.6619647647258986,0.0,-0.20045858592204038,-0.8516911025247447,0.05097304052847706,0.168022549170039,0.4991988682195177,0.33055762855514265,Paper & Paper Products,Basic Materials,CLW
2010Q4,2010,Q4,2011-03-11,2010-12-31,37786000.0,345557000.0,22404000.0,1.6409837181896005,63674000.0,0.18426482461648874,1545336000.0,468349000.0,589459000.0,195113000.0,1076987000.0,228321000.0,255879000.0,901484812.8,1421630812.8,20.339625348816526,3.0211159686950637,0.3488393462651488,1.1510091833226932,0.06962630290457093,20.339625348816526,0.08067915165827193,2.6087875887335517,5.964410183665908,1.9248142150404932,0.0,1.2345907735162338,0.0,0.2236128583039546,1.582221584415185,0.024451640290525815,-33.218542737121375,0.18426482461648874,1.5842263278576385,5.159480490132033,0.11440711605064899,0.6849040865158473,0.28933886807735143,1.5210835334934614,-0.2138671532334468,5.159480490132033,0.11440711605064899,0.6849040865158473,Paper & Paper Products,Basic Materials,CLW
2010Q3,2010,Q3,2010-11-05,2010-09-30,14988000.0,352927000.0,28499000.0,0.635,49385000.0,0.13992978717978505,1003333000.0,412030000.0,631511000.0,132872000.0,591303000.0,145276000.0,218093000.0,873322320.0,1010177320.0,17.947120829340534,4.752777108796436,0.1578359328358581,0.3843458000631022,0.029812232917736124,17.947120829340534,0.036375992039414606,2.474512632924089,14.567025620496397,2.1195600320365022,0.0,2.089416008150004,0.0,0.3517546019118279,3.543605876332109,0.014938210942927223,51.12230404495698,0.13992978717978505,-0.2742857142857143,2.8372644296120098,0.1434086166827943,0.0,-0.14030812081121072,-0.27129521586931155,-0.23595174262734583,2.8372644296120098,0.1434086166827943,0.0,Paper & Paper Products,Basic Materials,CLW
2010Q2,2010,Q2,2010-08-05,2010-06-30,20568000.0,343860000.0,37300000.0,0.875,57445000.0,0.16705926830686907,975268000.0,394189000.0,603755000.0,121632000.0,581079000.0,143824000.0,203104000.0,628526080.3199999,1083875080.32,17.171753341571822,4.963784201525915,0.15214177026212283,0.3764158817217122,0.042631187941715394,17.171753341571822,0.052178016129318674,1.8278545929157213,7.639611050175029,1.5944789943910156,0.0,1.9914270219156747,0.0,0.3525800087770746,3.6429064719810578,0.021089587682565202,7.495213045064812,0.16705926830686907,42.75,0.3360602610088343,0.1671921073005314,0.0,1.0045713089297554,43.90829694323144,2.5308595229079893,0.3360602610088343,0.1671921073005314,0.0,Paper & Paper Products,Basic Materials,CLW
2010Q1,2010,Q1,2010-05-06,2010-03-31,458000.0,330621000.0,10564000.0,0.02,28657000.0,0.08667628493047931,968268000.0,371059000.0,595522000.0,131299000.0,597209000.0,158000000.0,182537000.0,564355750.0,705359750.0,16.190723448817522,4.535617179110275,0.1634516476843188,0.42652246677752054,0.0014387694246307595,16.190723448817522,0.0012343050566082482,1.7069567571327895,308.05444868995636,1.5209326549147173,0.0,1.9111645569620253,0.0,0.34145608447248077,3.1790645777957183,0.00047300953868143945,8.589497435429129,0.08667628493047931,-0.9902807463952502,-0.16977022941125147,0.18515383496135865,0.0,-0.50575188423794,-0.9902883799830364,-0.732631419098479,-0.16977022941125147,0.18515383496135865,0.0,Paper & Paper Products,Basic Materials,CLW
2009Q4,2009,Q4,2010-02-26,2009-12-31,47160000.0,314980000.0,39511000.0,2.057771184222009,57981000.0,0.18407835418121785,947463000.0,363736000.0,572291000.0,119708000.0,583727000.0,169761000.0,182079000.0,629901230.0,963288230.0,15.87119294877389,4.780724763591405,0.15650743089703767,0.40767204785888667,0.0441573549664912,15.87119294877389,0.12965447467393934,1.9998134167248713,3.339171066581849,1.7317538819363494,0.0,1.5138871707871655,0.0,0.3324456997265329,3.2291158485648412,0.04977503079275919,17.076973106327603,0.18407835418121785,0.04988325725612706,6.723904461620561,0.020603594237929426,0.3147458421020816,0.18330986346660136,0.02058040641433487,0.3009021467140788,6.723904461620561,0.020603594237929426,0.3147458421020816,Paper & Paper Products,Basic Materials,CLW
2009Q3,2009,Q3,2009-11-03,2009-09-30,46209000.0,331484000.0,30372000.0,1.96,48999000.0,0.1478170892109423,873288000.0,321918000.0,495164000.0,119556000.0,551370000.0,145604000.0,134919000.0,469591460.0,761186460.0,14.166431966203133,4.14169092308207,0.16975041452533413,0.46049304481265413,0.04036498734830505,14.166431966203133,0.14354276554899073,1.4166338646812515,2.5405844099634267,1.4587300492672046,0.0,1.940090931567814,0.0,0.3795815355300886,2.7496236073471847,0.05291381537362245,6.518753696017324,0.1478170892109423,-0.39035769828926903,10.952366030175186,0.08499670172831424,0.0,-0.017721468235671473,-0.38753843706923974,-0.04143916679816948,10.952366030175186,0.08499670172831424,0.0,Paper & Paper Products,Basic Materials,CLW
2009Q2,2009,Q2,2009-08-04,2009-06-30,75448000.0,316905000.0,31685000.0,3.215,49883000.0,0.15740679383411432,772658000.0,273202000.0,388180000.0,114037000.0,499456000.0,143228000.0,0.0,287269110.0,505090110.0,12.02579452416586,3.4039829178249166,0.1918015473857774,0.542444784445209,0.05715153390979312,12.02579452416586,0.27616196074699306,0.9064833625218914,0.951877816509384,1.0514897767951918,0.0,1.8643142402323567,0.0,0.4101491216036073,1.9565141138402449,0.09764734203230925,4.399153305462397,0.15740679383411432,4.4033613445378155,3.952237667890642,0.08694992985354821,0.0,0.21502862014370966,4.528541071297721,0.2560951437066402,3.952237667890642,0.08694992985354821,0.0,Paper & Paper Products,Basic Materials,CLW
2009Q1,2009,Q1,2009-05-05,2009-03-31,13647000.0,286700000.0,25225000.0,0.595,41055000.0,0.14319846529473318,678413000.0,196526000.0,291786000.0,249076000.0,481887000.0,160261000.0,0.0,91176972.25999999,228324972.26,8.654069886746642,1.1714737670429909,0.20636397003005544,0.7123739352553861,0.04722274098020706,8.654069886746642,0.06944119353164467,0.31802222622950815,1.6702750102586648,0.46394356095376693,0.0,1.5327809011549909,0.0,0.4226039300544064,0.4451693459024555,0.020116064992858333,2.9212153101371263,0.14319846529473318,167.81364172839503,23.965893539757563,0.03716793651039738,0.0,4.971655219115798,169.4814814814815,5.860212129453359,23.965893539757563,0.03716793651039738,0.0,Paper & Paper Products,Basic Materials,CLW
2008Q4,2008,Q4,2009-03-18,2008-12-31,-81000.0,311340000.0,3677000.0,-0.0035668545679781714,-10337000.0,-0.033201644504400336,683266000.0,180989000.0,289579000.0,275557000.0,502277000.0,154351000.0,-385000.0,95264607.38000001,254366607.38,7.969894338318534,1.050886023581328,0.23283172293074733,0.8789815955665814,-0.003098385336325502,7.969894338318534,-0.00044754101077966067,0.3059825508447357,-294.02656598765435,0.5263557861527496,0.0,2.0840616516899795,0.0,0.45566441181033446,0.42839775436661015,-0.00011854826670725603,-14.726326693461123,-0.033201644504400336,-1.0891713641994543,-1.0133882931799214,0.01808991212210675,-0.3397858952936043,-1.7138319176852428,-1.093967517401392,-0.16828771771092513,-1.0133882931799214,0.01808991212210675,-0.3397858952936043,Paper & Paper Products,Basic Materials,CLW
2008Q3,2008,Q3,2008-09-30,2008-09-30,862000.0,328697000.0,4421000.0,0.04,14481000.0,0.04405577172897836,696094000.0,272820000.0,245774000.0,117068000.0,423274000.0,140526000.0,0.0,255477195.0,355468195.0,12.013694607849441,2.0994123073769093,0.0,0.0,0.011928742974897787,12.013694607849441,0.003159592405248882,0.7772422474193558,74.09431409512761,0.9364313283483615,0.0,2.235999032207563,0.0,0.4722020301855784,0.813219667201968,0.0012383385002600223,-18.231441875401412,0.04405577172897836,-0.8181818181818181,-0.7768896363412597,0.0765811002059337,0.0,-0.3459349593495935,-0.8267684887459807,-0.5959605191007129,-0.7768896363412597,0.0765811002059337,0.0,Paper & Paper Products,Basic Materials,CLW
2008Q2,2008,Q2,2008-06-30,2008-06-30,4976000.0,315988000.0,10942000.0,0.22,22140000.0,0.07006595187159007,679544000.0,342354000.0,242502000.0,132631000.0,337190000.0,127257000.0,0.0,255477195.0,257481195.0,15.07564109587159,1.8283960763320792,0.0029622805881591185,0.005879878722024571,0.020554943121042116,15.07564109587159,0.01453466295121424,0.8085028387153943,12.83547000602894,0.7462369214322018,0.0,2.3090910519657073,0.0,0.4650000588630023,0.7707021736999645,0.007322557479721696,14.489405342558983,0.07006595187159007,0.055849647010265784,-0.6732582750392935,0.08423024034633245,0.0,-0.2502539790044023,0.05669993629220641,0.47347158631834096,-0.6732582750392935,0.08423024034633245,0.0,Paper & Paper Products,Basic Materials,CLW
2008Q1,2008,Q1,2008-03-31,2008-03-31,4709000.0,304965000.0,7426000.0,0.208363,29530000.0,0.096830783860443,679647000.0,351259000.0,237538000.0,121799000.0,328388000.0,0.0,0.0,254250000.0,254240000.0,15.542433628318584,1.950245896928546,0.0,0.0,0.013406062193424226,15.542433628318584,0.013406062193424226,0.8337022281245389,13.498088766192398,0.7238248699677446,0.0,0.0,0.0,0.4487108749100636,1.8632911600259443,0.006928596756845833,10.772392170155072,0.096830783860443,-0.21790337153296804,7.656249999999999,0.10856858283229982,0.0,-0.10360319339465136,-0.2179040026573659,-0.41152230763134956,7.656249999999999,0.10856858283229982,0.0,Paper & Paper Products,Basic Materials,CLW
2007Q4,2007,Q4,2007-12-31,2007-12-31,6021000.0,304339000.0,12619000.0,0.26641592920353985,32943000.0,0.10824442480260499,696094000.0,272820000.0,245774000.0,117068000.0,423274000.0,140526000.0,0.0,254250000.0,356334000.0,12.071681415929204,2.0994123073769093,0.14666553655109799,0.3742137673191115,0.02163066288631604,12.071681415929204,0.02206949637123378,0.8354170842383001,10.556801195814648,0.9319331427314713,0.0,1.9312867369739408,0.0,0.43720962973391525,0.813219667201968,0.008649693863185145,10.829286992077689,0.10824442480260499,0.5659297789336803,0.0,0.0,0.0,-0.133215808030311,0.5659297789336801,-0.1921771973625248,0.0,0.0,0.0,Paper & Paper Products,Basic Materials,CLW
2007Q3,2007,Q3,2007-09-30,2007-09-30,3845000.0,303849000.0,15621000.0,0.17013274336283185,38006000.0,0.1250818663217585,,,,,,,,254250000.0,,,0.0,0.0,0.0,0.0,,0.0,0.8367643138532627,16.531209362808845,0.0,0.0,0.0,0.0,0.0,0.0,0.0,25.578470824949697,0.1250818663217585,-0.7463050936922672,0.0,0.0,0.0,-0.16699178082191782,-0.746305093692267,-0.3404964958203158,0.0,0.0,0.0,Paper & Paper Products,Basic Materials,CLW
2007Q2,2007,Q2,2007-06-30,2007-06-30,15156000.0,290040000.0,23686000.0,0.6706194690265487,45625000.0,0.1573058888429182,,,,,,,,254250000.0,,,0.0,0.0,0.0,0.0,,0.0,0.876603227141084,4.193883610451306,0.0,0.0,0.0,0.0,0.0,0.0,0.0,12.848046894739502,0.1573058888429182,26.860294117647058,0.0,0.0,0.0,0.9289307910201666,26.860294117647058,26.898704358068315,0.0,0.0,0.0,Paper & Paper Products,Basic Materials,CLW
2007Q1,2007,Q1,2007-03-31,2007-03-31,544000.0,275098000.0,849000.0,0.024070796460176992,23653000.0,0.08598026884964631,,,,,,,,254250000.0,,,0.0,0.0,0.0,0.0,,0.0,0.9242160975361507,116.84283088235294,0.0,0.0,0.0,0.0,0.0,0.0,0.0,7.27884340108789,0.08598026884964631,0.0,0.0,0.0,0.0,0.0,0.0,0.0,0.0,0.0,0.0,Paper & Paper Products,Basic Materials,CLW
