Year,Date,FillingDate,NetIncome,Revenue,OperatingIncome,EPSDiluted,GrossProfit,GrossProfitRatio,TotalAssets,CommonStockEquity,CurrentAssets,CurrentLiability,TotalLiability,Inventory,RetainedEarnings,EnterpriseValue,bookValuePerShare,currentRatio,debtToAssets,debtToEquity,roic,shareholdersEquityPerShare,roe,priceToSalesRatio,peRatio,pbRatio,payoutRatio,inventoryTurnover,dividendYield,assetTurnover,quickRatio,returnOnAssets,priceToFreeCashFlowsRatio,grossProfitMargin,epsdilutedGrowth,fiveYNetIncomeGrowthPerShare,fiveYRevenueGrowthPerShare,fiveYShareholdersEquityGrowthPerShare,grossProfitGrowth,netIncomeGrowth,operatingIncomeGrowth,threeYNetIncomeGrowthPerShare,threeYRevenueGrowthPerShare,threeYShareholdersEquityGrowthPerShare,Industry,Sector,Price,MarketCap,AvgVolume,Symbol
2022,2022-12-31,2023-03-16,-12612000.0,748322000.0,-12697000.0,-0.4,50742000.0,0.0678077084,367155000.0,137800000.0,220337000.0,189236000.0,229355000.0,2862000.0,-44172000.0,137514540.64,4.388209689421752,1.1643503350313893,0.18128855660415902,0.48302612481857765,-0.05587289897082248,4.388209689421752,-0.09152394775036285,0.09987350450741793,-5.9259071233745635,0.5423624139332366,0.0,243.73864430468205,0.0,2.0381637183206003,1.0871081612378195,-0.034350614862932546,-14.890922622036262,0.067807708446364,0.14893617021276587,-29.1438969136301,0.1545310677147722,-0.4681395589966896,0.23860668342812508,0.1337912087912088,0.3775980392156863,-1.1975195565944592,-0.01361005816053203,-0.06774098523740694,Engineering & Construction,Industrials,2.85,91697895,41644,ORN
2021,2021-12-31,2022-03-07,-14560000.0,601360000.0,-20400000.0,-0.47,40967000.0,0.0681239191,351750000.0,148098000.0,197934000.0,161737000.0,203652000.0,1428000.0,-31560000.0,172893496.79000002,4.81407739756238,1.2238016038383301,0.19675337597725656,0.46731218517468165,-0.08550089341904991,4.81407739756238,-0.09831327904495672,0.19286034453571904,-7.965556098214286,0.7831199394319978,0.0,392.43207282913164,0.0,1.7096233120113717,1.1646314696080675,-0.041393034825870645,-6.860197373121969,0.06812391911666889,-1.7014925373134329,-2.600251029633438,-0.06908636924746747,-0.41395779724442916,-0.5163453478625314,-1.7200791295746785,-2.1288180610889773,0.8570525228875361,0.0702210711425513,-0.030338251982870535,Engineering & Construction,Industrials,2.85,91697895,41644,ORN
2020,2020-12-31,2021-03-02,20220000.0,709942000.0,18072000.0,0.67,84703000.0,0.1193097464,414189000.0,159494000.0,235402000.0,180613000.0,254695000.0,1548000.0,-17000000.0,213487915.52,5.2948703026675,1.3033502571797158,0.15855080651586595,0.4117396265690245,0.06406713431833336,5.2948703026675,0.1267759288750674,0.2104494670268839,7.389066049455985,0.9367557119390071,0.0,403.9011627906977,0.0,1.7140532462233424,1.2547546411387884,0.04881829309807841,4.7675957470164025,0.11930974642999005,4.722222222222223,3.2791703572513353,0.38262295172396793,-0.3636657544361847,0.322637060633032,4.773091994775145,10.944481163251817,46.0385843181886,0.1418598498352782,-0.358250345005013,Engineering & Construction,Industrials,2.85,91697895,41644,ORN
2019,2019-12-31,2020-02-28,-5359000.0,708390000.0,1513000.0,-0.18,64041000.0,0.0904035912,394844000.0,138021000.0,211965000.0,149752000.0,256823000.0,1114000.0,-37220000.0,248937460.26000002,4.707071339545313,1.415440194454832,0.24537285611532655,0.7019511523608726,0.008929884506459788,4.707071339545313,-0.038827424812166264,0.2148272283064414,-28.397361496547866,1.1025964183711177,0.0,578.4102333931777,0.0,1.7941009613923473,1.3459987178802286,-0.01357244886588121,-8.494639143734302,0.09040359124211239,0.9456193353474319,-1.7287534382446852,0.7170613810875712,-0.4547299981829241,1.9581504919395816,0.9432441592001864,1.0440299158979134,-0.3902627972701317,0.1505063237889096,-0.4269841906256959,Engineering & Construction,Industrials,2.85,91697895,41644,ORN
2018,2018-12-31,2019-03-27,-94422000.0,520894000.0,-34363000.0,-3.31,21649000.0,0.0415612389,312870000.0,141585000.0,137056000.0,86306000.0,171285000.0,1056000.0,-31861000.0,195769734.37,4.964697645758155,1.588024007600862,0.26244126953686836,0.5799343150757496,-0.134169840958268,4.964697645758155,-0.6668926793092489,0.23487261202855092,-1.2957121684565036,0.8641009596355546,0.0,472.7698863636364,0.0,1.664889570748234,1.4685305772483952,-0.3017930769968358,29.012030915342663,0.041561238946887465,-332.0,-274.04323253661187,0.40625937349895125,-0.4051234302965107,-0.6763492300792345,-237.055,-23.342652795838752,-10.241736845890728,0.07150655015355448,-0.4033457005973518,Engineering & Construction,Industrials,2.85,91697895,41644,ORN
2017,2017-12-31,2018-03-13,400000.0,578553000.0,1538000.0,0.01,66890000.0,0.1156160283,433285000.0,231266000.0,191789000.0,121992000.0,202019000.0,4386000.0,62847000.0,296329398.88,8.250678845645599,1.572144075021313,0.19834750799127596,0.3716110452898394,-0.00046834763734036997,8.250678845645599,0.0017296100594121056,0.37935055021752545,548.6859972,0.9490128202156823,0.0,116.65823073415413,0.0,1.3352712417923538,1.4720063610728573,0.0009231798931419274,9.377644799179627,0.11561602826361629,1.076923076923077,1.0326382011010007,0.918087444882883,-0.005637297088513632,-0.008772709759639608,1.1104972375690607,-0.6224840451644575,-0.9430977899971427,0.46699566879407167,-0.044236353215785576,Engineering & Construction,Industrials,2.85,91697895,41644,ORN
2016,2016-12-31,2017-03-24,-3620000.0,578236000.0,4074000.0,-0.13,67482000.0,0.1167032146,447676000.0,226204000.0,195108000.0,117520000.0,221472000.0,5392000.0,61764000.0,374952821.65,8.214557543683005,1.660211027910143,0.22620153861274672,0.4476711287156726,0.022087276901468188,8.214557543683005,-0.01600325370019982,0.4738425515706389,-75.68862476519337,1.2112642643366165,0.0,94.72440652818992,0.0,1.2916394892734924,1.4704646017699115,-0.00808620520197643,61.7935998308525,0.11670321460441757,0.5517241379310345,0.7294415383094917,1.1810558800082698,-0.05103925438331686,0.6794086904584142,0.5508684863523573,1.5849246231155778,-11.841144384788752,0.6167003718633716,-0.015720963915450838,Engineering & Construction,Industrials,2.85,91697895,41644,ORN
2015,2015-12-31,2016-03-15,-8060000.0,466498000.0,-6965000.0,-0.29,40182000.0,0.0861354175,465500000.0,227714000.0,193117000.0,118295000.0,237786000.0,4867000.0,65384000.0,223420421.76,8.32089478066052,1.6325034870450992,0.23769495166487647,0.4859033700167754,-0.015683075948435994,8.32089478066052,-0.03539527653108724,0.24462789070907057,-14.15861312158809,0.5011480267352908,0.0,87.59317854941442,0.0,1.0021439312567133,1.4271693647237838,-0.01731471535982814,26.072291925976696,0.08613541751518763,-2.16,-1.3620516102612314,0.2984686777378061,-0.09328980296715278,-0.09893707673678073,-2.172022684310019,-1.7033222255882057,0.32639753338362687,0.5840812124910815,0.0028250498571250537,Engineering & Construction,Industrials,2.85,91697895,41644,ORN
2014,2014-12-31,2015-02-27,6877000.0,385818000.0,9903000.0,0.25,44594000.0,0.1155829951,352300000.0,236717000.0,151134000.0,90626000.0,115583000.0,6487000.0,73444000.0,301120923.05,8.63255144031271,1.6676671153973472,0.1050439965938121,0.15633435705927332,0.024751438578924014,8.63255144031271,0.02905156790598056,0.7853623289996838,44.06091654064273,1.280038708880224,0.0,52.60120240480962,0.0,1.0951405052512064,1.5072385408161013,0.01952029520295203,-9.514457344490847,0.11558299509094962,24.0,-0.7047893127048411,0.13030919089270096,-0.08178503917072169,0.3933883264591926,19.77643504531722,136.54166666666666,1.5161517517927032,0.461402958639207,-0.0027518332167345105,Engineering & Construction,Industrials,2.85,91697895,41644,ORN
2013,2013-12-31,2014-03-27,331000.0,354544000.0,72000.0,0.01,32004000.0,0.0902680626,306208000.0,227812000.0,125278000.0,59805000.0,78396000.0,3520000.0,66567000.0,296084685.96,8.345760950431721,2.0947746843909374,0.027967917232730694,0.03759240075149685,-0.00016637362792020898,8.345760950431721,0.001452952434463505,0.9262029140529807,992.0836433836859,1.44145034484575,0.0,91.63068181818181,0.0,1.1578534852126658,0.7050748265195218,0.0010809645731006375,1202.8559925274724,0.09026806263820569,1.0227272727272727,-0.982003349923933,0.06580911771631674,0.6976560010039639,1.2271398747390396,1.0278948255519973,1.005069351545448,-0.9850936099409019,-0.010625123938900662,-0.09058018936344513,Engineering & Construction,Industrials,2.85,91697895,41644,ORN
2012,2012-12-31,2013-03-06,-11866000.0,292042000.0,-14203000.0,-0.44,14370000.0,0.0492052513,317315000.0,225184000.0,128650000.0,72875000.0,92081000.0,4354000.0,66939000.0,167922556.36999997,8.297454059255918,1.7653516295025728,0.03977435671178482,0.056047498934204916,-0.042936002600401445,8.297454059255918,-0.052694685235185446,0.6793048820717568,-16.7188232234957,0.8809931272648144,0.0,63.77400091869545,0.0,0.9203535918566724,1.6297770154373927,-0.037395017569292345,-949.2131883732056,0.04920525129947063,0.10204081632653059,-1.4875399409428172,-0.007541635545843999,0.786981316896326,0.4118687364904696,0.09516547201464085,0.26447436561367166,-1.5146772786764253,-0.13551455025609124,-0.11742820107349172,Engineering & Construction,Industrials,2.85,91697895,41644,ORN
2011,2011-12-31,2012-03-06,-13114000.0,259852000.0,-19310000.0,-0.49,10178000.0,0.0391684497,283087000.0,233636000.0,103195000.0,27355000.0,49451000.0,3361000.0,78805000.0,-34490553.1883,8.65637233323573,3.7724364832754524,0.0,0.0,-0.05569452934573012,8.65637233323573,-0.05613004845143728,0.017273089342010068,-0.3422637495577246,0.019211280845845675,0.0,74.2856292770009,0.0,0.9179227587278822,2.963626393712301,-0.04632498136615246,0.25241518455179396,0.039168449732924895,-1.6049382716049383,-1.6217933984343695,-0.16621630513088032,1.5807595553477238,-0.8439746753943557,-1.599305365140298,-1.5925675883020836,-1.721116910179439,-0.20997255836434234,0.7608391284778088,Engineering & Construction,Industrials,2.85,91697895,41644,ORN
2010,2010-12-31,2011-03-08,21882000.0,353135000.0,32587000.0,0.81,65233000.0,0.1847253883,307579000.0,246856000.0,119738000.0,43010000.0,60723000.0,2991000.0,91919000.0,-15373181.83,9.177016876936127,2.783957219251337,0.0,0.0,0.0853580566379587,9.177016876936127,0.08864277149431248,0.022090186953997764,0.3564947523078329,0.031600682867744756,0.0,96.25610163824808,0.0,1.1481115420753694,2.017530806789119,0.07114269829864847,-0.512840587075143,0.18472538830758775,-0.035714285714285615,1.4058064944007556,0.23241185267825304,2.538989369147083,0.04044850630811682,0.09246130803794309,0.02636220472440945,-0.09292460664344009,0.21076054914965697,0.9764083762095261,Engineering & Construction,Industrials,2.85,91697895,41644,ORN
2009,2009-12-31,2010-03-09,20030000.0,293494000.0,31750000.0,0.84,62697000.0,0.2136227657,273157000.0,221666000.0,169969000.0,39209000.0,51491000.0,1472000.0,70037000.0,-92322259.869,9.401449343099673,4.33494860873779,0.0,0.0,0.090893653373766,9.401449343099673,0.09036117401856848,0.04229640173564025,0.6197573704942586,0.05600200360452212,0.0,156.7914402173913,0.0,1.0744516889554359,3.610293555051136,0.073327793173889,0.7036071037238565,0.21362276571241662,0.2727272727272726,14.910939725660159,4.998468306352802,0.0,0.24273057025628827,0.3837651122625216,0.41280647888577404,0.08715492245765032,0.07801827001381222,1.8028924002224218,Engineering & Construction,Industrials,2.85,91697895,41644,ORN
2008,2008-12-31,2009-03-16,14475000.0,261802000.0,22473000.0,0.66,50451000.0,0.192706702,186322000.0,105611000.0,86437000.0,39416000.0,80711000.0,738000.0,50007000.0,215937814.0,4.916049509144482,2.1929419525065965,0.183150674638529,0.32311975078353583,0.10699717348798897,4.916049509144482,0.1370595865960932,0.7926784898511089,14.336774715025907,1.964992415562773,0.0,286.38346883468836,0.0,1.4051051405631112,2.0593921250253704,0.07768808836315626,17.3139340897714,0.19270670201144377,-0.24137931034482754,-0.9933021319736934,0.0,-0.9851163643563464,0.00035690916661709597,-0.16805563538134374,-0.181251821626348,0.9926980777350521,0.1440297364056877,0.8958063589038061,Engineering & Construction,Industrials,2.85,91697895,41644,ORN
TTM,,,,,,,,,,,,,,,,158794895.0,3.9016759148787856,1.1206794281184342,0.2032093019201771,0.557053768407974,-0.08958162659625533,3.9016759148787856,-0.11546916664532955,0.12517373202377946,-5.810553782311201,0.7304553382129232,0.0,246.79290576854174,0.0,2.128392414588581,1.0297083492712888,-0.04585879187767115,-5.569261767385363,0.05974350398940708,,,,,,,,,,,Engineering & Construction,Industrials,2.85,91697895,41644,ORN
