Quarters,Year,Quarter,FillingDate,Date,NetIncome,Revenue,OperatingIncome,EPSDiluted,GrossProfit,GrossProfitRatio,TotalAssets,CommonStockEquity,CurrentAssets,CurrentLiability,TotalLiability,Inventory,RetainedEarnings,MarketCap,EnterpriseValue,bookValuePerShare,currentRatio,debtToAssets,debtToEquity,roic,shareholdersEquityPerShare,roe,priceToSalesRatio,peRatio,pbRatio,payoutRatio,inventoryTurnover,dividendYield,assetTurnover,quickRatio,returnOnAssets,priceToFreeCashFlowsRatio,grossProfitMargin,epsdilutedGrowth,fiveYNetIncomeGrowthPerShare,fiveYRevenueGrowthPerShare,fiveYShareholdersEquityGrowthPerShare,grossProfitGrowth,netIncomeGrowth,operatingIncomeGrowth,threeYNetIncomeGrowthPerShare,threeYRevenueGrowthPerShare,threeYShareholdersEquityGrowthPerShare,Industry,Sector,Symbol
2023Q1,2023,Q1,2023-05-15,2023-03-31,-12595000.0,159174000.0,-11339000.0,-0.39,5840000.0,0.0366894091,344187000.0,125557000.0,202156000.0,180387000.0,218630000.0,2791000.0,-56767000.0,83346909.66,150443909.66,3.9016759148787856,1.1206794281184342,0.2032093019201771,0.557053768407974,-0.05299639328397621,3.9016759148787856,-0.10031300524861218,0.523621380753138,-1.6543650190551806,0.6638173073584109,0.0,54.93873163740595,0.0,0.4624637188505086,1.0297083492712888,-0.036593479707252165,-16.97838860460379,0.03668940907434631,-1.6,-3.68597064495647,0.017284442681112393,-0.5356957653358041,-0.42536652563219524,-1.544958577490402,-1.9981491274457959,-5.262215661985911,-0.11970164539845767,-0.17489415577192016,Engineering & Construction,Industrials,ORN
2022Q4,2022,Q4,2023-03-16,2022-12-31,-4949000.0,196195000.0,-3782000.0,-0.15,10163000.0,0.0518005046,367155000.0,137800000.0,220337000.0,189236000.0,229355000.0,2862000.0,-44172000.0,76304756.36,139081756.36,4.29808069175519,1.1643503350313893,0.18128855660415902,0.48302612481857765,-0.016184432363818422,4.29808069175519,-0.03591436865021771,0.3889230426871225,-3.854554271570014,0.5537355323657475,0.0,65.00069881201956,0.0,0.5343655949122306,1.0871081612378195,-0.01347932072285547,-21.84504905811623,0.05180050460001529,-2.0,-1.4519870775284234,0.053575066659773435,-0.4809570322789771,-0.24337403216200118,-2.0280432073120065,-0.6756756756756757,-29.70045738191777,-0.09452564316250414,-0.07939668100574411,Engineering & Construction,Industrials,ORN
2022Q3,2022,Q3,2022-10-28,2022-09-30,4814000.0,182621000.0,-2257000.0,0.15,13432000.0,0.0735512345,348156000.0,142166000.0,199028000.0,164338000.0,205990000.0,2314000.0,-39223000.0,83459690.16000001,143108690.16000003,4.497000159963211,1.2110893402621428,0.1791897884856214,0.43882503552185476,-0.01006974034194026,4.497000159963211,0.03386182350210318,0.45701036660625016,4.334217395097632,0.5870580178101656,0.0,73.11538461538461,0.0,0.5245378508484703,1.160297679173411,0.01382713496248808,-16.04685448183042,0.07355123452395945,2.5197568389057747,1.8449985955517851,0.15197295362201477,-0.4304278875848872,-0.06273114227897565,2.576293385723641,0.28143903215536453,0.1138659285750352,-0.14455268917445718,-0.031458361068997805,Engineering & Construction,Industrials,ORN
2022Q2,2022,Q2,2022-07-29,2022-06-30,-3054000.0,194575000.0,-3141000.0,-0.0987,14331000.0,0.0736528331,351482000.0,141255000.0,197393000.0,166684000.0,210227000.0,1801000.0,-39470000.0,70564399.44,145115399.44,4.564077673102634,1.184234839576684,0.23511872585224847,0.5850412374783194,-0.009390781501681333,4.564077673102634,-0.021620473611553573,0.36265912599254785,-5.776391571709233,0.49955328618455974,0.0,100.0799555802332,0.0,0.5535845363347198,1.1493604665114827,-0.00868892290359108,-24.655625241090146,0.0736528330977772,0.38312500000000005,-0.2024548341720246,0.27832384369048563,-0.4333144802398359,0.11821161048689138,0.37108731466227346,0.12774229380727575,-0.7582541954029515,0.10208987044867024,0.0003947078890886421,Engineering & Construction,Industrials,ORN
2022Q1,2022,Q1,2022-04-29,2022-03-31,-4856000.0,174931000.0,-3601000.0,-0.16,12816000.0,0.0732631723,340876000.0,143597000.0,186040000.0,153319000.0,197279000.0,1467000.0,-36416000.0,76809019.92,147744019.92000002,4.636441922718391,1.2134177760094966,0.22782771447681854,0.5408260618258042,-0.018283718266353055,4.636441922718391,-0.033816862469271645,0.43908180894181137,-3.954335869028007,0.5348929289609115,0.0,110.50783912747103,0.0,0.5131807460777527,1.1646632185182528,-0.014245649444372734,11.749888315741165,0.07326317233652126,0.44827586206896547,-1.4096119058710954,0.1310419827746188,-0.43058688414880797,0.932157394843962,0.44962031055196644,0.6344162436548223,0.42762170126150184,0.14172344449040575,0.0003299464027530049,Engineering & Construction,Industrials,ORN
2021Q4,2021,Q4,2022-03-07,2021-12-31,-8823000.0,162269000.0,-9850000.0,-0.29,6633000.0,0.0408765692,351750000.0,148098000.0,197934000.0,161737000.0,203652000.0,1428000.0,-31560000.0,116606100.0,190233100.0,4.788166828322018,1.2238016038383301,0.2442643923240938,0.5801563829356237,-0.035763715698167234,4.788166828322018,-0.05957541627841024,0.7185975140045233,-3.3040377422645357,0.7873576955799538,0.0,108.98879551820728,0.0,0.461319118692253,1.1646314696080675,-0.02508315565031983,-12.207506281407035,0.04087656915368924,0.12121212121212131,-0.23510745321641152,-0.0014554356458500333,-0.4186574813279365,0.008361204013377926,0.13457577243746935,-0.03303618248557944,0.914049381820323,0.5043527277500861,-0.0379220278195174,Engineering & Construction,Industrials,ORN
2021Q3,2021,Q3,2021-10-29,2021-09-30,-10195000.0,139907000.0,-9535000.0,-0.33,6578000.0,0.047016947,368355000.0,156674000.0,215056000.0,165824000.0,211681000.0,1311000.0,-22737000.0,168526886.08,231692886.08,5.057392205036107,1.2968930914704748,0.17390560736246286,0.40886809553595366,-0.03984476253039505,5.057392205036107,-0.06507142218874862,1.2045636464222662,-4.132586711132908,1.0756531784469663,0.0,101.70022883295195,0.0,0.37981566695171776,1.2558314839830182,-0.027677104966676167,-12.112037234440134,0.04701694697191706,-4.0,-2.9071093371839667,-0.24381919114203618,-0.399940691273291,-0.46524672790830013,-3.8881019830028327,-2.713079410707869,-0.4751411338871984,0.028741142668759805,-0.3891531174937157,Engineering & Construction,Industrials,ORN
2021Q2,2021,Q2,2021-07-30,2021-06-30,3530000.0,145875000.0,5566000.0,0.11,12301000.0,0.0843256213,383205000.0,167027000.0,230724000.0,169894000.0,216178000.0,2102000.0,-12542000.0,176363724.0,226502724.0,5.445594072395523,1.3580467821111988,0.13713025665113973,0.3146138049536901,0.027187578319345443,5.445594072395523,0.02113430762691062,1.2090058200514138,12.490348725212463,1.0558994893041245,0.0,63.54614652711703,0.0,0.3806709202646103,1.3046311229354774,0.009211779595777717,-187.62098297872342,0.08432562125107113,2.666666666666667,4.91197904207288,-0.06899229030711422,-0.3379626713837657,-0.2040763506955678,2.8038793103448274,1.708515815085158,0.44866652185136774,-0.15729229922656213,-0.35800644504209805,Engineering & Construction,Industrials,ORN
2021Q1,2021,Q1,2021-04-30,2021-03-31,928000.0,153309000.0,2055000.0,0.03,15455000.0,0.1008094763,394855000.0,161085000.0,223541000.0,162862000.0,233770000.0,1680000.0,-16072000.0,184925433.25,255434433.25,5.287460641923357,1.3725792388648057,0.1903255625482772,0.4665300928081448,0.006241457695351041,5.287460641923357,0.005760933668560077,1.206226857196903,49.81827404364225,1.1479990889902847,0.0,82.05595238095238,0.0,0.3882665788707247,1.3177229801918189,0.0023502298312038598,24.656724433333334,0.10080947628645416,-0.75,1.6880635893407274,0.059334501323990374,-0.36206381148979533,-0.28778801843317975,-0.7468630660120021,-0.5932304038004751,-0.7909583377500168,0.034950806791649865,-0.3707856776870325,Engineering & Construction,Industrials,ORN
2020Q4,2020,Q4,2021-03-02,2020-12-31,3666000.0,170176000.0,5052000.0,0.12,21700000.0,0.1275150432,414189000.0,159494000.0,235402000.0,180613000.0,254695000.0,1548000.0,-17000000.0,150915211.84,232384211.84,5.241951625384936,1.3033502571797158,0.20053164135213633,0.5207594016075839,0.015942414712709074,5.241951625384936,0.02298519066547958,0.8868184223392253,10.291544724495363,0.9462124709393457,0.0,95.91472868217055,0.0,0.4108655710315822,1.2547546411387884,0.008851031775348935,62.724526949293434,0.12751504324934185,-0.6923076923076923,1.2863237190674837,-0.05728644241380832,-0.37185665174386345,-0.03559841784809564,-0.6894009997458274,-0.6139090561711884,-0.6472034439814366,-0.0370601226779054,-0.3669736974671,Engineering & Construction,Industrials,ORN
2020Q3,2020,Q3,2020-10-30,2020-09-30,11803000.0,189433000.0,13085000.0,0.39,22501000.0,0.1187807827,382520000.0,155524000.0,206192000.0,149434000.0,226996000.0,1936000.0,-20666000.0,83523852.5,167429852.5,5.120585164579184,1.379819853580845,0.2264927324061487,0.5570715773771251,0.0442710387546615,5.120585164579184,0.07589182376996477,0.4409150068889792,1.769123369058714,0.537047995807721,0.0,86.22520661157024,0.0,0.49522377914880267,1.162600211464593,0.03085590295932239,93.42712807606264,0.11878078265138597,4.571428571428571,2.43144495289361,0.23971223674586606,-0.38091563158009095,0.08469919012726572,4.820019723865878,2.203966699314398,3.1564397348142594,0.24377613795002928,-0.35144709689876596,Engineering & Construction,Industrials,ORN
2020Q2,2020,Q2,2020-07-31,2020-06-30,2028000.0,183713000.0,4084000.0,0.07,20744000.0,0.1129152537,371421000.0,143433000.0,191427000.0,137462000.0,227988000.0,1963000.0,-32469000.0,94297930.32000001,184315930.32,4.776134730334344,1.3925812224469307,0.2702082003979312,0.6997064831663564,0.009427560113269062,4.776134730334344,0.014139005668151681,0.5132893715741401,11.62449831360947,0.6574353901821758,0.0,83.02037697401936,0.0,0.4946220057562712,1.3393519663616127,0.005460111302268854,6.14799389229365,0.11291525368373495,-0.22222222222222213,2.0011437934597445,0.9436005616225974,-0.43897183652383676,0.04990383642069035,-0.25523319867792876,-0.06437571592210767,1.8228979502669167,0.24386151102590994,-0.4069850283104011,Engineering & Construction,Industrials,ORN
2020Q1,2020,Q1,2020-05-01,2020-03-31,2723000.0,166620000.0,4365000.0,0.09,19758000.0,0.1185812027,384820000.0,140222000.0,198892000.0,134057000.0,244598000.0,1229000.0,-34497000.0,77098863.4,184539863.4,4.728697466115953,1.483637557158522,0.3119172600176706,0.8560140348875355,0.012359645142156933,4.728697466115953,0.019419206686539917,0.4627227427679751,7.078485438854204,0.549834287059092,0.0,119.49715215622457,0.0,0.4329816537601996,1.431167339266133,0.007076035549087885,6.070776645669292,0.1185812027367663,8.0,10.825078759961682,0.9042216002463386,-0.4498611944046393,0.03504636177903504,16.12578616352201,0.616068122917438,2.411243578114901,0.12518774142259195,-0.4192567483903617,Engineering & Construction,Industrials,ORN
2019Q4,2019,Q4,2020-02-28,2019-12-31,159000.0,199793000.0,2701000.0,0.01,19089000.0,0.0955438879,394844000.0,138021000.0,211965000.0,149752000.0,256823000.0,1114000.0,-37220000.0,153430075.65,268115075.65,4.668765148979446,1.415440194454832,0.2907806627427541,0.8318516747451474,0.0013108582851329442,4.668765148979446,0.0011519986089073401,0.7679452015335873,241.24225731132077,1.1116429793292326,0.0,162.21184919210054,0.0,0.5060049032022773,1.3459987178802286,0.0004026906829026147,-51.434822544418374,0.09554388792400134,-0.9285714285714285,-0.9720171302699108,0.732996949574134,-0.4571666520841173,-0.08634470875412818,-0.9606338202525377,-0.5566316480630334,1.0232874730996848,0.2863197532654614,-0.43315431811150573,Engineering & Construction,Industrials,ORN
2019Q3,2019,Q3,2019-11-01,2019-09-30,4039000.0,199507000.0,6092000.0,0.14,20893000.0,0.1047231425,377107000.0,137176000.0,190188000.0,134510000.0,239931000.0,1124000.0,-37379000.0,132949296.0,244989296.0,4.643063322426318,1.4139320496617351,0.30068389077900964,0.8266023211057327,0.018478655908883843,4.643063322426318,0.029443926051204293,0.6663891292034866,8.229097301312205,0.9691877296320056,0.0,158.90925266903915,0.0,0.5290461327952014,1.3569251356776448,0.010710488004730753,-23.1942247034194,0.10472314254637682,3.4955436720142603,0.26778644520234696,0.7339201291573525,-0.4485873740197262,0.39500567536889897,3.4733619105939986,37.47904191616767,-0.2077559541953035,0.13068365347494543,-0.44910079055069413,Engineering & Construction,Industrials,ORN
2019Q2,2019,Q2,2019-08-02,2019-06-30,-1633000.0,165985000.0,-167000.0,-0.0561,14977000.0,0.090231045,362789000.0,132749000.0,171434000.0,126846000.0,230040000.0,907000.0,-41418000.0,75943415.34,183897415.34,4.562276906415465,1.3515128581114106,0.30517187676583357,0.8340025160264861,-0.0005637284616921445,4.562276906415465,-0.012301410933415694,0.4575317970900985,-11.626364871402325,0.5720827677797949,0.0,166.4917309812569,0.0,0.4575248973921481,1.2885388581429449,-0.004501239012208198,-22.27079628739003,0.09023104497394342,0.7922222222222223,-0.3233246440266251,0.7333120269072074,-0.4502144070999455,0.4656032879929543,0.793917213528521,0.9745077087467562,-0.9076548349886014,0.11669108743971894,-0.44535020874184333,Engineering & Construction,Industrials,ORN
2019Q1,2019,Q1,2019-05-09,2019-03-31,-7924000.0,143105000.0,-6551000.0,-0.27,10219000.0,0.0714091052,340791000.0,134076000.0,146049000.0,104682000.0,206715000.0,910000.0,-39785000.0,85914395.82000001,193172395.82,4.6349126499624616,1.3951682237633978,0.32243515820546903,0.8195575643664788,-0.02580505207129912,4.6349126499624616,-0.059100808496673526,0.6003591476188813,-2.7105753350580515,0.6407887751722904,0.0,146.02857142857144,0.0,0.419920126998659,1.3108461817695496,-0.023251787752610838,-14.83841033160622,0.0714091052024737,0.9186746987951807,-34.73819323677577,0.6680002053232341,-0.44339447855786635,1.4894391493845491,0.916073546856465,0.9374868790197912,-5.187618511351947,0.0414027901597276,-0.44079422803623314,Engineering & Construction,Industrials,ORN
2018Q4,2018,Q4,2019-03-27,2018-12-31,-94416000.0,99212000.0,-104794000.0,-3.32,-20879000.0,-0.2104483329,312870000.0,141585000.0,137056000.0,86306000.0,171285000.0,1056000.0,-31861000.0,122043747.54,195469747.54000002,4.976901006755171,1.588024007600862,0.26244126953686836,0.5799343150757496,-0.40886465680703277,4.976901006755171,-0.6668503019387647,1.2301309069467403,-0.3231543052554652,0.8619821841296749,0.0,113.72253787878788,0.0,0.31710295010707323,1.4685305772483952,-0.3017738997027519,4.9815807804400185,-0.21044833286296014,-14.09090909090909,-43.5814305478838,-0.10311858764336333,-0.40213083654789783,-4.516167059616032,-13.854625550660794,-11.426657180125696,-63.97728835563433,-0.4121875981512176,-0.4036176817841273,Engineering & Construction,Industrials,ORN
2018Q3,2018,Q3,2018-11-02,2018-09-30,-6356000.0,125073000.0,-8433000.0,-0.22,5938000.0,0.0474762739,424748000.0,235882000.0,183908000.0,115954000.0,188866000.0,3757000.0,62555000.0,205131816.0,300267816.0,8.27931245926278,1.5860427410869828,0.23008937063859042,0.41431732815560324,-0.016976525331632544,8.27931245926278,-0.02694567622794448,1.640096711520472,-8.068432032724985,0.8696374288839335,0.0,31.710141070002663,0.0,0.2944640116021735,1.4815961501974921,-0.014964166988426078,-15.926383229813664,0.047476273856068056,-3.75,-5.257144227161627,0.3476087857130547,0.0018504240752633357,-0.7140931195531802,-3.8261449533125833,-2.836854715748203,0.17824296903466233,-0.12741827432878097,0.000977966395176485,Engineering & Construction,Industrials,ORN
2018Q2,2018,Q2,2018-08-03,2018-06-30,2249000.0,159767000.0,4591000.0,0.08,20769000.0,0.129995556,432269000.0,240126000.0,187237000.0,115061000.0,192143000.0,3878000.0,68911000.0,233832373.04,316384373.03999996,8.482318911679124,1.627284657703305,0.20550398016050192,0.3699432797781165,0.008005276997333438,8.482318911679124,0.009365916227313994,1.4635836752270492,25.992927194308578,0.9737903144182638,0.0,35.84270242392986,0.0,0.3696008735301398,1.5186727040439418,0.005202778825222258,-17.10176062605134,0.12999555602846646,-0.4285714285714286,8.419503509723713,0.8304404521481459,0.023675905811185442,0.31266590822904816,-0.4515971714216045,-0.35054463148960247,2.1777846423044593,0.7930901714246418,-0.0036253016871375296,Engineering & Construction,Industrials,ORN
2018Q1,2018,Q1,2018-05-04,2018-03-31,4101000.0,136843000.0,7069000.0,0.14,15822000.0,0.1156215517,422433000.0,236500000.0,179316000.0,108079000.0,185933000.0,3719000.0,66662000.0,185467582.69,254169582.69,8.403274455811585,1.659119717984067,0.18441504333231543,0.329399577167019,0.016494883846562322,8.403274455811585,0.017340380549682875,1.355331165569302,11.306241324676908,0.7842181086257928,0.0,32.54127453616564,0.0,0.3239401277835775,1.522747249696981,0.009708048376902373,29.57543975283049,0.11562155170523886,-0.5882352941176471,4.616969683504571,0.7639307835946689,0.017508807066206493,-0.4298583834816763,-0.5700356468861396,-0.3478782287822878,16.590864572398356,0.647801805634249,-0.02235924261667924,Engineering & Construction,Industrials,ORN
2017Q4,2017,Q4,2018-03-13,2017-12-31,9538000.0,162214000.0,10840000.0,0.34,27751000.0,0.1710764792,433285000.0,231266000.0,191789000.0,121992000.0,202019000.0,4386000.0,62847000.0,218676592.35,295531592.35,8.280780126213632,1.572144075021313,0.19834750799127596,0.3716110452898394,0.03502521335932889,8.280780126213632,0.04124255186668166,1.3480747182733919,5.731720285961417,0.9455630847163008,0.0,30.65731874145007,0.0,0.37438175796531153,1.4720063610728573,0.022013224551969256,-179.68495673788001,0.17107647921880972,2.8888888888888893,5.258097095305426,0.6034871210262075,0.0013318905185579094,1.5798084967927861,2.893587452848918,2.8862014964329217,0.7768675257351304,0.48939012318493985,-0.037200746700561685,Engineering & Construction,Industrials,ORN
2017Q3,2017,Q3,2017-11-09,2017-09-30,-5037000.0,140162000.0,-5747000.0,-0.18,10757000.0,0.0767469072,426706000.0,220683000.0,183613000.0,123645000.0,206023000.0,5430000.0,53309000.0,183357438.23999998,260257438.23999998,7.895400884174133,1.4850014153423106,0.18644921796271907,0.360512590457806,-0.014383761860812454,7.895400884174133,-0.022824594554179525,1.308182233701003,-9.10052800476474,0.8308634477508462,0.0,23.831491712707184,0.0,0.32847440626567237,1.3910873872780944,-0.011804380533669553,22.390699504212964,0.07674690715029751,-1.1924482338611446,-2.068115746708504,0.8052098376940227,-0.038433273636678145,-0.30135740728713384,-1.19668556476232,-1.7108490566037735,-2.6711792581122853,0.28759734072769544,-0.06233806597443343,Engineering & Construction,Industrials,ORN
2017Q2,2017,Q2,2017-08-03,2017-06-30,-2293000.0,137420000.0,-2120000.0,-0.0821,15397000.0,0.1120433707,426472000.0,225043000.0,178920000.0,108275000.0,201429000.0,5467000.0,58346000.0,208725350.57999998,293637350.58,8.053986759771574,1.6524590163934427,0.20126057513740644,0.3814026652684154,-0.003992092041752163,8.053986759771574,-0.010189163848686695,1.518886265318003,-22.756797926297427,0.9274909709699923,0.0,22.319919517102615,0.0,0.32222514022022547,1.525606095589933,-0.005376671856534544,27.863482923508208,0.11204337068840052,-0.261136712749616,0.5893587748275096,0.9869097326342268,-0.022301097385870088,0.18575279168271083,-0.2682522123893805,-0.06854838709677419,-0.9349925179036409,0.49435187070156034,-0.029439471395608062,Engineering & Construction,Industrials,ORN
2017Q1,2017,Q1,2017-05-05,2017-03-31,-1808000.0,138757000.0,-1984000.0,-0.0651,12985000.0,0.0935808644,431438000.0,226248000.0,181163000.0,105574000.0,205190000.0,5527000.0,60639000.0,207562069.89,298546069.89,8.142492319987337,1.7159812074942695,0.21447809418734556,0.4089936706622821,-0.003980342964277608,8.142492319987337,-0.007991230861709275,1.4958673788709758,-28.700507451603983,0.917409523575899,0.0,22.7559254568482,0.0,0.32161515675485236,1.5350465076628717,-0.004190636893365907,23.214637052902358,0.09358086438882363,0.7169565217391304,0.7214894132470184,1.661220752114843,-0.031849962865486435,0.11392296474221497,0.714961374743812,0.6439978467611699,-7.489236874623791,0.6837526536022784,-0.022170097716549986,Engineering & Construction,Industrials,ORN
2016Q4,2016,Q4,2017-03-24,2016-12-31,-6343000.0,144295000.0,-5573000.0,-0.23,11657000.0,0.08078589,447676000.0,226204000.0,195108000.0,117520000.0,221472000.0,5392000.0,61764000.0,273266362.2,374226362.2,8.236395368533215,1.660211027910143,0.22620153861274672,0.4476711287156726,-0.016030255660571813,8.236395368533215,-0.02804106028186946,1.8938034041373575,-10.770391068894844,1.2080527408887554,0.0,24.599035608308604,0.0,0.32232016011579806,1.4704646017699115,-0.01416872917020345,37.244972359274904,0.08078589001697911,-2.3529411764705883,-0.20036516582395794,1.5760056776290765,-0.04394414533833684,-0.5176679907315458,-2.3384680312302173,-1.5847235337320322,-3.9632241867172313,0.35119257298218226,-0.010571678608442539,Engineering & Construction,Industrials,ORN
2016Q3,2016,Q3,2016-11-08,2016-09-30,4739000.0,164017000.0,9531000.0,0.17,24168000.0,0.1473505795,468207000.0,231461000.0,203759000.0,127719000.0,236746000.0,5518000.0,68107000.0,188120419.75,296466419.75,8.428153903265995,1.595369522154104,0.2381254445149261,0.4816880597595275,0.016539175526596134,8.428153903265995,0.0204742915653177,1.1469568383155404,9.92405674984174,0.8127521256280755,0.0,25.344146429865894,0.0,0.3503087309672858,1.4277358889436966,0.010121591518281443,-361.07566170825334,0.14735057951309924,6.782312925170069,1.7467877818689672,1.9443719735196137,-0.046907443599694995,0.4261772689720288,6.86509900990099,32.91814946619217,5.839875014077687,0.8333453928547254,0.019861202691036698,Engineering & Construction,Industrials,ORN
2016Q2,2016,Q2,2016-08-05,2016-06-30,-808000.0,140301000.0,281000.0,-0.0294,16946000.0,0.1207831733,443334000.0,225911000.0,175825000.0,107444000.0,217423000.0,5395000.0,63368000.0,145837466.73,254046466.73,8.225509101998373,1.6364338632217714,0.2474906052772853,0.48568241475625357,0.0005163961838247415,8.225509101998373,-0.0035766297347185395,1.0394613490281608,-45.12297856745049,0.6455527474536432,0.0,22.86468952734013,0.0,0.3164679451609847,1.4294795428316147,-0.0018225536502952627,17.77205297708993,0.12078317332021868,0.3363431151241535,0.7536442086759075,0.9403859093352178,-0.09020546444855942,0.1519271293589831,0.33112582781456956,1.3456334563345633,-4.488188264875674,0.6568351140091994,-0.0073167999905468725,Engineering & Construction,Industrials,ORN
2016Q1,2016,Q1,2016-05-06,2016-03-31,-1208000.0,129623000.0,-813000.0,-0.0443,14711000.0,0.1134906614,452279000.0,226165000.0,185685000.0,112107000.0,226114000.0,4634000.0,64176000.0,141346561.57999998,256579561.57999998,8.288384852835131,1.6563194091359148,0.2582742068501965,0.5164901731037075,-0.0014624458523847985,8.288384852835131,-0.005341233170472885,1.090443529157634,-29.252185757450327,0.6249709795061127,0.0,24.797583081571,0.0,0.2865996431406278,1.4566351788915946,-0.0026709177299852524,-13.349694142425385,0.11349066137953913,-1.8406072106261862,-1.776812007621056,0.622666813661722,-0.10120355929395014,-0.15565631636342767,-1.8400556328233657,-1.39892051030422,-0.09887714836364311,0.7233287364135305,0.003597422464453431,Engineering & Construction,Industrials,ORN
2015Q4,2015,Q4,2016-03-15,2015-12-31,1438000.0,161891000.0,2038000.0,0.0527,17423000.0,0.1076217949,465500000.0,227714000.0,193117000.0,118295000.0,237786000.0,4867000.0,65384000.0,113786710.77,223088710.76999998,8.345151850987106,1.6325034870450992,0.23769495166487647,0.4859033700167754,0.004646616795610011,8.345151850987106,0.006314938914603406,0.702860015504259,19.78211244262865,0.4996913267080636,0.0,29.68317238545305,0.0,0.34777873254564984,1.4271693647237838,0.0030891514500537057,5.530338312029161,0.107621794911391,1.1951851851851851,-0.5265247540791649,0.7648392978931902,-0.09063919198056308,1.1047354433438028,1.1944294213088156,1.3277581215825025,-0.03432961656277038,0.637890618187447,0.009115874621615668,Engineering & Construction,Industrials,ORN
2015Q3,2015,Q3,2015-11-09,2015-09-30,-7396000.0,137061000.0,-6218000.0,-0.27,8278000.0,0.0603964658,504399000.0,225334000.0,228849000.0,131445000.0,279065000.0,7715000.0,63946000.0,162913905.44,293067905.44,8.271223480651708,1.7410247632089466,0.29209812073378416,0.653847177966929,-0.013613121136477812,8.271223480651708,-0.032822388099443496,1.1886233533973924,-5.506824818820985,0.7229885655959598,0.0,16.69254698639015,0.0,0.27173130795263273,1.542432195975503,-0.014662994970251725,-29.68547839650146,0.060396465807195335,-3.0,-2.0288441992377186,0.353001829306282,-0.0844569363496079,0.3739419087136929,-3.008672086720867,-1.2488245931283906,-3.6220475987128506,0.8111274968214577,0.0073374869731683764,Engineering & Construction,Industrials,ORN
2015Q2,2015,Q2,2015-08-07,2015-06-30,-1845000.0,86091000.0,-2765000.0,-0.0675,6025000.0,0.0699840866,342136000.0,232857000.0,144682000.0,85673000.0,109279000.0,7108000.0,71342000.0,197485216.06,209221216.06,8.513181763890666,1.68877009092713,0.09490670376692309,0.13944609781969192,-0.006495561689274753,8.513181763890666,-0.007923317744366715,2.293912442183271,-26.759514371273713,0.8480965401941964,0.0,11.264209341586945,0.0,0.25162800757593473,1.5018617300666488,-0.005392592419388781,-18.829635398550725,0.06998408660603316,-6.258064516129033,-1.2587786383523172,-0.028600021595893355,-0.02770286440478665,-0.28748817407757804,-6.151162790697675,-11.34375,0.6624702418403147,0.27157842568394613,0.033442035177444464,Engineering & Construction,Industrials,ORN
2015Q1,2015,Q1,2015-05-06,2015-03-31,-258000.0,81455000.0,-224000.0,-0.0093,8456000.0,0.1038119207,339948000.0,237275000.0,138526000.0,77801000.0,102673000.0,6723000.0,73186000.0,244577473.66,242833473.66,8.595462486960091,1.7805169599362476,0.0970442538270559,0.13903698240438309,-0.0005103450352604072,8.595462486960091,-0.0010873459066484037,3.002608479037505,-236.99367602713176,1.0307764141186386,0.0,10.85809906291834,0.0,0.2396101756739266,1.5981414120641122,-0.0007589396025274454,-1101.700331801802,0.10381192069240686,-1.0489473684210526,-1.052513583866789,0.04910627863624106,0.014701270429095142,-0.5345918872805328,-1.0487712665406428,-1.030143991387431,0.9599956105600022,0.5724918607748521,0.02200861835773552,Engineering & Construction,Industrials,ORN
2014Q4,2014,Q4,2015-02-27,2014-12-31,5290000.0,107333000.0,7431000.0,0.19,18169000.0,0.1692769232,352300000.0,236717000.0,151134000.0,90626000.0,115583000.0,6487000.0,73444000.0,304127868.20000005,302241868.20000005,8.600733847513945,1.6676671153973472,0.1050439965938121,0.15633435705927332,0.01925348931844647,8.600733847513945,0.022347359927677352,2.833498254963525,14.372772599243858,1.284774089735845,0.0,13.745028518575612,0.0,0.30466363894408177,1.5072385408161013,0.015015611694578485,-28.214850004638652,0.16927692322025845,0.7272727272727273,0.28885546163893366,0.47061614243850663,0.04229307650518955,0.40779482411281576,0.7859554355165429,0.47235981771349317,1.9989494207903433,0.9120443278752084,-0.0016528370265935252,Engineering & Construction,Industrials,ORN
2014Q3,2014,Q3,2014-10-31,2014-09-30,2962000.0,106976000.0,5047000.0,0.11,12906000.0,0.1206438827,346485000.0,231291000.0,140729000.0,96681000.0,115194000.0,4019000.0,68154000.0,274133035.2,261671035.2,8.420306506714663,1.4556014108252915,0.09638512489718169,0.1443895352607754,0.011674005222854398,8.420306506714663,0.012806378112421149,2.5625657642835775,23.137494530722485,1.185230014138034,0.0,23.40631998009455,0.0,0.3087464103785157,1.3815123964377696,0.008548710622393466,33.39013827040195,0.12064388274005385,3.5943396226415096,-0.5156428077258375,0.15889230434201662,-0.05954490576306668,1.197514047335263,3.5468615649183146,3.821129122414757,1.466670215559022,0.9200153480116112,-0.04779486157117956,Engineering & Construction,Industrials,ORN
2014Q2,2014,Q2,2014-08-01,2014-06-30,-1163000.0,90251000.0,-1789000.0,-0.0424,5873000.0,0.0650740712,321006000.0,227561000.0,116356000.0,74907000.0,93445000.0,4082000.0,65194000.0,296987386.14,293292386.14,8.29828384980041,1.5533394742814424,0.09555896151473804,0.13479902092186272,-0.004242758425309689,8.29828384980041,-0.005110717565839489,3.2906824981440645,-63.8407966766982,1.305089123971155,0.0,20.670749632533074,0.0,0.2811505080901915,1.449704299998665,-0.0036229852401512743,-25.580308883720928,0.06507407120142714,-4.5064935064935066,-1.1461499707465457,0.007628768186611069,0.49769414515879806,-0.2319863998953838,-4.538095238095238,-4.827361563517916,0.6448627941992802,0.2500990113214349,-0.08215610640209624,Engineering & Construction,Industrials,ORN
2014Q1,2014,Q1,2014-05-02,2014-03-31,-210000.0,81258000.0,-307000.0,-0.0077,7647000.0,0.0941076571,312921000.0,228145000.0,112638000.0,66345000.0,84776000.0,3406000.0,66357000.0,344391313.89,329454313.89,8.327105052701711,1.6977617002034817,0.09802793676359209,0.13445396567972123,-0.0007241047473057507,8.327105052701711,-0.000920467246707138,4.238245020674888,-409.98965939285716,1.5095282118389621,0.0,21.612155020551967,0.0,0.25967576480964843,1.5861481648956213,-0.0006710958996040534,-19.492376833257868,0.09410765709222477,-1.09625,-1.0380694433141666,-0.08679760454029564,0.628046271913533,-0.39938737040527805,-1.0984528832630098,-1.074641380987114,-1.1344952254959089,0.013099244145143208,-0.09700472219342572,Engineering & Construction,Industrials,ORN
2013Q4,2013,Q4,2014-03-27,2013-12-31,2133000.0,106413000.0,4113000.0,0.08,12732000.0,0.1196470356,306208000.0,227812000.0,125278000.0,59805000.0,78396000.0,3520000.0,66567000.0,329222399.49,296927399.49,8.324398231242599,2.0947746843909374,0.027967917232730694,0.03759240075149685,0.011160015650325185,8.324398231242599,0.009362983512721015,3.093817479913169,38.58677912447257,1.4451495070057765,0.0,26.613920454545454,0.0,0.34751868011286446,1.9326979349552713,0.00696585327620441,33.30525032776935,0.11964703560655184,3.240896358543417,-0.6923758841829076,0.058201837646652835,0.6998384772748402,1.2691142398859383,3.1899383983572895,2.7405840033855267,-0.29973731018547917,0.15666844276086356,-0.09290068808718707,Engineering & Construction,Industrials,ORN
2013Q3,2013,Q3,2013-11-04,2013-09-30,-974000.0,88992000.0,-2363000.0,-0.0357,5611000.0,0.0630506113,305060000.0,225758000.0,120873000.0,62020000.0,79275000.0,5458000.0,65137000.0,284382253.8,262570253.8,8.264020516740134,1.9489358271525314,0.030626761948469153,0.04138502290062811,-0.003957022382547315,8.264020516740134,-0.00431435430859593,3.195593466828479,-72.99339163244353,1.2596774147538516,0.0,15.276841333821913,0.0,0.2917196617058939,1.8249435665914222,-0.0031928145282895167,-29.119624595535534,0.06305061129090256,-4.57,-1.203537444951205,0.11289966607397706,0.7791151982999232,-0.28348869876133315,-5.234782608695652,-8.338509316770187,-1.1351191412244332,-0.12392625844472868,-0.08525423358893314,Engineering & Construction,Industrials,ORN
2013Q2,2013,Q2,2013-08-02,2013-06-30,230000.0,84081000.0,322000.0,0.01,7831000.0,0.0931363804,296350000.0,225966000.0,111533000.0,51698000.0,70326000.0,5223000.0,66079000.0,335698217.77000004,304457217.77000004,8.28613710992595,2.157394870207745,0.03152691074742703,0.04134692829894763,0.001526861320758304,8.28613710992595,0.0010178522432578352,3.992557388351709,364.8893671413043,1.485613843542834,0.0,14.59888952709171,0.0,0.2837219503964906,2.001160586483036,0.0007761093301839042,-63.136772196727485,0.09313638039509521,1.2481389578163773,-0.9245522213515541,-0.012629054111376381,0.856998727164689,0.3432246998284734,1.2096627164995442,1.2073406310367032,-0.9676431453427253,-0.04842151420201428,-0.0536338115905321,Engineering & Construction,Industrials,ORN
2013Q1,2013,Q1,2013-05-03,2013-03-31,-1097000.0,75059000.0,-1553000.0,-0.0403,5830000.0,0.0776722312,302982000.0,224882000.0,117020000.0,51137000.0,78057000.0,5077000.0,65849000.0,264945876.16000003,228792876.16000003,8.258674910186608,2.2883626337094474,0.03212072004277482,0.04327602920642826,-0.004180462585075678,8.258674910186608,-0.004878113855266318,3.529834878695427,-60.37964360984504,1.1781551042769096,0.0,13.635808548355328,0.0,0.24773418882969944,2.1238829027905433,-0.0036206771359354683,48.427321542679586,0.07767223117813986,-1.7380952380952381,-1.3038998636068129,0.12525284217729477,0.9027078914610875,-0.534419421817601,-1.7382234185733514,-1.2613598115112756,-1.2263585946026232,-0.019961986991284666,-0.02505677429918228,Engineering & Construction,Industrials,ORN
2012Q4,2012,Q4,2013-03-06,2012-12-31,1486000.0,98634000.0,5942000.0,0.0546,12522000.0,0.1269541943,317315000.0,225184000.0,128650000.0,72875000.0,92081000.0,4354000.0,66939000.0,199049779.51999998,168586779.51999998,8.269765703682202,1.7653516295025728,0.03977435671178482,0.056047498934204916,0.009804719420626239,8.269765703682202,0.006599047889725735,2.018064557049293,33.487513378196496,0.8839428179621998,0.0,19.77767570050528,0.0,0.3108393867292753,1.6297770154373927,0.004683043663236847,-472.80232665083133,0.12695419429405683,1.93015332197615,-0.8324957053846499,0.11385507805863407,0.7103527702504154,1.5591661557326792,1.932245922208281,3.597027972027972,-0.6340540294795775,0.3659736513146898,0.002184196149670504,Engineering & Construction,Industrials,ORN
2012Q3,2012,Q3,2012-11-01,2012-09-30,-1594000.0,75386000.0,-2288000.0,-0.0587,4893000.0,0.0649059507,297732000.0,222832000.0,111704000.0,57108000.0,74900000.0,3558000.0,65453000.0,4993449.04,-34708550.96,8.21097555448368,1.9560131680325,0.03530356159230449,0.04717006534070511,-0.006304824952359448,8.21097555448368,-0.007153371149565592,0.06623841349852758,-0.7831632747804266,0.022409030300854456,0.0,19.812535132096684,0.0,0.2532008652076364,1.4768158576731807,-0.005353808122741257,0.243357329304547,0.06490595070702783,0.7065,-1.2898102117675863,0.03666557847224324,0.8131618265823407,23.548387096774192,0.7059040590405904,0.7026640675763483,-1.263825670238962,-0.17339989063726086,-0.0829248575795603,Engineering & Construction,Industrials,ORN
2012Q2,2012,Q2,2012-08-03,2012-06-30,-5420000.0,67132000.0,-7695000.0,-0.2,-217000.0,-0.0032324376,295415000.0,223418000.0,107659000.0,52901000.0,71997000.0,3791000.0,67048000.0,4719126.557999999,-14213873.442000002,8.237696430094342,2.0351033061756865,0.04400589001912564,0.058186896310950774,-0.022282644251739904,8.237696430094342,-0.02425945984656563,0.0702962306798546,-0.21767188920664204,0.02112240982373846,0.0,17.765497230282246,0.0,0.22724641605876478,1.5447723105423339,-0.01834707106951238,0.2953515182125422,-0.003232437585652148,0.13043478260869565,-1.493020617112018,-0.07626374955887184,0.9452209231327913,0.9232673267326733,0.14457070707070707,0.2242161508216554,-1.688676836495438,-0.2421638940204601,0.48675918253200895,Engineering & Construction,Industrials,ORN
2012Q1,2012,Q1,2012-05-04,2012-03-31,-6336000.0,50890000.0,-9919000.0,-0.23,-2828000.0,-0.0555708391,294612000.0,228087000.0,103667000.0,44381000.0,66525000.0,3320000.0,72469000.0,4903252.608,2156252.607999999,8.410362038602111,2.33584191433271,0.044125833299390384,0.05699579546401154,-0.026344712744758966,8.410362038602111,-0.02777887385076747,0.09635002177245039,-0.19346798484848482,0.021497290981073013,0.0,16.180120481927712,0.0,0.17273566589276743,1.4799125752010995,-0.021506252291149035,-0.13513166895411327,-0.05557083906464924,-0.21052631578947373,-1.5763781348522508,-0.2997108681255178,0.0,-9.366863905325443,-0.21425833652740514,-0.31586627752719554,-2.1603886435586763,-0.4222174333304311,0.6443239848339346,Engineering & Construction,Industrials,ORN
2011Q4,2011,Q4,2012-03-06,2011-12-31,-5218000.0,55313000.0,-7538000.0,-0.19,338000.0,0.0061106792,283087000.0,233636000.0,103195000.0,27355000.0,49451000.0,3361000.0,78805000.0,4510016.088,-34468983.912,8.614972993861302,3.7724364832754524,0.0,0.0,-0.022564380037484563,8.614972993861302,-0.022333886900991286,0.08153627696924774,-0.21607972824837102,0.019303600849184203,0.0,16.35673906575424,0.0,0.19539222924401334,2.963626393712301,-0.018432496017125478,1.200430153846154,0.006110679225498527,0.1739130434782609,-1.4924112608093492,-0.29345915948972784,1.5684170016124341,1.13903743315508,0.16082341588935348,0.16817479585080555,-1.7594015940815777,-0.44494126074277285,0.7591737166883618,Engineering & Construction,Industrials,ORN
2011Q3,2011,Q3,2011-11-03,2011-09-30,-6218000.0,54583000.0,-9062000.0,-0.23,-2431000.0,-0.0445376766,282880000.0,237960000.0,99517000.0,22753000.0,44920000.0,3400000.0,84023000.0,3883049.3637,-31304950.6363,8.842954282528376,4.37379686195227,0.0,0.0,-0.02599847016135468,8.842954282528376,-0.02613044209110775,0.07114027011523735,-0.15612131568430365,0.016318075994704993,0.0,16.768823529411765,0.0,0.19295460972850678,3.1170395112732385,-0.021981052036199097,0.38652691257216804,-0.04453767656596376,-0.9166666666666669,-1.591362635117517,-0.29735292691012494,0.0,-2.314764737696052,-0.9334577114427861,-0.7237968423054975,-2.3191107543071676,-0.3070408583371551,0.9037506417183485,Engineering & Construction,Industrials,ORN
2011Q2,2011,Q2,2011-08-05,2011-06-30,-3216000.0,70899000.0,-5257000.0,-0.12,1849000.0,0.0260793523,293668000.0,243479000.0,108682000.0,29637000.0,50189000.0,4102000.0,90241000.0,6336712.0609,-18366287.9391,9.041062328444042,3.667105307554746,0.0,0.0,-0.013003230188829703,9.041062328444042,-0.013208531331244174,0.08937660701702421,-0.4925926664256841,0.026025702672099034,0.0,16.833252072159922,0.0,0.24142569159731397,2.282147315855181,-0.010951142106051732,1.7029594358774522,0.02607935231808629,-3.0,-1.3056213833568755,-0.08802174374502032,0.0,-0.8225868355402034,-3.0896686159844053,-3.0828050713153723,-2.068276311581514,-0.1569146911290359,1.0261843381791742,Engineering & Construction,Industrials,ORN
2011Q1,2011,Q1,2011-05-06,2011-03-31,1539000.0,79057000.0,2524000.0,0.06,10422000.0,0.1318289336,301180000.0,249030000.0,114946000.0,33497000.0,52150000.0,3638000.0,93458000.0,7250824.510500001,-16495175.4895,9.221648503997399,3.431531181896886,0.0,0.0,0.006371840387763345,9.221648503997399,0.006179978315865559,0.09171641360663826,1.1778467365984406,0.0291162691663655,0.0,18.866135239142388,0.0,0.262490869247626,2.323700629907156,0.0051099010558470015,28.103970970930234,0.13182893355427097,-0.4545454545454546,-0.8541503944414489,0.014106686328825216,0.0,-0.1036380837705341,-0.48597194388777554,-0.4630929589449053,-0.5701036901694481,0.19505775451163748,1.1245664191472238,Engineering & Construction,Industrials,ORN
2010Q4,2010,Q4,2011-03-08,2010-12-31,2994000.0,90429000.0,4701000.0,0.11,11627000.0,0.1285760099,307579000.0,246856000.0,119738000.0,43010000.0,60723000.0,2991000.0,91919000.0,7800881.39,-15373118.61,9.176942504441795,2.783957219251337,0.0,0.0,0.014894517210190847,9.176942504441795,0.012128528372816541,0.08626526213935795,0.6513762015698062,0.03160093896846745,0.0,26.34637245068539,0.0,0.29400251642667413,2.017530806789119,0.00973408457664535,-0.864938617363344,0.12857600990832588,-0.576923076923077,-0.34178134565832446,0.2623410556467093,2.538960688425414,-0.36912642430819315,-0.5781910397295013,-0.5897905759162304,-0.6583687578133008,0.03373309091120207,0.8979750572512692,Engineering & Construction,Industrials,ORN
2010Q3,2010,Q3,2010-09-30,2010-09-30,7098000.0,100024000.0,11460000.0,0.26,18430000.0,0.1842557786,305891000.0,243017000.0,114049000.0,49787000.0,62874000.0,2355000.0,88925000.0,8346943.087300001,-20253056.912699997,9.034226579876252,2.2907385462068413,0.0,0.0,0.029353833941590197,9.034226579876252,0.029207833196854542,0.0834494030162761,0.2939892606121443,0.034347157142504435,0.0,34.64713375796178,0.0,0.3269922946409015,1.6086729467531684,0.02320434403104374,0.6652010748565509,0.18425577861313286,0.0,0.5604662687098237,0.39628218547154614,0.0,-0.05873340143003064,0.012697959766015123,0.04011617353421674,0.3019625268580967,0.3876799672488697,0.9949535421990662,Engineering & Construction,Industrials,ORN
2010Q2,2010,Q2,2010-08-06,2010-06-30,7009000.0,87126000.0,11018000.0,0.26,19580000.0,0.2247319973,292378000.0,235439000.0,104126000.0,44554000.0,56939000.0,1461000.0,81827000.0,9545833.559999999,-6252166.440000001,8.755740865861064,2.337074112313148,0.0,0.0,0.029796963066866577,8.755740865861064,0.029769919172269677,0.10956354658770055,0.3404848608931374,0.040544827152680735,0.0,46.23271731690623,0.0,0.2979909569119428,1.7898954078197244,0.0239723919036316,-1.365055564135564,0.22473199733718982,0.44444444444444453,0.5414683863465836,0.2166815621991303,0.0,0.25545011541420876,0.46601129470822006,0.4482124079915878,-0.3569441020282413,0.20918582787375883,1.0675501305899309,Engineering & Construction,Industrials,ORN
2010Q1,2010,Q1,2010-05-10,2010-03-31,4781000.0,75556000.0,7608000.0,0.18,15596000.0,0.2064164328,279008000.0,227554000.0,96969000.0,39058000.0,51454000.0,2172000.0,74818000.0,12123241.662899999,-10647758.337100001,8.470929067946527,2.48269240616519,0.0,0.0,0.02102698032406806,8.470929067946527,0.02101039753201438,0.16045372522235163,0.6339281354789793,0.05327632853256809,0.0,27.605893186003684,0.0,0.27080227090262643,1.4859695836960418,0.017135709370340636,-1.0320287446071337,0.2064164328445127,0.2,0.05251763658912619,0.05616114127523997,0.0,0.15099630996309962,0.19345981028457315,0.21903541099182824,-0.5609201720107441,0.04965434149644575,0.0,Engineering & Construction,Industrials,ORN
2009Q4,2009,Q4,2010-03-09,2009-12-31,4006000.0,71235000.0,6241000.0,0.15,13550000.0,0.190215484,273157000.0,221666000.0,169969000.0,39209000.0,51491000.0,1472000.0,70037000.0,14143334.224499999,-90592665.7755,8.251742279966226,4.33494860873779,0.0,0.0,0.017891627127217192,8.251742279966226,0.018072234803713696,0.1985447353758686,0.8826344373751872,0.06380470719235246,0.0,39.188179347826086,0.0,0.2607840912002987,3.610293555051136,0.014665558634777802,-2.991398947652284,0.19021548396153576,-0.31818181818181823,-0.11809545028737932,-0.004240048457545022,2.182170044727187,-0.15301912739092385,-0.2577357791365573,-0.24798168454030606,-0.6183482489567604,-0.08137999609484278,1.4601255488428544,Engineering & Construction,Industrials,ORN
2009Q3,2009,Q3,2009-11-06,2009-09-30,5397000.0,81466000.0,8299000.0,0.22,15998000.0,0.1963764024,267923000.0,217047000.0,174990000.0,38754000.0,50876000.0,1744000.0,66031000.0,12448138.111499999,-96535861.8885,8.953438136827504,4.515404861433659,0.0,0.0,0.024895580398374653,8.953438136827504,0.024865582108944146,0.15280163640659905,0.5766230364785992,0.05735226983786921,0.0,37.538990825688074,0.0,0.30406497389175247,4.133766836971668,0.020143847299410652,3.6092021198898228,0.19637640242555177,-0.21428571428571436,0.3165960108786077,0.2619062702590556,0.0,-0.15242384105960266,-0.14142538975501115,-0.18123520126282558,-0.43023179420935714,0.1641229814999679,0.0,Engineering & Construction,Industrials,ORN
2009Q2,2009,Q2,2009-08-06,2009-06-30,6286000.0,70753000.0,10136000.0,0.28,18875000.0,0.2667731404,190695000.0,120024000.0,96375000.0,31609000.0,70671000.0,1528000.0,60634000.0,10289554.025,-3747445.9750000015,5.540706609973798,3.0489733936537062,0.15714098429429194,0.24966673332000267,0.04247942929528636,5.540706609973798,0.052372858761581015,0.14542922596921687,0.4092250248568247,0.08572913771412384,0.0,33.95157068062827,0.0,0.37102703269619025,2.6382359454585718,0.03296363302656074,4.512962291666667,0.26677314036153943,0.4000000000000001,0.7160719854542461,0.22646899182759833,0.0,0.32233431413759284,0.44771994472593274,0.43265017667844524,-0.25735514305002455,0.1314316864361882,0.0,Engineering & Construction,Industrials,ORN
2009Q1,2009,Q1,2009-05-08,2009-03-31,4342000.0,70040000.0,7075000.0,0.2,14274000.0,0.2037978298,187211000.0,110304000.0,90147000.0,36717000.0,76907000.0,1140000.0,54349000.0,282510932.0,274115932.0,5.114784018340218,2.4551842470790097,0.17760708505376285,0.30143965767333913,0.030693300170123554,5.114784018340218,0.03936393965767334,4.033565562535694,16.266175264854905,2.5612029663475484,0.0,48.91754385964912,0.0,0.3741233154034752,2.1152054906446605,0.023193081603110927,16.975780074510276,0.20379782981153627,-0.19999999999999996,0.19066592219347483,0.21954219434386993,0.0,-0.20474678255055992,-0.2053440702781845,-0.20056497175141244,-0.4847291191992019,0.12504163645462418,0.0,Engineering & Construction,Industrials,ORN
2008Q4,2008,Q4,2009-03-16,2008-12-31,5464000.0,79244000.0,8850000.0,0.25,17949000.0,0.2265029529,186322000.0,105611000.0,86437000.0,39416000.0,80711000.0,738000.0,50007000.0,208324855.20000002,216737855.20000002,4.897170138534674,2.1929419525065965,0.183150674638529,0.32311975078353583,0.040173603295764776,4.897170138534674,0.05173703496794842,2.6289038312048865,9.531700915080528,1.9725677741901886,0.0,83.05555555555556,0.0,0.4253067270639001,2.0593921250253704,0.02932557615311128,28.45190592734226,0.2265029529049518,0.47058823529411753,0.4983414552890709,0.3798029932693552,0.8885257912879596,0.4245238095238095,0.45164718384697133,0.6879649055884036,0.4983414552890709,0.3798029932693552,0.8885257912879596,Engineering & Construction,Industrials,ORN
2008Q3,2008,Q3,2008-11-07,2008-09-30,3764000.0,62897000.0,5243000.0,0.17,12600000.0,0.2003275196,182661000.0,99810000.0,80402000.0,38338000.0,82851000.0,654000.0,44543000.0,225404315.58,241419315.58,4.645017098744938,2.0971881683968907,0.19161178357722777,0.35066626590521993,0.02936582464551134,4.645017098744938,0.037711652139064224,3.583705352878516,14.971062405685442,2.2583339903817254,0.0,76.90672782874617,0.0,0.34433732433305414,1.84096718660337,0.020606478668133865,202.51960070080864,0.2003275195955292,0.5454545454545455,0.035921730216838456,0.09915223787273261,0.0,0.28179043743641913,0.5676801332778009,0.267956469165659,0.035921730216838456,0.09915223787273261,0.0,Engineering & Construction,Industrials,ORN
2008Q2,2008,Q2,2008-08-11,2008-06-30,2401000.0,67070000.0,4135000.0,0.11,9830000.0,0.1465632921,176775000.0,95839000.0,71966000.0,34995000.0,80936000.0,653000.0,40779000.0,303489678.96000004,323989678.96000004,4.462112433742712,2.0564652093156166,0.19799179748267573,0.3651957971180835,0.019506567570406936,4.462112433742712,0.025052431682300525,4.52496912121664,31.60034141607664,3.166661577854527,0.0,87.65696784073506,0.0,0.3794088530618017,1.6235747963994855,0.013582237307311553,-237.84457598746084,0.14656329208289848,-0.15384615384615388,-0.3389193236794192,0.17257653111698257,0.0,-0.02402700555996823,-0.15635980323260718,-0.02591283863368669,-0.3389193236794192,0.17257653111698257,0.0,Engineering & Construction,Industrials,ORN
2008Q1,2008,Q1,2008-05-08,2008-03-31,2846000.0,52591000.0,4245000.0,0.13,10072000.0,0.1915156586,172745000.0,93184000.0,67407000.0,32330000.0,79561000.0,638000.0,38378000.0,256549399.54999998,275843399.54999995,4.340484920070826,2.0849675224249924,0.20261078468262467,0.37560096153846156,0.022082811224796876,4.340484920070826,0.0305417239010989,4.878199683405906,22.535962715214335,2.753148604374141,0.0,66.64420062695925,0.0,0.30444296506411184,1.9505103618929787,0.016475151234478565,53.14882940749948,0.1915156585727596,-0.6060606060606061,-0.21603645955881917,-0.08013734556796044,0.0,-0.3506962351727695,-0.5311367380560131,-0.5373801220575414,-0.21603645955881917,-0.08013734556796044,0.0,Engineering & Construction,Industrials,ORN
2007Q4,2007,Q4,2008-03-19,2007-12-31,6070000.0,60589000.0,9176000.0,0.33,15512000.0,0.2560200696,133534000.0,90084000.0,61547000.0,29095000.0,43450000.0,646000.0,35532000.0,279467565.0,266883565.0,4.835122816488561,2.1153806495961507,0.0,0.0,0.06567804850402024,4.835122816488561,0.06738155499311753,4.612513244978461,11.510196252059307,3.102299686958838,0.0,69.77863777089783,0.0,0.4537346293827789,2.064169101220141,0.045456587835307864,1035.0650555555555,0.2560200696496064,0.65,0.9266933847401566,0.2211479604798147,0.8645981014896436,0.33253156945279616,0.607521186440678,2.0874831763122477,0.9266933847401566,0.2211479604798147,0.8645981014896436,Engineering & Construction,Industrials,ORN
2007Q3,2007,Q3,2007-09-30,2007-09-30,3776000.0,49924000.0,2972000.0,0.2,11641000.0,0.2331744251,129677000.0,84372000.0,57999000.0,29745000.0,45305000.0,572000.0,29462000.0,294372501.8,281595501.8,4.528539832520457,1.9498739283913262,0.012669941469959978,0.019473284976058408,0.021550838900130376,4.528539832520457,0.0447541838524629,5.896412583126352,19.48970483315678,3.4889833333333335,0.0,66.92832167832168,0.0,0.3849873146355946,1.8911077492015465,0.02911850212450936,3270.8055755555556,0.2331744251261918,-0.48717948717948717,0.19854929502122434,0.006198992869898256,0.0,-0.7668255748738082,-0.5,3.4624624624624625,0.19854929502122434,0.006198992869898256,0.0,Engineering & Construction,Industrials,ORN
2007Q2,2007,Q2,2007-06-30,2007-06-30,7552000.0,49924000.0,666000.0,0.39,49924000.0,1.0,123100000.0,78900000.0,52000000.0,28900000.0,44300000.0,7800000.0,23700000.0,294372501.8,281572501.8,4.234838486534207,1.7993079584775087,0.0,0.0,0.01688212927756654,4.234838486534207,0.09571609632446135,5.896412583126352,9.74485241657839,3.730956930291508,5.35354872881356,0.0,0.1373429914573631,0.40555645816409425,1.3840830449826989,0.0613484971567831,-107.04454610909093,1.0,0.0,1.3970985900424486,0.006198992869898256,0.0,0.0,0.0,-0.9866597227786235,1.3970985900424486,0.006198992869898256,0.0,Engineering & Construction,Industrials,ORN
2007Q1,2007,Q1,2007-03-31,2007-03-31,7552000.0,49924000.0,49924000.0,0.39,49924000.0,1.0,,,,,,,,294372501.8,,,0.0,0.0,0.0,0.0,,0.0,5.896412583126352,9.74485241657839,0.0,,0.0,,0.0,0.0,0.0,0.0,1.0,0.0,1.3970985900424486,0.006198992869898256,0.0,0.08959165411728759,0.21767171880038697,1.4290957222790446,1.3970985900424486,0.006198992869898256,0.0,Engineering & Construction,Industrials,ORN
