Quarters,Year,Quarter,FillingDate,Date,NetIncome,Revenue,OperatingIncome,EPSDiluted,GrossProfit,GrossProfitRatio,TotalAssets,CommonStockEquity,CurrentAssets,CurrentLiability,TotalLiability,Inventory,RetainedEarnings,MarketCap,EnterpriseValue,bookValuePerShare,currentRatio,debtToAssets,debtToEquity,roic,shareholdersEquityPerShare,roe,priceToSalesRatio,peRatio,pbRatio,payoutRatio,inventoryTurnover,dividendYield,assetTurnover,quickRatio,returnOnAssets,priceToFreeCashFlowsRatio,grossProfitMargin,epsdilutedGrowth,fiveYNetIncomeGrowthPerShare,fiveYRevenueGrowthPerShare,fiveYShareholdersEquityGrowthPerShare,grossProfitGrowth,netIncomeGrowth,operatingIncomeGrowth,threeYNetIncomeGrowthPerShare,threeYRevenueGrowthPerShare,threeYShareholdersEquityGrowthPerShare,Industry,Sector,Symbol
2023Q1,2023,Q1,2023-05-05,2023-03-31,24846000.0,445371000.0,57115000.0,1.09,170337000.0,0.3824609146,3552858000.0,819841000.0,2082177000.0,1867530000.0,2733017000.0,220911000.0,0.0,951778655.763,904431655.763,37.80544074152876,1.1149363062440765,0.07253512524283268,0.3143377801305375,0.03381619049249978,37.80544074152876,0.030305876383347502,2.1370467672187905,9.576779519469934,1.1609307850705197,0.09691700877404813,1.2449991172915789,0.0025300000009662016,0.12535569955230408,0.6017729300198658,0.006993243186189823,-16.143881127671484,0.3824609146082704,-0.6134751773049645,4.3147708754188745,0.4727785228496292,0.0,0.15861323103293473,-0.6596997753793897,1.8902889529882092,1.4643417777736663,0.47704697280933567,0.0,Conglomerates,Industrials,SPLP
2022Q4,2022,Q4,2023-03-08,2022-12-31,73012000.0,422615000.0,19761000.0,2.82,147018000.0,0.3478769092,3235849000.0,801460000.0,1805228000.0,1649143000.0,2434389000.0,214084000.0,205972000.0,986034061.1999999,1009104061.1999999,34.788339824948835,1.0946461283224074,0.07958282354955376,0.3213111072293065,0.014270825091678336,34.788339824948835,0.09109874479075687,2.333173363936443,3.3762739727715987,1.230297283956779,0.03298087985536624,1.2873311410474393,0.0024421063072298664,0.13060405476275314,0.5750501927364698,0.02256347561335526,-5.83248487924334,0.34787690924363784,0.9448275862068966,6.861655522767626,0.4369959271097739,0.0,-0.001548429159365959,1.010408348707217,-0.5937795502199564,3.6508689279470676,0.26034993747531715,0.0,Conglomerates,Industrials,SPLP
2022Q3,2022,Q3,2022-11-09,2022-09-30,36317000.0,425673000.0,48646000.0,1.45,147246000.0,0.3459134124,3068579000.0,747667000.0,1712363000.0,1445167000.0,2320912000.0,210851000.0,130804000.0,960627226.0,872662226.0,32.299917866371196,1.1848893588076672,0.08914614875484711,0.36587411240565654,0.036577144781497595,32.299917866371196,0.04857376345351607,2.256725763673054,6.612793085882644,1.2848329884828407,0.06630503620893796,1.3204917216422971,0.0025066955576793118,0.13871990911754267,0.725011711449265,0.01183511977368026,31.37356628237369,0.34591341240811607,-0.5880681818181819,4.820433267533564,0.3475596751004097,0.0,-0.02436341710673655,-0.605584395838311,0.025443200742005522,14.634709955647965,0.16046683980343762,0.0,Conglomerates,Industrials,SPLP
2022Q2,2022,Q2,2022-08-05,2022-06-30,92078000.0,441408000.0,47439000.0,3.52,150923000.0,0.3419126975,2851955000.0,723510.0,1475513000.0,1169854000.0,2128445000.0,212651000.0,94487000.0,958989267.075,1080635267.075,0.03166806271213971,1.261279612669615,0.11334996519931065,446.8065403380741,0.0936867117078982,0.03166806271213971,127.26569086812898,2.1725688412421165,2.6037415752812834,1325.467881680972,0.026162601272833902,1.366017559287283,0.002512019771970606,0.15477383058288086,0.7064291783419128,0.032285923164986824,-9.758222000254388,0.34191269754965925,7.585365853658537,8.325696547422698,0.4037081645332081,0.0,0.10638438249114808,9.025914634146341,-0.04058973425555151,3.780270444561429,0.1653161831350213,0.0,Conglomerates,Industrials,SPLP
2022Q1,2022,Q1,2022-05-05,2022-03-31,9184000.0,405745000.0,49446000.0,0.41,136411000.0,0.3361988441,2585949000.0,-132262000.0,1366521000.0,783044000.0,1931724000.0,196989000.0,0.0,923008990.7600001,1231942990.7600002,-5.9553143848295145,1.7451394813062868,0.19736120085894965,-3.8587500567056296,0.0670992786667059,-5.9553143848295145,-0.06943793379806747,2.274849944571098,25.125462509799654,-6.978640809605177,0.2621951219512195,1.3672540091071075,0.002608858661297836,0.1569037131049375,1.0147577913884789,0.003551500822328669,-43.83591331496961,0.3361988441015909,-0.7371794871794872,3.648676623557691,0.47737931378803117,0.0,-0.01736048580546171,-0.7714115040943823,-0.21216659762276538,-0.3446418309826654,0.17278996447408576,0.0,Conglomerates,Industrials,SPLP
2021Q4,2021,Q4,2022-03-10,2021-12-31,40177000.0,431857000.0,62762000.0,1.56,138821000.0,0.3214513137,2675229000.0,-131803000.0,1284102000.0,715012000.0,2006181000.0,184271000.0,0.0,873710712.0,1180842712.0,-6.3358797413943115,1.795916711887353,0.23642648909682124,-4.798790619333399,0.07037934106064997,-6.3358797413943115,-0.3048261420453252,2.0231481995197482,5.43663484082933,-6.628913696956822,0.05993478856061926,1.590244802491982,0.002756060978682381,0.16142804971088456,1.1932387148747154,0.015018153586104218,-62.32777229276644,0.32145131374505914,0.6956521739130435,4.284739736594045,0.708384795689079,0.0,0.009577903188270887,0.8016591928251121,0.10765592460555576,2.574750729602372,0.36236653338121927,0.0,Conglomerates,Industrials,SPLP
2021Q3,2021,Q3,2021-11-12,2021-09-30,22300000.0,392113000.0,56662000.0,0.92,137504000.0,0.3506744229342052,2633385000.0,0.0,1058612000.0,562923000.0,2028443000.0,169697000.0,0.0,597454131.375,1416930131.375,0.0,1.8805627057341767,0.3615950573121667,0.0,0.04625957037978691,0.0,0.0,1.5236784584418268,6.69791627102018,0.0,0.10798206278026906,1.5003741963617507,0.004030434929721135,0.14890074941567602,1.214713202338508,0.008468188282381802,15.614408994982098,0.3506744229342052,-0.10679611650485435,1.5616113079359477,0.5390445417009853,0.0,0.03224256619297495,-0.18135095447870778,-0.05858310626702997,5.529441429815566,0.1976440841382244,0.0,Conglomerates,Industrials,SPLP
2021Q2,2021,Q2,2021-08-05,2021-06-30,27240000.0,386433000.0,60188000.0,1.03,133209000.0,0.34471434892982744,3868241000.0,0.0,1050434000.0,532950000.0,3275612000.0,157935000.0,0.0,635681271.6800001,2692916271.6800003,0.0,1.9709803921568627,0.5898182145321349,0.0,0.01072197421178996,0.0,0.0,1.6449973777601812,5.834079218795888,0.0,0.0,1.6033431474973883,0.0,0.09989889461385679,1.31364855990243,0.0070419604155997515,-563.5472266666667,0.34471434892982744,-0.35625,2.588185317472329,0.6648347987098626,0.0,0.2860990963157488,-0.48556212347264455,0.6958665577188583,1.5017205993837184,0.0654260169169761,0.0,Conglomerates,Industrials,SPLP
2021Q1,2021,Q1,2021-05-14,2021-03-31,52951000.0,314493000.0,35491000.0,1.6,103576000.0,0.32934278346417883,4385860000.0,0.0,937192000.0,602348000.0,3793150000.0,151573000.0,0.0,311021755.0,2893817755.0,0.0,1.5558979194751208,0.6345469303625743,0.0,0.008240335292434882,0.0,0.0,0.9889624093382047,1.4684413656021604,0.0,0.0,1.3915209173137697,0.0,0.07170611921037151,1.0594174795965123,0.012073116788953592,133.6004102233677,0.32934278346417883,-0.36507936507936506,30.776211065991287,0.49759577220981,0.0,-0.038666443912309036,-0.45971123922248863,-0.2066568311874106,7.772647282957858,-0.002957320136806542,0.0,Conglomerates,Industrials,SPLP
2020Q4,2020,Q4,2021-04-13,2020-12-31,98005000.0,337292000.0,44736000.0,2.52,107742000.0,0.3194324205732718,3934378000.0,0.0,803303000.0,517001000.0,3395156000.0,137086000.0,0.0,265604668.25,2554189668.25,0.0,1.5537745574960202,0.6162023577805691,0.0,0.012476696036169627,0.0,0.0,0.7874621047934727,0.677528361435641,0.0,0.0,1.6744963015917016,0.0,0.08572943423331464,1.0057872228486986,0.024909909520640875,12.14803641831321,0.3194324205732718,2.1898734177215187,0.7645796282665626,0.42348377308870067,0.0,-0.030643826249685105,1.5605486610058785,-0.16246676901186954,8.336605867544625,0.0693935957107866,0.0,Conglomerates,Industrials,SPLP
2020Q3,2020,Q3,2020-11-03,2020-09-30,38275000.0,330007000.0,53414000.0,0.79,111148000.0,0.33680497686412714,3997486000.0,0.0,809816000.0,565566000.0,3527896000.0,149558000.0,0.0,153571323.4659,2474726323.4659,0.0,1.4318682523348292,0.6159921510669456,0.0,0.01500472777215137,0.0,0.0,0.46535777564081976,1.0030785334154146,0.0,0.0,1.4633720696987123,0.0,0.08255363495957209,0.9556002305654866,0.009574767741525549,4.827161735899289,0.33680497686412714,12.285714285714286,4.450101752051134,0.30690351351571726,0.0,0.14866219526058513,21.489828693790148,6.052284129918141,4.708431658037775,-0.027809634792714966,0.0,Conglomerates,Industrials,SPLP
2020Q2,2020,Q2,2020-08-07,2020-06-30,-1868000.0,295437000.0,7574000.0,-0.07,96763000.0,0.32752498840700384,3947047000.0,0.0,771681000.0,646846000.0,3517758000.0,143923000.0,0.0,131528797.02,2421726797.02,0.0,1.192990294444118,0.6073606420192108,0.0,0.0025046365083394376,0.0,0.0,0.44520082799378546,-17.602890393468947,0.0,0.0,1.3804186961083358,0.0,0.07485013479697607,0.8104061863256479,-0.00047326520307460233,1.4691851105277856,0.32752498840700384,0.9716599190283401,-1.1955533576520732,0.30015182294311415,0.0,-0.215776378386702,0.9697426178790677,-0.632080054405907,-1.1731869177410548,-0.13996857650106195,0.0,Conglomerates,Industrials,SPLP
2020Q1,2020,Q1,2020-05-07,2020-03-31,-61737000.0,347900000.0,20586000.0,-2.47,123387000.0,0.35466225926990513,2307996000.0,0.0,1159022000.0,802349000.0,1878477000.0,153088000.0,0.0,135698099.5836,305283099.58360004,0.0,1.4445359812251277,0.24497746096613685,0.0,0.012623732611919607,0.0,0.0,0.39004915085829267,-0.5495007029155935,0.0,0.0,1.4665617161371238,0.0,0.15073682969987817,1.13087945519967,-0.026749179807937274,0.8606954134732117,0.35466225926990513,-1.066041833985224,-1.870130055358247,0.7922127568804971,0.0,0.048897011943724235,-1.0638852672750978,-0.10073388083173161,-14.804139308199261,0.12440179316118463,0.0,Conglomerates,Industrials,SPLP
2019Q4,2019,Q4,2020-02-28,2019-12-31,-29913000.0,364173000.0,22892000.0,-1.1955227427489086,117635000.0,0.3230195538933419,2332354000.0,0.0,1090201000.0,935821000.0,1855935000.0,167833000.0,0.0,302802375.108,562995375.108,0.0,1.1649674456974144,0.17516251821121492,0.0,0.030307149109476322,0.0,0.0,0.8314794757107199,-2.530692133085949,0.0,0.0,1.4689482997980134,0.0,0.15613967691010885,0.7064321061399562,-0.012825240079336156,6.988768553280864,0.3230195538933419,-8.96268952290757,-0.7710009430230962,2.308811704723469,0.0,-0.08223848458369741,-9.39367616400278,-0.33908825822097755,-1.0332916233552536,0.19775976200407178,0.0,Conglomerates,Industrials,SPLP
2019Q3,2019,Q3,2019-11-12,2019-09-30,-2878000.0,396342000.0,34637000.0,-0.12,128176000.0,0.32339746986188694,2345718000.0,0.0,1039838000.0,990804000.0,1828035000.0,160709000.0,0.0,320142617.6,626786617.6,0.0,1.0494891017799686,0.17852828004048227,0.0,-0.005458492373736099,0.0,0.0,0.8077433569997629,-27.809469909659487,0.0,0.0,1.6686433242693315,0.0,0.16896404427130626,0.6140326441960267,-0.001226916449462382,-157.86125128205128,0.32339746986188694,-1.1967213114754098,-1.227917739012823,0.7018677289255549,0.0,-0.0220947265625,-1.1366377059298296,1.1631901074194355,-1.2778239819483457,0.3073161246482391,0.0,Conglomerates,Industrials,SPLP
2019Q2,2019,Q2,2019-08-08,2019-06-30,21063000.0,414203000.0,16012000.0,0.61,131072000.0,0.31644386931045887,2459425000.0,0.0,1072728000.0,920427000.0,1937014000.0,163294000.0,0.0,346010782.8,598571782.8,0.0,1.165467766590941,0.18652001992335607,0.0,0.021317487587511213,0.0,0.0,0.8353652262296507,4.1068554194559175,0.0,0.0,1.7338726468823105,0.0,0.16841456844587657,0.750760244973257,0.0085641969159458,-181.82384802942724,0.31644386931045887,0.27083333333333337,1.4737769913847145,0.8689801361361089,0.0,0.1263577615839406,0.34347493302717186,0.7400565094544664,1.4243547843143949,0.5592593783320534,0.0,Conglomerates,Industrials,SPLP
2019Q1,2019,Q1,2019-05-02,2019-03-31,15678000.0,387053000.0,9202000.0,0.48,116368000.0,0.30065133198812566,2353315000.0,0.0,1006956000.0,730247000.0,1823057000.0,166617000.0,0.0,344623077.10999995,620734077.1099999,0.0,1.3789252129758836,0.20755869911167862,0.0,0.0119536029358248,0.0,0.0,0.8903769693297816,5.495329077529021,0.0,0.0,1.624594129050457,0.0,0.1644713946071818,0.8491373466785895,0.006662091560203373,11.752654131910104,0.30065133198812566,1.3913757568995504,2.5297137092011424,1.2399836828930282,0.0,0.04775624864942736,1.5144882354871525,-0.4879813042510572,7.565225078954083,0.6779315287791653,0.0,Conglomerates,Industrials,SPLP
2018Q4,2018,Q4,2019-03-01,2018-12-31,-30473000.0,378613000.0,17972000.0,-1.226442853288932,111064000.0,0.293344391238547,2356059000.0,0.0,1092291000.0,669917000.0,1836687000.0,158850000.0,0.0,332945150.2,480050150.2,0.0,1.6304870603373254,0.2045742487773014,0.0,0.048374998889742664,0.0,0.0,0.8793811892354462,-2.731476636694779,0.0,0.0,1.6842870632672333,0.0,0.16069758864272923,1.0449622863727894,-0.012933886630173523,208.48162191609268,0.293344391238547,-4.332360231691008,-2.2282063807429493,1.4462251395314565,0.0,-0.05742970865052491,-3.9996718621821166,-0.2068493755240743,-1.545591486067962,0.5889174945472336,0.0,Conglomerates,Industrials,SPLP
2018Q3,2018,Q3,2018-11-01,2018-09-30,-6095000.0,405319000.0,22659000.0,-0.23,117831000.0,0.29071176036652613,2314343000.0,0.0,998398000.0,613549000.0,1779874000.0,164481000.0,0.0,431682036.03,625947036.03,0.0,1.6272506352385874,0.20881995451840976,0.0,0.047520182032598376,0.0,0.0,1.0650426849715902,-17.706400165299424,0.0,0.0,1.747849295663329,0.0,0.17513350441140316,1.023114698255559,-0.002633576786154861,13.845725704984282,0.29071176036652613,-1.5476190476190477,0.550159920107055,1.1925860034331863,0.0,-0.11303228526048763,-1.4673362981137863,-0.43995155589609236,0.47480164141983694,0.5344413092299615,0.0,Conglomerates,Industrials,SPLP
2018Q2,2018,Q2,2018-08-07,2018-06-30,13042000.0,434437000.0,40459000.0,0.42,132847000.0,0.3057911734037386,2341598000.0,0.0,1020988000.0,570946000.0,1786299000.0,158585000.0,0.0,440579056.25000006,614102056.25,0.0,1.7882391679773568,0.21281535088431064,0.0,0.04964115194835726,0.0,0.0,1.0141379676454816,8.445389055551297,0.0,0.0,1.9017561560046663,0.0,0.18553013796561152,1.1574544703001686,0.005569700691578998,79.0134605900287,0.3057911734037386,2.2,-0.06643128641644479,1.28475372629656,0.0,0.2947293530592753,2.4366600572813395,2.547168157110293,0.30322346463643424,0.8249134848235763,0.0,Conglomerates,Industrials,SPLP
2018Q1,2018,Q1,2018-05-04,2018-03-31,-9078000.0,366245000.0,11406000.0,-0.35,102606000.0,0.2801567256890879,2220501000.0,0.0,962305000.0,528184000.0,1661926000.0,160473000.0,0.0,470127407.9,621463407.9,0.0,1.8219124396043802,0.2135414485289581,0.0,0.027430904043460675,0.0,0.0,1.2836418460320276,-12.94688829863406,0.0,0.0,1.642886965408511,0.0,0.16493800273001452,1.1559892007330779,-0.004088266566869368,-14.383582924889092,0.2801567256890879,0.352645397887324,0.12491493245259357,1.1815074892631825,0.0,0.04254259848200043,0.36070422535211266,0.15084249823428514,-1.1218900949672097,0.79740700051673,0.0,Conglomerates,Industrials,SPLP
2017Q4,2017,Q4,2018-03-09,2017-12-31,-14200000.0,335277000.0,9911000.0,-0.5406619476524249,98419000.0,0.29354533713914166,2164040000.0,0.0,1028562000.0,514873000.0,1597004000.0,142635000.0,0.0,513463174.55,509375174.55,0.0,1.9977004037888955,0.19161706807637566,0.0,0.38999017647398154,0.0,0.0,1.5314595828225617,-9.039844622359155,0.0,0.0,1.6605882146738178,0.0,0.15493105487883774,1.381659166435218,-0.0065618010757656975,7.9961250591771265,0.29354533713914166,-3.0024516579719442,-10.097596207489572,1.3372123800069622,0.0,-0.07702190711981394,-3.0248110651646942,-0.5981755524021893,0.19908439638086295,1.9020685072875994,0.0,Conglomerates,Industrials,SPLP
2017Q3,2017,Q3,2017-11-07,2017-09-30,7013000.0,355040000.0,24665000.0,0.27,106632000.0,0.3003379900856242,2095610000.0,0.0,949833000.0,531574000.0,1351368000.0,140208000.0,0.0,448421606.5527771,529683606.5527771,0.0,1.7868311843694387,0.1800659473852482,0.0,0.030313001591955994,0.0,0.0,1.2630171432874524,15.985370260686478,0.0,0.0,1.7717106013922173,0.0,0.1694208368923607,1.0930143310244669,0.003346519629129466,-10.267002622785446,0.3003379900856242,-0.34146341463414626,1.459339276499709,1.116822929437196,0.0,-0.03040663417472903,-0.3767884119790278,-0.21802675797349566,-0.46608918574479746,0.46558338130927923,0.0,Conglomerates,Industrials,SPLP
2017Q2,2017,Q2,2017-08-08,2017-06-30,11253000.0,358391000.0,31542000.0,0.41,109976000.0,0.30686038432884755,1991805000.0,0.0,910675000.0,456827000.0,1319381000.0,131284000.0,0.0,484316992.8,535812992.8,0.0,1.9934789318494748,0.19545688458458535,0.0,0.048644236123809644,0.0,0.0,1.3513648300320042,10.759730578512398,0.0,0.0,1.892195545534871,0.0,0.17993277454369278,1.3238009136938054,0.005649649438574559,-15.715903326086252,0.30686038432884755,3.5624999999999996,2.3164341170441545,1.010120291768317,0.0,0.1721396216360245,3.7567368936795686,6.767052450135434,0.26803643869589067,0.5515709416148931,0.0,Conglomerates,Industrials,SPLP
2017Q1,2017,Q1,2017-05-09,2017-03-31,-4082000.0,323319000.0,4061000.0,-0.16,93825000.0,0.29019327660916927,1974383000.0,0.0,911883000.0,428699000.0,1314858000.0,129283000.0,0.0,501997651.2,518756651.2,0.0,2.127093835068428,0.20213808567030814,0.0,0.03745073959319377,0.0,0.0,1.5526388835793752,-30.744589122978933,0.0,-0.9610485056344928,1.7751289806084327,0.007814777600298063,0.16375698129491592,1.4862899143688229,-0.0020674813346751872,-8.334954692169754,0.29019327660916927,0.7278791543615429,-1.0855275788984649,0.6964626330208071,0.0,0.017746151927019494,0.7344695244909907,-0.6077086553323029,0.6215051823743554,0.7781691941705112,0.0,Conglomerates,Industrials,SPLP
2016Q4,2016,Q4,2017-03-14,2016-12-31,-15373000.0,317714000.0,10352000.0,-0.5879740658037564,92189000.0,0.29016348036284206,1967115000.0,0.0,915511000.0,465766000.0,1262857000.0,119205000.0,0.0,405258520.5,349569520.5,0.0,1.965602899309954,0.20051649242672645,0.0,0.03416418995699294,0.0,0.0,1.275545051524327,-6.5904267303063815,0.0,0.0,1.8919088964389077,0.0,0.16151267211118822,1.4547154579767523,-0.007814998106363888,7.005090930304916,0.29016348036284206,-2.4340830873262354,-1.650227201393139,0.8702500837407268,0.0,-0.024424055790130905,-2.4192208271787297,-0.5084753810360382,-1.5888195258302993,0.9507638276944683,0.0,Conglomerates,Industrials,SPLP
2016Q3,2016,Q3,2016-11-07,2016-09-30,10832000.0,317013000.0,21061000.0,0.41,94497000.0,0.29808556746884196,1933613000.0,0.0,848296000.0,261679000.0,1180653000.0,127619000.0,0.0,375295205.59999996,469920205.59999996,0.0,3.241742745883315,0.21874284047531745,0.0,0.02219461878699489,0.0,0.0,1.1838479986625152,8.661724649187592,0.0,0.0,1.7435961729836467,0.0,0.16394852537710494,2.19536531399157,0.00560194826989682,34.65969759881788,0.29808556746884196,0.17142857142857143,1.8434905500880896,0.5947344438812016,0.0,0.1400289540354687,0.1762406341622326,0.08149327308205813,1.7954072846049431,0.7062129034119995,0.0,Conglomerates,Industrials,SPLP
2016Q2,2016,Q2,2016-08-04,2016-06-30,9209000.0,281568000.0,19474000.0,0.35,82890000.0,0.2943871462666212,1881229000.0,0.0,864619000.0,357833000.0,1137211000.0,129564000.0,0.0,388219246.794,396592246.794,0.0,2.4162640114243237,0.1997656850920329,0.0,0.029233958651827215,0.0,0.0,1.3787761634631777,10.539126039580847,0.0,0.0,1.5334352134852274,0.0,0.14967236843574067,1.7117062987482987,0.004895204145800432,2.1847997185788817,0.2943871462666212,3.999999999999999,-0.3024923377626636,0.3512088996251615,0.0,0.09350676763146092,3.693679918450561,0.31687855017581823,-0.3491060591716081,0.4621487153744837,0.0,Conglomerates,Industrials,SPLP
2016Q1,2016,Q1,2016-05-05,2016-03-31,1962000.0,247254000.0,14788000.0,0.07,75802000.0,0.30657542446229386,1706899000.0,0.0,750065000.0,320234000.0,965726000.0,108486000.0,0.0,406148507.25,483685507.25,0.0,2.342240361735481,0.13582701729862165,0.0,0.043099011916896,0.0,0.0,1.6426367510737945,51.75184852828746,0.0,0.0,1.5804066884206256,0.0,0.14485567101509814,1.1480261308917854,0.0011494528967443299,-4.742841712987832,0.30657542446229386,-0.9688600215474044,-0.8510622833436227,0.45018082139466203,0.0,-0.06004166459997024,-0.9672279013830427,-0.736394588138826,1.186511931607383,0.45236526010429295,0.0,Conglomerates,Industrials,SPLP
2015Q4,2015,Q4,2016-03-11,2015-12-31,59868000.0,255412000.0,56099000.0,2.2479142079870345,80644000.0,0.31574084224703614,1684773000.0,0.0,719474000.0,321249000.0,944411000.0,102267000.0,0.0,436243445.82,489749445.82,0.0,2.2396147536646027,0.14207136510378549,0.0,-0.6243105044916119,0.0,0.0,1.7079990204845503,1.8216887394768488,0.0,0.0,1.7089383672152307,0.0,0.1516002452555923,1.207866794916093,0.03553475750145568,-19.760087231960863,0.31574084224703614,6.10889592724326,1.485917405954312,0.4760126075161953,0.0,0.004496593301197015,5.930247879436712,2.841870976578551,36.82514353403663,0.7558331174876463,0.0,Conglomerates,Industrials,SPLP
2015Q3,2015,Q3,2015-11-05,2015-09-30,-12143000.0,276390000.0,14602000.0,-0.44,80283000.0,0.2904699880603495,1669097000.0,0.0,791039000.0,312067000.0,929351000.0,112501000.0,0.0,450055516.17,491561516.17,0.0,2.5348370702445306,0.17554462083390002,0.0,0.017347178252548917,0.0,0.0,1.628335019971779,-9.265739853619369,0.0,0.0,1.7431578385969901,0.0,0.16559253296842544,1.6462810870742501,-0.0072751913160229754,17.069540930364866,0.2904699880603495,-2.1578947368421053,0.09170809244462305,0.3355541711822511,0.0,-0.03261838775756115,-2.1478400604972117,0.503500823723229,-5.069146707189227,0.574680024627505,0.0,Conglomerates,Industrials,SPLP
2015Q2,2015,Q2,2015-08-06,2015-06-30,10579000.0,251654000.0,9712000.0,0.38,82990000.0,0.3297781875114244,1632743000.0,0.0,744430000.0,262986000.0,841476000.0,92927000.0,0.0,485640633.24,530740633.24,0.0,2.830683002136996,0.1585583279181108,0.0,0.027844756941102156,0.0,0.0,1.92979500917927,11.476525031666508,0.0,0.0,1.8150160878969515,0.0,0.1541295843865201,1.7926429543777995,0.006479280572631455,-48.107046383358096,0.3297781875114244,-0.8642857142857143,-0.2323448778558629,0.1569858937785394,0.0,0.004441862435399344,-0.8651171093062692,-0.44113246633674763,2.165866799104932,0.32966518634742964,0.0,Conglomerates,Industrials,SPLP
2015Q1,2015,Q1,2015-05-11,2015-03-31,78431000.0,214581000.0,17378000.0,2.8,82623000.0,0.3850434101807709,1557048000.0,0.0,635752000.0,223174000.0,759843000.0,73815000.0,0.0,525234801.05999994,568333801.06,0.0,2.848683090324142,0.15568691523960726,0.0,0.038804287920721624,0.0,0.0,2.4477227762942664,1.6741938807996837,0.0,0.0,1.787685429790693,0.0,0.13781270712270913,1.9959762337906746,0.05037160061860649,-15.820801863309134,0.3850434101807709,5.1478112152536015,4.732973433474164,0.21187153447698753,0.0,1.2364994721598137,5.2006855551389854,1.4200730015228795,0.5534341829484676,0.06432990127785972,0.0,Conglomerates,Industrials,SPLP
2014Q4,2014,Q4,2015-03-16,2014-12-31,-18671000.0,121664000.0,-41369000.0,-0.6750548312572623,36943000.0,0.3036477511835876,1492905000.0,0.0,664422000.0,230254000.0,828799000.0,64084000.0,0.0,488449004.04,615942004.04,0.0,2.885604593188392,0.21198669707717505,0.0,-0.1320933115892712,0.0,0.0,4.014737342517097,-6.540209469765947,0.0,0.0,1.322030460021222,0.0,0.08149480375509494,1.8083464348067786,-0.01250648902642834,11.063648192258036,0.3036477511835876,-2.350109662514525,-1.7465278474745325,-0.3229864691328504,0.0,-0.5458311819232377,-2.331075782419619,-2.285589981043538,-1.7465278474745325,-0.3229864691328504,0.0,Conglomerates,Industrials,SPLP
2014Q3,2014,Q3,2014-11-06,2014-09-30,14027000.0,258700000.0,32179000.0,0.5,81342000.0,0.31442597603401623,1550736000.0,0.0,673016000.0,257558000.0,780839000.0,76499000.0,0.0,461482556.37,634933556.37,0.0,2.6130657948889184,0.21765471363275246,0.0,0.05767986094657895,0.0,0.0,1.7838521699652108,8.22489763260141,0.0,0.0,2.318435535105034,0.0,0.16682401130817884,1.7974747435529084,0.009045382321684671,20.92037519243846,0.31442597603401623,0.47058823529411753,2.028186328875827,0.2250200280453369,0.0,0.015264793619491008,0.43205717202654415,0.09848433126237455,2.028186328875827,0.2250200280453369,0.0,Conglomerates,Industrials,SPLP
2014Q2,2014,Q2,2014-08-07,2014-06-30,9795000.0,254949000.0,29294000.0,0.34,80119000.0,0.314255007864318,1555638000.0,0.0,676467000.0,279386000.0,735813000.0,84603000.0,0.0,479668230.02000004,600074230.02,0.0,2.421263055414373,0.18636147998441796,0.0,0.06591874130149268,0.0,0.0,1.8814281680649858,12.242680704951507,0.0,0.0,2.0664751840951268,0.0,0.16388709969800172,1.6767733529954973,0.006296452002329591,62.973379285808065,0.314255007864318,1.829268292682927,-0.31642745327076444,0.12729135430085323,0.0,0.26686379304892316,1.7708956398551865,2.0082152392688437,-0.31642745327076444,0.12729135430085323,0.0,Conglomerates,Industrials,SPLP
2014Q1,2014,Q1,2014-05-09,2014-03-31,-12706000.0,214217000.0,9738000.0,-0.41,63242000.0,0.29522400182992015,1526435000.0,0.0,673496000.0,234015000.0,669867000.0,77131000.0,0.0,522730796.12999994,615262796.1299999,0.0,2.8780035467811893,0.17340076714697972,0.0,0.02843358603349058,0.0,0.0,2.440192870453792,-10.28511719128758,0.0,0.0,1.9573841905329894,0.0,0.14033810807535205,2.125162916907036,-0.008323970558851179,-21.28296063393184,0.29522400182992015,-1.410589547449527,-1.8339371336180008,0.08630439642589792,0.0,0.13075506445672191,-1.4130823498813356,5.076182503139389,-1.8339371336180008,0.08630439642589792,0.0,Conglomerates,Industrials,SPLP
2013Q4,2013,Q4,2014-03-12,2013-12-31,30759000.0,191879000.0,-2389000.0,0.998564144038276,55929000.0,0.29148056848326287,1521590000.0,0.0,647950000.0,235055000.0,648930000.0,66639000.0,0.0,534436023.15000004,580494023.1500001,0.0,2.756588883452809,0.1643267897396802,0.0,0.008354088790329062,0.0,0.0,2.7852762582148127,4.343736980639813,0.0,0.0,2.0400966401056437,0.0,0.12610427250441972,2.07254897789879,0.02021503821660237,26.02941862215079,0.29148056848326287,2.920315661612069,0.10428946879138944,-0.041272932587076726,0.0,-0.14569172254723753,2.991389356467694,-1.2122800781944199,0.10428946879138944,-0.041272932587076726,0.0,Conglomerates,Industrials,SPLP
2013Q3,2013,Q3,2013-11-07,2013-09-30,-15446000.0,210737000.0,11254000.0,-0.52,65467000.0,0.31065735964733293,1453375000.0,0.0,684932000.0,189114000.0,666172000.0,68863000.0,0.0,445541324.08,441173324.08,0.0,3.6217942616622776,0.16303706889137354,0.0,0.009936547028088192,0.0,0.0,2.1142054982276486,-7.211273534895765,0.0,0.0,2.109550847334563,0.0,0.14499836587253806,2.7818934610869634,-0.010627676958802786,10.439601763906461,0.31065735964733293,-1.9811320754716981,-0.06045112537161123,-0.06533678142268697,0.0,-0.02363837022012766,-1.9595576815555693,-0.27144429339030235,-0.06045112537161123,-0.06533678142268697,0.0,Conglomerates,Industrials,SPLP
2013Q2,2013,Q2,2013-08-08,2013-06-30,16097000.0,219096000.0,15447000.0,0.53,67052000.0,0.306039361740972,1441629000.0,0.0,677189000.0,187919000.0,631060000.0,67788000.0,0.0,415767048.6,398654048.6,0.0,3.6036217732107985,0.1296262769408773,0.0,0.0394920614535005,0.0,0.0,1.8976478283492169,6.457213278871841,0.0,0.0,2.24293385259928,0.0,0.15197807480287925,2.586651695677393,0.011165840864743981,23.080218085933165,0.306039361740972,2.325,0.07161492600410331,-0.07587450892155553,0.0,0.10637736160382806,2.3470292887029287,0.9702806122448979,0.07161492600410331,-0.07587450892155553,0.0,Conglomerates,Industrials,SPLP
2013Q1,2013,Q1,2013-05-10,2013-03-31,-11950000.0,193394000.0,7840000.0,-0.4,60605000.0,0.31337580276533916,1393669000.0,0.0,670236000.0,172734000.0,591605000.0,60428000.0,0.0,402687914.09000003,383892914.09000003,0.0,3.880162562089687,0.10782761186479717,0.0,0.0452850527043117,0.0,0.0,2.082215136405473,-8.42443334916318,0.0,0.0,2.197474680611637,0.0,0.13876609151814384,2.913468107031621,-0.008574489351488768,-34.59815397284991,0.31337580276533916,-7.730709454949945,-1.7985425670776853,-0.0015040560178877207,0.0,-0.012738853503184714,-7.646273637374861,-0.6653576916510159,-1.7985425670776853,-0.0015040560178877207,0.0,Conglomerates,Industrials,SPLP
2012Q4,2012,Q4,2013-03-21,2012-12-31,1798000.0,165247000.0,23428000.0,0.059429099217145565,61387000.0,0.37148632047783015,1378359000.0,0.0,680752000.0,179551000.0,601612000.0,53155000.0,0.0,356701014.81,312888014.81,0.0,3.791413024711642,0.11188231803180448,0.0,0.126781714679617,0.0,0.0,2.1585929838968334,49.5969152961624,0.0,0.0,1.9539083811494686,0.0,0.1198867638982297,2.703137270190642,0.0013044497115773177,13.334118904340025,0.37148632047783015,-0.45973546166231305,-0.9342787052819144,-0.15936623314853254,0.0,-0.04836684390841304,-0.4843705190708345,0.4719778838904247,-0.9342787052819144,-0.15936623314853254,0.0,Conglomerates,Industrials,SPLP
2012Q3,2012,Q3,2012-11-14,2012-09-30,3487000.0,205097000.0,15916000.0,0.11,64507000.0,0.31451947127456764,1383068000.0,0.0,704353000.0,208392000.0,567585000.0,54670000.0,0.0,371906125.8488,336249125.8488,0.0,3.379942608161542,0.10833306822224215,0.0,0.07948031198736624,0.0,0.0,1.8133182145462878,26.663760098135935,0.0,0.0,2.5716114871044446,0.0,0.14829133491628757,2.5675169872163996,0.00252120647719418,-156.98865590915997,0.31451947127456764,1.3333333333333333,1.2232143426902347,-0.15185678976388858,0.0,-0.03860083163181662,1.340627136856501,-0.5083861003861004,1.2232143426902347,-0.15185678976388858,0.0,Conglomerates,Industrials,SPLP
2012Q2,2012,Q2,2012-08-14,2012-06-30,-10237000.0,213520000.0,32375000.0,-0.33,67097000.0,0.3142422255526414,1409447000.0,0.0,705428000.0,237981000.0,617793000.0,57669000.0,0.0,339896563.90000004,255659563.90000004,0.0,2.9642198326757176,0.10849077687915899,0.0,0.09379558706138721,0.0,0.0,1.5918722550580744,-8.300687796717789,0.0,0.0,2.5390244325374116,0.0,0.15149203907631859,2.4495358873187354,-0.007263132278120426,-478.72755478873245,0.3142422255526414,-1.180327868852459,-1.6584415327149613,-0.1298667471645533,0.0,0.22538169333041128,-1.2226887100282793,29.774714828897338,-1.6584415327149613,-0.1298667471645533,0.0,Conglomerates,Industrials,SPLP
2012Q1,2012,Q1,2012-05-15,2012-03-31,45970000.0,183567000.0,1052000.0,1.83,54756000.0,0.2982889081370835,1198971000.0,0.0,428478000.0,211288000.0,664631000.0,58317000.0,0.0,299678164.1,304956164.1,0.0,2.027933436825565,0.14705943680038966,0.0,0.00573497334879752,0.0,0.0,1.6325274373934313,1.6297485539482273,0.0,0.0,2.208807037399043,0.0,0.1531037864969211,1.4536272765135738,0.03834121092169869,53.802183859964096,0.2982889081370835,1.0237555493588617,2.690515823845718,0.13862396708199765,0.0,0.12675940406617828,1.0187071842613735,-0.8835510294443214,2.690515823845718,0.13862396708199765,0.0,Conglomerates,Industrials,SPLP
2011Q4,2011,Q4,2012-03-26,2011-12-31,22772000.0,163623000.0,9034000.0,0.9042594104706744,48596000.0,0.296999810540083,1129843000.0,0.0,401262000.0,198837000.0,649423000.0,53776000.0,0.0,299678164.1,336305164.1,0.0,2.0180449312753663,0.14484667338736443,0.0,-0.34554414394309957,0.0,0.0,1.8315161322063525,3.2899851143948706,0.0,4.3913578078341826e-05,2.1390025290092236,3.3369131281327148e-06,0.1448192359469413,1.2683856626281829,0.0201550126876035,27.79945863636364,0.296999810540083,2.205679213960899,0.0,0.0,0.0,-0.12543641795342475,2.83808216966664,-0.7450615193588441,0.0,0.0,0.0,Conglomerates,Industrials,SPLP
2011Q3,2011,Q3,2011-09-30,2011-09-30,-12389000.0,191777000.0,35436000.0,-0.75,55566000.0,0.2897427741595707,,,,,,,,300245080.1,,,0.0,0.0,0.0,0.0,,0.0,1.5655948320184383,-6.058702883606426,0.0,0.0,0.0,0.0,0.0,0.0,0.0,25.27102769968858,0.2897427741595707,-2.5,0.0,0.0,0.0,0.03515341194880679,-1.9834881320949433,1.6953677645090135,0.0,0.0,0.0,Conglomerates,Industrials,SPLP
2011Q2,2011,Q2,2011-06-30,2011-06-30,12597000.0,198822000.0,13147000.0,0.5,53679000.0,0.26998521290400457,,,,,,,,300662234.6,,,0.0,0.0,0.0,0.0,,0.0,1.5122181378318296,5.9669412280701755,0.0,0.0,0.0,0.0,0.0,0.0,0.0,-36.36456635220126,0.26998521290400457,0.16279069767441862,0.0,0.0,0.0,0.21149679516114472,0.008486109999199423,1.383430021754895,0.0,0.0,0.0,Conglomerates,Industrials,SPLP
2011Q1,2011,Q1,2011-03-31,2011-03-31,12491000.0,161668000.0,5516000.0,0.43,44308000.0,0.27406784273944135,,,,,,,,300514115.3,,,0.0,0.0,0.0,0.0,,0.0,1.8588348671351165,6.014612827235609,0.0,0.0,0.0,0.0,0.0,0.0,0.0,-9.680887677984666,0.27406784273944135,0.0,0.0,0.0,0.0,0.0,0.0,0.0,0.0,0.0,0.0,Conglomerates,Industrials,SPLP
