Quarters,Year,Quarter,FillingDate,Date,NetIncome,Revenue,OperatingIncome,EPSDiluted,GrossProfit,GrossProfitRatio,TotalAssets,CommonStockEquity,CurrentAssets,CurrentLiability,TotalLiability,Inventory,RetainedEarnings,MarketCap,EnterpriseValue,bookValuePerShare,currentRatio,debtToAssets,debtToEquity,roic,shareholdersEquityPerShare,roe,priceToSalesRatio,peRatio,pbRatio,payoutRatio,inventoryTurnover,dividendYield,assetTurnover,quickRatio,returnOnAssets,priceToFreeCashFlowsRatio,grossProfitMargin,epsdilutedGrowth,fiveYNetIncomeGrowthPerShare,fiveYRevenueGrowthPerShare,fiveYShareholdersEquityGrowthPerShare,grossProfitGrowth,netIncomeGrowth,operatingIncomeGrowth,threeYNetIncomeGrowthPerShare,threeYRevenueGrowthPerShare,threeYShareholdersEquityGrowthPerShare,Industry,Sector,Symbol
2023Q1,2023,Q1,2023-05-03,2023-03-31,15800000.0,198600000.0,25700000.0,0.52,108300000.0,0.5453172205,871300000.0,332700000.0,266400000.0,201700000.0,538600000.0,-199700000.0,369700000.0,1193112000.0,1439812000.0,11.393835616438356,1.32077342588002,0.31619419258579134,0.828073339344755,0.03438278472952536,11.393835616438356,0.0474902314397355,6.007613293051359,18.878354430379744,3.5861496844003606,0.0,-0.4521782674011017,0.0,0.22793526913806955,1.1328705999008428,0.018133823023068978,-19.212753623188405,0.5453172205438066,0.44444444444444453,1.3681729229674437,-0.10185672263494654,1.3760659670419093,0.17717391304347826,0.44954128440366975,0.5029239766081871,3.513531573671902,0.05395038203474635,0.4588887236323166,Capital Markets,Financial Services,DFIN
2022Q4,2022,Q4,2023-02-21,2022-12-31,10900000.0,167700000.0,17100000.0,0.36,92000000.0,0.5485986881,828300000.0,329500000.0,228400000.0,224800000.0,498800000.0,7900000.0,353900000.0,1124715000.0,1304415000.0,11.323024054982818,1.0160142348754448,0.25823976819992756,0.649165402124431,0.02263827823256492,11.323024054982818,0.0330804248861912,6.706708407871199,25.796215596330274,3.41339908952959,0.0,9.582278481012658,0.0,0.20246287576964866,0.8794483985765125,0.013159483279005192,19.225897435897437,0.5485986881335718,-0.41935483870967744,1.5310365827134715,-0.13864328429394288,1.5465435625664172,-0.12213740458015267,-0.4322916666666667,-0.3595505617977528,0.8353951890034363,0.03871261329100554,0.44594089756482014,Capital Markets,Financial Services,DFIN
2022Q3,2022,Q3,2022-11-02,2022-09-30,19200000.0,188700000.0,26700000.0,0.62,104800000.0,0.5553789083,850800000.0,331500000.0,251700000.0,221900000.0,519300000.0,0.0,343000000.0,1101706000.0,1330706000.0,11.124161073825503,1.1342947273546642,0.28185237423601317,0.7233785822021116,0.030427928355714257,11.124161073825503,0.0579185520361991,5.838399576046635,14.345130208333334,3.3233966817496228,0.0,0.0,0.0,0.22179125528913962,0.9986480396575034,0.022566995768688293,16.036477438136828,0.5553789083200847,-0.5633802816901409,3.084589084462454,-0.04419399772065339,1.1530634336436456,-0.32168284789644014,-0.5826086956521739,-0.5948406676783005,0.4989727434597999,0.10547087782768222,0.42971179528309733,Capital Markets,Financial Services,DFIN
2022Q2,2022,Q2,2022-08-03,2022-06-30,46000000.0,266200000.0,65900000.0,1.42,154500000.0,0.5803906837,925200000.0,341400000.0,318400000.0,236400000.0,583800000.0,0.0,323800000.0,922635000.0,1192535000.0,10.838095238095239,1.3468697123519457,0.3109597924773022,0.8427065026362038,0.06927161515931855,10.838095238095239,0.1347393087287639,3.465946656649136,5.014320652173913,2.7025043936731103,0.0,0.0,0.0,0.2877215737137916,1.2318104906937395,0.04971897968006917,29.85873786407767,0.5803906836964688,0.844155844155844,1.5400202634245188,-0.047756883594237146,1.1272851997942035,0.37823371989295274,0.7424242424242424,0.8668555240793201,1.8784292136893292,0.11306320390909032,0.4836573569612511,Capital Markets,Financial Services,DFIN
2022Q1,2022,Q1,2022-05-05,2022-03-31,26400000.0,211000000.0,35300000.0,0.77,112100000.0,0.5312796209,871600000.0,353900000.0,264200000.0,203000000.0,517700000.0,0.0,277800000.0,1094254000.0,1336954000.0,10.756838905775076,1.3014778325123153,0.2903854979348325,0.7151737779033626,0.0411552729199788,10.756838905775076,0.07459734388245268,5.186037914691943,10.362253787878787,3.0919864368465664,0.0,0.0,0.0,0.24208352455254703,1.129064039408867,0.030289123451124368,-17.62083735909823,0.5312796208530806,0.05479452054794526,1.8128247867437983,-0.2178227166406836,1.8166501873756424,-0.20270270270270271,0.03125,0.002840909090909091,20.48762483716891,-0.050284358683795286,0.6076154848191323,Capital Markets,Financial Services,DFIN
2021Q4,2021,Q4,2022-02-22,2021-12-31,25600000.0,232800000.0,35200000.0,0.73,140600000.0,0.60395189,883300000.0,377000000.0,279700000.0,261400000.0,506300000.0,5600000.0,251400000.0,1565048000.0,1691848000.0,11.355421686746988,1.0700076511094108,0.20525302841616666,0.4809018567639257,0.044357808100498164,11.355421686746988,0.06790450928381962,6.722714776632302,15.283671875,4.1513209549071615,0.0,16.464285714285715,0.0,0.2635571153628439,0.9701606732976281,0.028982225744367714,24.960893141945775,0.6039518900343642,-0.4016393442622951,32.42168674698795,0.034356430245870324,2.3320139242839946,-0.09055627425614489,-0.3933649289099526,-0.4584615384615385,27.21686746987952,0.19026279857322445,0.7083377758822901,Capital Markets,Financial Services,DFIN
2021Q3,2021,Q3,2021-11-03,2021-09-30,42200000.0,247700000.0,65000000.0,1.22,154600000.0,0.6241421073879693,994500000.0,358900000.0,394900000.0,318600000.0,635600000.0,5100000.0,225800000.0,1166694000.0,1335294000.0,10.649851632047477,1.2394852479598242,0.2931121166415284,0.8122039565338535,0.063461994062382,10.649851632047477,0.11758149902479799,4.710109002825999,6.911694312796208,3.250749512398997,0.0,18.254901960784313,0.0,0.24906988436400201,1.152856246076585,0.0424333836098542,11.620458167330677,0.6241421073879693,-0.01612903225806453,2.9776575318554714,0.06125136863485625,2.8945281363243596,0.030666666666666665,-0.016317016317016316,0.04838709677419355,-0.11561572700296739,0.14877837562743437,0.5581785512577017,Capital Markets,Financial Services,DFIN
2021Q2,2021,Q2,2021-08-04,2021-06-30,42900000.0,267500000.0,62000000.0,1.24,150000000.0,0.5607476635514018,931500000.0,319600000.0,330100000.0,237200000.0,611900000.0,4300000.0,183600000.0,1112100000.0,1377600000.0,9.483679525222552,1.3916526138279932,0.32785829307568437,0.9555694618272841,0.06697183949722021,9.483679525222552,0.13423028785982477,4.157383177570093,6.48076923076923,3.479662077596996,0.0,27.325581395348838,0.0,0.2871712292002147,1.289629005059022,0.04605475040257649,53.21052631578947,0.5607476635514018,0.2156862745098039,0.1372327758295119,-0.13621387638659319,-0.5889015714984389,0.1111111111111111,0.21875,0.2180746561886051,1.2765767038764075,-0.07675922730215401,0.7729445130117383,Capital Markets,Financial Services,DFIN
2021Q1,2021,Q1,2021-05-05,2021-03-31,35200000.0,245300000.0,50900000.0,1.02,135000000.0,0.550346514472075,900000000.0,276000000.0,308600000.0,240800000.0,624100000.0,6500000.0,140700000.0,935088000.0,1195888000.0,8.214285714285714,1.2815614617940199,0.33255555555555555,1.0844202898550726,0.06209003554180458,8.214285714285714,0.12753623188405797,3.812017937219731,6.641249999999999,3.388,0.0,16.96923076923077,0.0,0.27255555555555555,1.1370431893687707,0.03911111111111111,-20.196285097192224,0.550346514472075,1.9995415472779372,1.533049040511727,-0.014830130302849975,-0.6106745799548609,0.341948310139165,1.9832402234636872,2.8576642335766422,3.5850340136054424,-0.03593236863711005,0.7130038896746814,Capital Markets,Financial Services,DFIN
2020Q4,2020,Q4,2021-02-25,2020-12-31,-35800000.0,210300000.0,-27400000.0,-1.0204678362573099,100600000.0,0.47836424155967666,865600000.0,247800000.0,267200000.0,238500000.0,617800000.0,4900000.0,105500000.0,576980000.0,804680000.0,7.288235294117647,1.120335429769392,0.3480822550831793,1.2158999192897497,-0.04795103804621469,7.288235294117647,-0.14447134786117838,2.7436043747028056,-4.029189944134078,2.328410008071025,0.0,22.387755102040817,0.0,0.24295286506469502,1.0360587002096435,-0.04135859519408503,6.067087276550999,0.47836424155967666,-5.859370648844333,-2.4704868154158213,-0.16008579458606578,-0.6212689277796122,0.03711340206185567,-6.042253521126761,-2.8026315789473686,-0.492777364110201,-0.07550764077873141,0.6391211906449328,Capital Markets,Financial Services,DFIN
2020Q3,2020,Q3,2020-11-04,2020-09-30,7100000.0,209500000.0,15200000.0,0.21,97000000.0,0.4630071599045346,930300000.0,277700000.0,297600000.0,207600000.0,652600000.0,9900000.0,141300000.0,454240000.0,760740000.0,8.16764705882353,1.4335260115606936,0.3734279264753305,1.2509902772776378,0.016347007340400073,8.16764705882353,0.02556715880446525,2.1682100238663486,15.994366197183098,1.635722002160605,0.0,11.363636363636363,0.0,0.22519617327743738,1.2422928709055876,0.00763194668386542,6.719526627218935,0.4630071599045346,6.25,-0.5972689075630251,-0.13799146601645831,0.0,-0.16738197424892703,6.461538461538462,2.8974358974358974,0.32386237513873484,-0.06992230854605988,0.5808349146110057,Capital Markets,Financial Services,DFIN
2020Q2,2020,Q2,2020-08-05,2020-06-30,-1300000.0,254000000.0,3900000.0,-0.04,116500000.0,0.45866141732283466,963800000.0,270400000.0,315300000.0,191500000.0,693400000.0,11000000.0,134200000.0,285600000.0,658700000.0,7.952941176470588,1.6464751958224544,0.4259182402988172,1.518121301775148,0.0036025665622135532,7.952941176470588,-0.004807692307692308,1.1244094488188976,-54.92307692307692,1.0562130177514792,0.0,12.5,0.0,0.26354015355882965,1.5028720626631853,-0.0013488275575845611,64.9090909090909,0.45866141732283466,-1.3333333333333335,-1.0305882352941178,-0.21642260011806602,0.0,0.3803317535545024,-1.3170731707317074,-0.6722689075630253,-1.0665050062578223,-0.15820732152268213,0.5609914554056917,Capital Markets,Financial Services,DFIN
2020Q1,2020,Q1,2020-05-07,2020-03-31,4100000.0,220700000.0,11900000.0,0.12,84400000.0,0.3824195740824649,934800000.0,267100000.0,264300000.0,192100000.0,667700000.0,15200000.0,135500000.0,180234000.0,566934000.0,7.809941520467836,1.3758459135866736,0.3600770218228498,1.260202171471359,0.009578781007352436,7.809941520467836,0.015350056158742045,0.816647032170367,10.989878048780488,0.6747809809060277,0.0,8.967105263157896,0.0,0.23609328198545143,1.157209786569495,0.0043859649122807015,-4.096227272727273,0.3824195740824649,-0.4000000000000001,-0.8367978770455551,-0.22675957645593275,0.0,0.17059639389736478,-0.4142857142857143,0.859375,-0.5797648242469975,-0.21296350990957888,1.0450127997369596,Capital Markets,Financial Services,DFIN
2019Q4,2019,Q4,2020-02-26,2019-12-31,7000000.0,190300000.0,6400000.0,0.2,72100000.0,0.3788754598003153,886900000.0,268600000.0,211200000.0,179500000.0,618300000.0,11100000.0,131900000.0,359121000.0,660521000.0,7.830903790087463,1.1766016713091922,0.35922877438268125,1.186150409530901,0.013419200239628575,7.830903790087463,0.026061057334326135,1.8871308460325802,12.825750000000001,1.337010424422934,0.0,10.64864864864865,0.0,0.21456759499379863,0.9949860724233983,0.007892659826361484,7.329,0.3788754598003153,-0.5348837209302325,-0.7149894440534834,-0.24661106209936978,-0.5930693138751663,-0.03351206434316354,-0.5238095238095238,-0.8006230529595015,9.316326530612244,-0.18159175758215382,1.2978169537070323,Capital Markets,Financial Services,DFIN
2019Q3,2019,Q3,2019-11-05,2019-09-30,14700000.0,195900000.0,32100000.0,0.43,74600000.0,0.38080653394589076,962300000.0,266100000.0,268000000.0,193500000.0,696200000.0,13700000.0,124900000.0,421344000.0,816544000.0,7.780701754385965,1.3850129198966408,0.3783643354463265,1.368282600526118,0.028354845687914625,7.780701754385965,0.0552423900789177,2.150811638591118,7.1657142857142855,1.5834047350620069,0.0,8.854014598540147,0.0,0.20357476878312378,1.2056847545219638,0.01527590148602307,8.071724137931035,0.38080653394589076,-0.15686274509803924,-0.17105263157894732,-0.19866375784019627,0.0,-0.32120109190172885,-0.15028901734104047,-0.038922155688622756,0.36532507739938075,-0.1729524345623416,1.8453130569086371,Capital Markets,Financial Services,DFIN
2019Q2,2019,Q2,2019-08-01,2019-06-30,17300000.0,258900000.0,33400000.0,0.51,109900000.0,0.42448821938972575,1009100000.0,249100000.0,300900000.0,201200000.0,760000000.0,13000000.0,110200000.0,466147000.0,938547000.0,7.3049853372434015,1.4955268389662029,0.4153205826974532,1.6824568446407064,0.031873041789859224,7.3049853372434015,0.06945002007226013,1.800490536886829,6.736228323699422,1.8713247691690085,0.0,11.461538461538462,0.0,0.25656525616886333,1.3429423459244534,0.017143989693786544,-57.54901234567901,0.42448821938972575,13.75,-0.5941348973607038,-0.20364855332847898,0.0,0.45178335535006603,13.357142857142858,4.0606060606060606,-0.5467751637947053,-0.17379083361215536,-0.6833435815306891,Capital Markets,Financial Services,DFIN
2019Q1,2019,Q1,2019-05-02,2019-03-31,-1400000.0,229600000.0,6600000.0,-0.04,75700000.0,0.3297038327526132,1002400000.0,227500000.0,281700000.0,211700000.0,774900000.0,14800000.0,92900000.0,511700000.0,986800000.0,6.6911764705882355,1.3306565895134626,0.4107142857142857,1.8096703296703296,0.007622064391595931,6.6911764705882355,-0.006153846153846154,2.2286585365853657,-91.375,2.249230769230769,0.0,10.39864864864865,0.0,0.22905027932960895,1.1624940954180445,-0.0013966480446927375,-6.135491606714628,0.3297038327526132,-0.36000000000000004,-1.0560553633217993,-0.19084580577793245,0.0,0.07375886524822695,-0.4,0.9411764705882353,-1.0995610184372258,-0.08873263591150744,-0.6828640759990362,Capital Markets,Financial Services,DFIN
2018Q4,2018,Q4,2019-02-27,2018-12-31,-1000000.0,200300000.0,3400000.0,-0.029411764705882353,70500000.0,0.35197204193709436,868700000.0,226000000.0,249000000.0,198400000.0,642700000.0,12100000.0,94300000.0,477020000.0,792420000.0,6.647058823529412,1.2550403225806452,0.41752043283066653,1.6048672566371682,0.0016986580601324951,6.647058823529412,-0.004424778761061947,2.381527708437344,-119.255,2.1107079646017697,0.0,10.727272727272727,0.0,0.2305744215494417,1.1098790322580645,-0.0011511453896627143,11.466826923076923,0.35197204193709436,-1.0210084033613445,-1.041075050709939,-0.20002465361668553,-0.6545874805415349,-0.15669856459330145,-1.0208333333333333,-0.9452495974235104,-1.041075050709939,-0.20002465361668553,-0.6545874805415349,Capital Markets,Financial Services,DFIN
2018Q3,2018,Q3,2018-11-07,2018-09-30,48000000.0,216900000.0,62100000.0,1.4,83600000.0,0.38543107422775474,913400000.0,231700000.0,307900000.0,204800000.0,681700000.0,13800000.0,84400000.0,590199000.0,931199000.0,6.834808259587021,1.50341796875,0.4348587694328881,1.7142857142857142,0.07001040244472718,6.834808259587021,0.20716443677168753,2.7210650069156292,3.073953125,2.547255071212775,0.0,9.659420289855072,0.0,0.23746441865557258,1.35595703125,0.05255090869279615,11.052415730337078,0.38543107422775474,1.4999999999999996,1.7307206068268017,-0.10491081663533401,0.0,-0.3312,1.5396825396825398,0.7154696132596685,1.7307206068268017,-0.10491081663533401,0.0,Capital Markets,Financial Services,DFIN
2018Q2,2018,Q2,2018-08-02,2018-06-30,18900000.0,290600000.0,36200000.0,0.56,125000000.0,0.4301445285615967,929200000.0,180800000.0,328600000.0,179400000.0,748400000.0,16300000.0,36400000.0,587106000.0,1061606000.0,5.349112426035503,1.8316610925306578,0.5233534222987516,2.689712389380531,0.037706005802110976,5.349112426035503,0.10453539823008849,2.0203234686854783,7.765952380952382,3.2472676991150444,0.0,10.159509202453988,0.0,0.31274214377959536,1.4665551839464883,0.02034007748600947,-101.2251724137931,0.4301445285615967,1.4347826086956523,-0.5526627218934912,-0.09820876138081105,0.0,0.2939958592132505,1.4545454545454546,0.865979381443299,-0.5526627218934912,-0.09820876138081105,0.0,Capital Markets,Financial Services,DFIN
2018Q1,2018,Q1,2018-05-02,2018-03-31,7700000.0,255200000.0,19400000.0,0.23,96600000.0,0.3785266457680251,915200000.0,161600000.0,297800000.0,179200000.0,753600000.0,18500000.0,17500000.0,578629000.0,1045329000.0,4.795252225519288,1.6618303571428572,0.5231643356643356,2.962871287128713,0.02082682698313554,4.795252225519288,0.04764851485148515,2.267355015673981,18.786655844155845,3.580625,0.0,8.572972972972973,0.0,0.27884615384615385,1.4012276785714286,0.008413461538461538,-9.643816666666666,0.3785266457680251,1.323943661971831,-0.6889509513004015,-0.09262023071655569,0.0,0.12195121951219512,1.3248945147679325,0.7798165137614679,-0.6889509513004015,-0.09262023071655569,0.0,Capital Markets,Financial Services,DFIN
2017Q4,2017,Q4,2018-02-28,2017-12-31,-23700000.0,224800000.0,10900000.0,-0.71,86100000.0,0.3830071174377224,893500000.0,149400000.0,270100000.0,187000000.0,744100000.0,23300000.0,8900000.0,654864000.0,1061164000.0,4.446428571428571,1.4443850267379679,0.5129266927811975,3.06760374832664,-0.5313682738193187,4.446428571428571,-0.15863453815261044,2.9130960854092525,-6.907848101265822,4.383293172690763,0.0,5.952789699570816,0.0,0.25159485170677115,1.1614973262032084,-0.026524902070509233,13.123527054108216,0.3830071174377224,-5.4375,-1.985067733990148,-0.09148604957490121,-0.7689426051094054,0.05,-5.471698113207547,-0.39444444444444443,-1.985067733990148,-0.09148604957490121,-0.7689426051094054,Capital Markets,Financial Services,DFIN
2017Q3,2017,Q3,2017-11-02,2017-09-30,5300000.0,222600000.0,18000000.0,0.16,82000000.0,0.3683737646001797,933700000.0,173600000.0,290200000.0,184500000.0,760100000.0,23600000.0,32600000.0,724416000.0,1180616000.0,5.166666666666667,1.57289972899729,0.5230802184855949,2.813364055299539,0.019474156936392588,5.166666666666667,0.03052995391705069,3.2543396226415093,34.170566037735846,4.172903225806452,0.0,5.9576271186440675,0.0,0.23840634036628466,1.3631436314363143,0.005676341437292492,11.12774193548387,0.3683737646001797,-0.719298245614035,-0.6957908163265306,-0.0731865284974093,0.0,-0.3021276595744681,-0.7180851063829787,-0.5804195804195804,-0.6957908163265306,-0.0731865284974093,0.0,Capital Markets,Financial Services,DFIN
2017Q2,2017,Q2,2017-08-02,2017-06-30,18800000.0,290200000.0,42900000.0,0.57,117500000.0,0.4048931771192281,968400000.0,166600000.0,320100000.0,187400000.0,801800000.0,26000000.0,27300000.0,750792000.0,1268592000.0,5.09480122324159,1.708110992529349,0.5430607187112764,3.1566626650660266,0.036509398730237765,5.09480122324159,0.11284513805522209,2.587153687112336,9.983936170212766,4.50655462184874,0.0,6.642307692307693,0.0,0.2996695580338703,1.4941302027748133,0.019413465510119784,-84.35865168539326,0.4048931771192281,1.0357142857142854,-0.5400611620795107,-0.0691563137620619,0.0,0.20020429009193055,1.021505376344086,0.5772058823529411,-0.5400611620795107,-0.0691563137620619,0.0,Capital Markets,Financial Services,DFIN
2017Q1,2017,Q1,2017-05-04,2017-03-31,9300000.0,267300000.0,27200000.0,0.28,97900000.0,0.3662551440329218,1024600000.0,124500000.0,374600000.0,201100000.0,900100000.0,27500000.0,8500000.0,628854000.0,1224054000.0,3.8190184049079754,1.862754848334162,0.592914308022643,4.879518072289157,0.021464209347316972,3.8190184049079754,0.0746987951807229,2.352615039281706,16.904677419354837,5.051036144578313,0.0,6.16,0.0,0.2608822955299629,1.6399801093983093,0.00907671286355651,-14.796564705882354,0.3662551440329218,15.000000000000002,-0.6116409754085683,-0.017529132028895993,0.0,0.31409395973154364,12.625,3.1846153846153844,-0.6116409754085683,-0.017529132028895993,0.0,Capital Markets,Financial Services,DFIN
2016Q4,2016,Q4,2017-02-28,2016-12-31,-800000.0,221000000.0,6500000.0,-0.02,74500000.0,0.33710407239819007,978900000.0,111100000.0,329600000.0,186000000.0,867800000.0,24100000.0,-800000.0,749148000.0,1299948000.0,3.4079754601226995,1.772043010752688,0.5996526713658188,5.283528352835283,0.0015201611370805302,3.4079754601226995,-0.0072007200720072,3.389809954751131,-234.10875,6.743006300630063,0.0,6.078838174273859,0.0,0.22576361221779548,1.5505376344086022,-0.0008172438451322913,20.247243243243243,0.33710407239819007,-1.0645161290322582,-1.034271207954305,-0.07944605289546895,-0.8229055254082189,-0.04487179487179487,-1.0784313725490196,-0.6388888888888888,-1.034271207954305,-0.07944605289546895,-0.8229055254082189,Capital Markets,Financial Services,DFIN
2016Q3,2016,Q3,2016-11-09,2016-09-30,10200000.0,224400000.0,18000000.0,0.31,78000000.0,0.34759358288770054,914000000.0,88600000.0,290200000.0,162100000.0,825400000.0,25100000.0,0.0,939600000.0,1523100000.0,2.734567901234568,1.7902529302899446,0.6963894967177243,7.183972911963883,0.01398930686641812,2.734567901234568,0.11512415349887133,4.18716577540107,23.02941176470588,10.604966139954852,0.0,5.8326693227091635,0.0,0.24551422319474836,1.5515114127082048,0.011159737417943107,10.593010146561443,0.34759358288770054,-0.7230612275891765,-0.3928571428571428,-0.031088082901554417,0.0,-0.401840490797546,-0.71900826446281,-0.6949152542372882,-0.3928571428571428,-0.031088082901554417,0.0,Capital Markets,Financial Services,DFIN
2016Q2,2016,Q2,2016-06-30,2016-06-30,36300000.0,298000000.0,59000000.0,1.119381,130400000.0,0.4375838926174497,935600000.0,748100000.0,312100000.0,118200000.0,187500000.0,23400000.0,0.0,753965647.5,749665647.5,23.0691213288998,2.6404399323181047,0.03163745190252244,0.03956690282047855,0.046755342524308206,23.0691213288998,0.04852292474268146,2.5300860654362416,5.1926008780991735,1.0078407265071516,0.0,7.162393162393163,0.0,0.3185121846943138,2.329103214890017,0.038798631893971786,119.67708690476191,0.4375838926174497,1.7316233351066166,-0.1044950095024058,-0.03613820922232132,0.0,0.5980392156862745,1.708955223880597,1.6222222222222222,-0.1044950095024058,-0.03613820922232132,0.0,Capital Markets,Financial Services,DFIN
2016Q1,2016,Q1,2016-03-31,2016-03-31,13400000.0,240100000.0,22500000.0,0.409786,81600000.0,0.3398583923365264,875600000.0,683600000.0,247400000.0,121200000.0,192000000.0,25200000.0,0.0,753300000.0,783500000.0,21.098765432098766,2.041254125412541,0.05162174508908177,0.06612053832650673,0.018634853294567898,21.098765432098766,0.01960210649502633,3.137442732194919,14.05410447761194,1.1019602106495026,0.0,6.2896825396825395,0.0,0.274211968935587,1.768976897689769,0.015303791685701234,-14.431034482758621,0.3398583923365264,-0.4277126551724138,-0.4369747899159664,-0.11205621301775147,0.0,-0.15789473684210525,-0.4224137931034483,-0.4094488188976378,-0.4369747899159664,-0.11205621301775147,0.0,Capital Markets,Financial Services,DFIN
2015Q4,2015,Q4,2015-12-31,2015-12-31,23200000.0,238600000.0,38100000.0,0.7160493827160493,96900000.0,0.40611902766135793,817600000.0,623500000.0,190800000.0,123700000.0,194100000.0,22200000.0,0.0,753300000.0,776200000.0,19.243827160493826,1.5424413904607923,0.04647749510763209,0.06094627105052125,0.0351641007280105,19.243827160493826,0.037209302325581395,3.1571668063704945,8.117456896551724,1.2081796311146753,0.0,6.382882882882883,0.0,0.29182974559686886,1.3039611964430073,0.02837573385518591,14.570599613152805,0.40611902766135793,0.3937402463714632,0.0,0.0,0.0,0.10869565217391304,0.38095238095238093,0.35106382978723405,0.0,0.0,0.0,Capital Markets,Financial Services,DFIN
2015Q3,2015,Q3,2015-09-30,2015-09-30,16800000.0,231600000.0,28200000.0,0.513761,87400000.0,0.37737478411053543,,,,,,,,753300000.0,,,0.0,0.0,0.0,0.0,,0.0,3.2525906735751295,11.209821428571429,0.0,0.0,0.0,0.0,0.0,0.0,0.0,12.513289036544851,0.37737478411053543,-0.5851855260905653,0.0,0.0,0.0,-0.34970238095238093,-0.5851851851851851,-0.5765765765765766,0.0,0.0,0.0,Capital Markets,Financial Services,DFIN
2015Q2,2015,Q2,2015-06-30,2015-06-30,40500000.0,308900000.0,66600000.0,1.238532,134400000.0,0.43509226286824215,,,,,,,,753300000.0,,,0.0,0.0,0.0,0.0,,0.0,2.438653285853027,4.65,0.0,0.0,0.0,0.0,0.0,0.0,0.0,18.46323529411765,0.43509226286824215,0.7016799275654035,0.0,0.0,0.0,0.35347432024169184,0.7016806722689075,0.6733668341708543,0.0,0.0,0.0,Capital Markets,Financial Services,DFIN
2015Q1,2015,Q1,2015-03-31,2015-03-31,23800000.0,270400000.0,39800000.0,0.727829,99300000.0,0.3672337278106509,,,,,,,,753300000.0,,,0.0,0.0,0.0,0.0,,0.0,2.785872781065089,7.91281512605042,0.0,0.0,0.0,0.0,0.0,0.0,0.0,-12.789473684210526,0.3672337278106509,0.0,0.0,0.0,0.0,0.0,0.0,0.0,0.0,0.0,0.0,Capital Markets,Financial Services,DFIN
