Quarters,Year,Quarter,FillingDate,Date,NetIncome,Revenue,OperatingIncome,EPSDiluted,GrossProfit,GrossProfitRatio,TotalAssets,CommonStockEquity,CurrentAssets,CurrentLiability,TotalLiability,Inventory,RetainedEarnings,MarketCap,EnterpriseValue,bookValuePerShare,currentRatio,debtToAssets,debtToEquity,roic,shareholdersEquityPerShare,roe,priceToSalesRatio,peRatio,pbRatio,payoutRatio,inventoryTurnover,dividendYield,assetTurnover,quickRatio,returnOnAssets,priceToFreeCashFlowsRatio,grossProfitMargin,epsdilutedGrowth,fiveYNetIncomeGrowthPerShare,fiveYRevenueGrowthPerShare,fiveYShareholdersEquityGrowthPerShare,grossProfitGrowth,netIncomeGrowth,operatingIncomeGrowth,threeYNetIncomeGrowthPerShare,threeYRevenueGrowthPerShare,threeYShareholdersEquityGrowthPerShare,Industry,Sector,Symbol
2023Q2,2023,Q2,2023-05-09,2023-03-31,75000000.0,1033000000.0,129000000.0,1.29,210000000.0,0.2032913843,3519000000.0,1099000000.0,1742000000.0,904000000.0,2287000000.0,625000000.0,1360000000.0,4314832000.0,5469832000.0,19.52042628774423,1.926991150442478,0.3864734299516908,1.237488626023658,0.03862989389626234,19.52042628774423,0.06824385805277525,4.1769912875121005,14.382773333333333,3.9261437670609642,0.28,1.3168,0.004866933405518453,0.2935493037794828,1.075221238938053,0.021312872975277068,38.87236036036036,0.20329138431752178,0.3870967741935484,1.475767569482233,0.38588339974898694,-0.008155036371178826,0.16022099447513813,0.3888888888888889,0.22857142857142856,76.39964476021314,0.4626823105596276,0.1944390571744037,Specialty Chemicals,Basic Materials,CBT
2023Q1,2023,Q1,2023-02-09,2022-12-31,54000000.0,965000000.0,105000000.0,0.93,181000000.0,0.1875647668,3535000000.0,1009000000.0,1800000000.0,984000000.0,2376000000.0,704000000.0,1314000000.0,3763092000.0,4983092000.0,17.92184724689165,1.829268292682927,0.3988684582743989,1.3974231912784936,0.03307151715584952,17.92184724689165,0.053518334985133795,3.899577202072539,17.421722222222222,3.729526263627354,0.3888888888888889,1.1136363636363635,0.0055805172980091895,0.272984441301273,0.9847560975609756,0.015275813295615276,221.35835294117646,0.18756476683937823,-0.4329268292682926,1.4858367955624143,0.4711308112541939,-0.17840507390726876,-0.17727272727272728,-0.425531914893617,-0.26573426573426573,0.32538773902872253,0.33575235352466776,-0.011324509072104751,Specialty Chemicals,Basic Materials,CBT
2022Q4,2022,Q4,2022-11-23,2022-09-30,94000000.0,1112000000.0,143000000.0,1.64,220000000.0,0.1978417266,3525000000.0,898000000.0,1820000000.0,1105000000.0,2493000000.0,664000000.0,1284000000.0,3593720434.51,4830720434.51,15.96485342851183,1.6470588235294117,0.4093617021276596,1.6069042316258353,0.0457313173177783,15.96485342851183,0.10467706013363029,3.2317629806744606,9.55776711305851,4.001915851347439,0.22340425531914893,1.3433734939759037,0.005843526335087144,0.31546099290780144,0.9429864253393665,0.02666666666666667,239.58136230066668,0.19784172661870503,-0.029585798816568074,0.5208569003205096,0.6921384799540279,-0.3324496423147529,-0.06382978723404255,-0.030927835051546393,-0.1488095238095238,1.8906197029703624,0.3645087424451416,-0.0868905440900554,Specialty Chemicals,Basic Materials,CBT
2022Q3,2022,Q3,2022-08-08,2022-06-30,97000000.0,1149000000.0,168000000.0,1.69,235000000.0,0.2045256745,3568000000.0,895000000.0,1871000000.0,1100000000.0,2525000000.0,664000000.0,1210000000.0,3591377000.0,4793377000.0,15.896980461811722,1.700909090909091,0.3951793721973094,1.5754189944134078,0.0493891996803288,15.896980461811722,0.10837988826815642,3.1256544821583985,9.256126288659793,4.012711731843575,0.21649484536082475,1.3765060240963856,0.0058473393353023085,0.3220291479820628,0.9854545454545455,0.02718609865470852,-224.4610625,0.20452567449956485,-0.1288659793814433,1.3825646919281627,0.8014258594157437,-0.2794933739241578,0.01293103448275862,-0.12612612612612611,0.043478260869565216,2.132569019760213,0.4052131729218997,-0.15300803664955534,Specialty Chemicals,Basic Materials,CBT
2022Q2,2022,Q2,2022-05-09,2022-03-31,111000000.0,1092000000.0,161000000.0,1.94,232000000.0,0.2124542125,3524000000.0,918000000.0,1778000000.0,1407000000.0,2458000000.0,633000000.0,1135000000.0,3872006000.0,4994006000.0,16.219081272084807,1.263681592039801,0.3793984108967083,1.4564270152505447,0.05391194171681976,16.219081272084807,0.12091503267973856,3.54579304029304,8.720734234234234,4.2178714596949884,0.1891891891891892,1.3586097946287519,0.005423545314754162,0.3098751418842225,0.7149964463397299,0.031498297389330306,-124.9034193548387,0.21245421245421245,2.3566433566433567,0.6555797614840988,0.7776726642484127,-0.22359018082125004,0.1717171717171717,2.3703703703703702,2.808988764044944,4.056306652327546,0.35555909098521243,-0.1288120294976186,Specialty Chemicals,Basic Materials,CBT
2022Q1,2022,Q1,2022-02-04,2021-12-31,-81000000.0,968000000.0,-89000000.0,-1.43,198000000.0,0.2045454545,3315000000.0,794000000.0,1609000000.0,1327000000.0,2367000000.0,546000000.0,1049000000.0,3179795550.4,4313795550.4,14.03322927299106,1.212509419743783,0.396078431372549,1.6536523929471032,-0.03678980969732229,14.03322927299106,-0.10201511335012595,3.284912758677686,-9.814183797530864,4.004780290176323,-0.25925925925925924,1.4102564102564104,0.006604198184175181,0.2920060331825038,0.6322532027128862,-0.024434389140271493,-40.250576587341776,0.20454545454545456,-3.86,-2.648493870412707,0.7411260955368252,-0.26424725513901676,0.11235955056179775,-3.793103448275862,-2.2027027027027026,-2.2346972652683363,0.24010014498733434,-0.26936776325036915,Specialty Chemicals,Basic Materials,CBT
2021Q4,2021,Q4,2021-11-29,2021-09-30,29000000.0,904000000.0,74000000.0,0.5,178000000.0,0.19690265486725664,3306000000.0,947000000.0,1425000000.0,1147000000.0,2216000000.0,523000000.0,1159000000.0,2843148118.16,3921148118.16,16.694044076295626,1.2423714036617262,0.37689050211736236,1.3157338965153116,0.017726673853156065,16.694044076295626,0.030623020063357972,3.1450753519469026,24.509897570344826,3.0022683401900734,0.6896551724137931,1.3881453154875718,0.007034455880878764,0.2734422262552934,0.7088055797733217,0.008771929824561403,142.157405908,0.19690265486725664,-0.6621621621621622,-0.38839448070629956,0.6016017074791526,-0.1848129109484386,-0.16822429906542055,-0.6627906976744186,-0.44776119402985076,-0.6716944579186065,0.13176842774476655,-0.12672256185377712,Specialty Chemicals,Basic Materials,CBT
2021Q3,2021,Q3,2021-08-09,2021-06-30,86000000.0,917000000.0,134000000.0,1.48,214000000.0,0.23336968375136313,3225000000.0,955000000.0,1370000000.0,704000000.0,2131000000.0,487000000.0,1169000000.0,3227931000.0,4210931000.0,16.843033509700177,1.9460227272727273,0.35844961240310075,1.2104712041884818,0.047994823861076126,16.843033509700177,0.09005235602094241,3.5200992366412214,9.38352034883721,3.380032460732984,0.23255813953488372,1.4435318275154003,0.006195919305586148,0.28434108527131785,1.1448863636363635,0.02666666666666667,129.11724,0.23336968375136313,0.1384615384615384,0.6870908345930965,0.6222051555635076,-0.18545412182183657,0.0,0.14666666666666667,0.046875,0.061014434423600994,0.16578101410934729,-0.1054070964448156,Specialty Chemicals,Basic Materials,CBT
2021Q2,2021,Q2,2021-05-05,2021-03-31,75000000.0,842000000.0,128000000.0,1.3,214000000.0,0.25415676959619954,3047000000.0,811000000.0,1224000000.0,647000000.0,2100000000.0,436000000.0,1094000000.0,2969281540.2,3962281540.2,14.322939547569952,1.8918083462132922,0.37381030521824743,1.404438964241677,0.04672750977835723,14.322939547569952,0.09247842170160296,3.5264626368171017,9.897605133999999,3.6612596056720097,0.26666666666666666,1.4403669724770642,0.0067356361224853315,0.2763373810305218,1.1190108191653787,0.02461437479488021,118.77126160799999,0.25415676959619954,0.22646831843646043,0.7205078190710735,0.6323015027130634,-0.29069707830766484,0.10880829015544041,0.25,0.0847457627118644,1.4730581562005693,0.12320276089832348,-0.27224256042315265,Specialty Chemicals,Basic Materials,CBT
2021Q1,2021,Q1,2021-02-05,2020-12-31,60000000.0,746000000.0,118000000.0,1.059954,193000000.0,0.2587131367292225,2980000000.0,823000000.0,1125000000.0,570000000.0,2018000000.0,403000000.0,1032000000.0,2540486929.2000003,3499486929.2000003,14.539039573658123,1.9736842105263157,0.3711409395973154,1.3438639125151883,0.043252640453262534,14.539039573658123,0.07290400972053462,3.4054784573726544,10.585362205,3.0868613963547995,0.3333333333333333,1.3722084367245657,0.007872506553811715,0.25033557046979865,1.1578947368421053,0.020134228187919462,-317.56086615000004,0.2587131367292225,1.2200442432682224,10.441238866489433,0.3626906954341575,-0.21784617328378444,0.40875912408759124,1.2205882352941178,2.6857142857142855,1.5368984775918635,0.1311158389488582,-0.3334838212031572,Specialty Chemicals,Basic Materials,CBT
2020Q4,2020,Q4,2020-11-25,2020-09-30,-272000000.0,659000000.0,-70000000.0,-4.817004,137000000.0,0.2078907435508346,2781000000.0,691000000.0,978000000.0,529000000.0,1967000000.0,359000000.0,989000000.0,2034492967.14,2998492967.1400003,12.237314358967147,1.8487712665406428,0.4009349154980223,1.6136034732272069,-0.1169744942832014,12.237314358967147,-0.39363241678726485,3.0872427422458273,-1.8699383889154413,2.9442734690882784,-0.07352941176470588,1.4540389972144847,0.00983045914782154,0.2369651204602661,1.0756143667296787,-0.09780654440848616,33.35234372360656,0.2078907435508346,-39.1417,-8.521558000318702,0.08633004344043664,-0.380613430949063,0.9855072463768116,-44.333333333333336,-18.5,-5.3837812337968485,-0.001067830887924154,-0.48831202152810443,Specialty Chemicals,Basic Materials,CBT
2020Q3,2020,Q3,2020-08-07,2020-06-30,-6000000.0,518000000.0,4000000.0,-0.12,69000000.0,0.13320463320463322,3019000000.0,930000000.0,983000000.0,494000000.0,1976000000.0,393000000.0,1277000000.0,2091859598.3999999,3113859598.3999996,16.471707769658504,1.9898785425101215,0.39218284200066245,1.2731182795698925,0.0010320805022791778,16.471707769658504,-0.0064516129032258064,4.038338993050193,-87.1608166,2.2493113961290323,-3.3333333333333335,1.1424936386768447,0.00956087110975201,0.17157999337528984,1.0607287449392713,-0.001987413050679033,19.734524513207546,0.13320463320463322,-11.0,0.9849754631614174,-0.16827425872678406,-0.18012861673953023,-0.5490196078431373,-5.0,-0.8333333333333334,-1.1469563283191329,-0.19017682904988448,-0.2534447268565534,Specialty Chemicals,Basic Materials,CBT
2020Q2,2020,Q2,2020-05-11,2020-03-31,-1000000.0,710000000.0,24000000.0,-0.01,153000000.0,0.21549295774647886,3097000000.0,925000000.0,1171000000.0,563000000.0,2062000000.0,469000000.0,1302000000.0,1478392000.0,2533392000.0,16.342756183745582,2.079928952042629,0.38650306748466257,1.2940540540540542,0.0018850141376060316,16.342756183745582,-0.001081081081081081,2.0822422535211267,-369.598,1.5982616216216219,-20.0,1.187633262260128,0.013528211732747472,0.2292541168873103,1.0728241563055063,-0.00032289312237649337,-54.75525925925926,0.21549295774647886,-1.0142857142857142,-1.0431163087795596,0.14686896263785498,-0.39921945182595026,0.0851063829787234,-1.024390243902439,-0.6190476190476191,-1.014915132986343,0.15581281283550658,-0.21766984450942964,Specialty Chemicals,Basic Materials,CBT
2020Q1,2020,Q1,2020-02-06,2019-12-31,41000000.0,727000000.0,63000000.0,0.7,141000000.0,0.1939477303988996,3151000000.0,1027000000.0,1196000000.0,574000000.0,1999000000.0,479000000.0,1329000000.0,2692265415.84,3625265415.84,18.1271280732079,2.083623693379791,0.35099968264043163,1.0769230769230769,0.02717299578059072,18.1271280732079,0.03992210321324245,3.7032536669050895,16.416252535609758,2.6214853124050634,0.4878048780487805,1.2233820459290188,0.007428688078942581,0.23072040622024753,1.146341463414634,0.013011742304030467,72.76393015783785,0.1939477303988996,0.27272727272727254,0.023576935086169867,0.005836820597862849,-0.3770135377046917,-0.17543859649122806,0.24242424242424243,-0.16,-0.1666880385565485,0.30590239840114236,-0.049606902526818306,Specialty Chemicals,Basic Materials,CBT
2019Q4,2019,Q4,2019-11-22,2019-09-30,33000000.0,827000000.0,75000000.0,0.55,171000000.0,0.2067714631197098,3004000000.0,998000000.0,1210000000.0,599000000.0,1870000000.0,466000000.0,1337000000.0,2586892293.48,3481892293.48,17.484052240596185,2.020033388981636,0.35419440745672437,1.066132264529058,0.02171489786759703,17.484052240596185,0.033066132264529056,3.1280438857073762,19.597668889999998,2.5920764463727455,0.6060606060606061,1.407725321888412,0.007731284387219358,0.27529960053262315,1.1669449081803005,0.010985352862849533,20.2100960428125,0.2067714631197098,0.003750376406391205,0.20068955546793799,0.023919041131341665,-0.4203580584360537,0.0058823529411764705,0.03125,-0.07407407407407407,-0.308348512513395,0.45610126635697656,-0.1462360117357678,Specialty Chemicals,Basic Materials,CBT
2019Q3,2019,Q3,2019-08-08,2019-06-30,32000000.0,845000000.0,81000000.0,0.547945,170000000.0,0.20118343195266272,3119000000.0,1092000000.0,1335000000.0,645000000.0,1893000000.0,518000000.0,1351000000.0,2806109082.14,3765109082.14,18.768750058652344,2.0697674418604652,0.354600833600513,1.0128205128205128,0.020829212327412274,18.768750058652344,0.029304029304029304,3.320839150461538,21.92272720421875,2.5696969616666663,0.625,1.303088803088803,0.007127306677881377,0.2709201667201026,1.1751937984496124,0.010259698621352998,49.22998389719298,0.20118343195266272,0.4049871794871795,-0.31693838151927867,-0.002203207578361053,-0.41921761284425485,-0.0449438202247191,0.391304347826087,0.1095890410958904,-0.38823339719537225,0.4567630658572357,-0.09232455127356855,Specialty Chemicals,Basic Materials,CBT
2019Q2,2019,Q2,2019-05-09,2019-03-31,23000000.0,844000000.0,73000000.0,0.39,178000000.0,0.2109004739336493,3272000000.0,1104000000.0,1523000000.0,1133000000.0,2040000000.0,554000000.0,1367000000.0,2543970000.0,3620970000.0,18.617200674536257,1.3442188879082082,0.38294621026894865,1.1349637681159421,0.018330115245079787,18.617200674536257,0.020833333333333332,3.014182464454976,27.651847826086954,2.304320652173913,0.8695652173913043,1.2021660649819494,0.007861727929181555,0.25794621026894865,0.6451897616946161,0.007029339853300734,54.12702127659575,0.2109004739336493,-0.6578947368421052,-0.3054028981637624,0.02181845367445742,-0.4087370482891534,0.07228915662650602,-0.6666666666666666,-0.05194805194805195,-0.4962010880410343,0.5623010962401729,-0.07803598637533196,Specialty Chemicals,Basic Materials,CBT
2019Q1,2019,Q1,2019-02-08,2018-12-31,69000000.0,821000000.0,77000000.0,1.14,166000000.0,0.20219244823386115,3255000000.0,1143000000.0,1381000000.0,1055000000.0,1979000000.0,589000000.0,1410000000.0,2555344628.64,3604344628.64,19.206967017251788,1.309004739336493,0.36589861751152075,1.041994750656168,0.03628963153384747,19.206967017251788,0.06036745406824147,3.1124782322046283,9.258495031304347,2.2356470941732285,0.2898550724637681,1.1120543293718166,0.007826732948598154,0.2522273425499232,0.6919431279620853,0.02119815668202765,-27.476823963870967,0.20219244823386115,-0.24503311258278151,-0.06719814764178783,-0.012325681306324566,-0.38345873447081624,-0.22065727699530516,-0.26595744680851063,-0.3063063063063063,11.327697352414297,0.4265214190959448,0.03327339306332062,Specialty Chemicals,Basic Materials,CBT
2018Q4,2018,Q4,2018-11-21,2018-09-30,94000000.0,850000000.0,111000000.0,1.51,213000000.0,0.25058823529411767,3244000000.0,1154000000.0,1386000000.0,952000000.0,1965000000.0,511000000.0,1417000000.0,3788002204.75,4616002204.75,19.116541143824158,1.4558823529411764,0.3091861898890259,0.8691507798960139,0.051969870144177144,19.116541143824158,0.08145580589254767,4.456473182058824,10.074473948803192,3.282497577772964,0.2127659574468085,1.2465753424657535,0.005279827972359894,0.26202219482120837,0.8529411764705882,0.028976572133168926,40.731206502688174,0.25058823529411767,0.07857142857142865,1.119401617806041,0.00305755853849385,-0.3731959336370653,0.065,0.06818181818181818,0.01834862385321101,1.431432381058463,0.3106620946188246,-0.0324242326488961,Specialty Chemicals,Basic Materials,CBT
2018Q3,2018,Q3,2018-08-08,2018-06-30,88000000.0,854000000.0,109000000.0,1.4,200000000.0,0.234192037470726,3057000000.0,1159000000.0,1342000000.0,890000000.0,1768000000.0,482000000.0,1417000000.0,3802473301.29,4649473301.29,18.827595706119066,1.5078651685393258,0.3199214916584887,0.8438308886971527,0.053153707854099445,18.827595706119066,0.07592752372735116,4.452544849285714,10.802480969573864,3.2808225205263164,0.23863636363636365,1.3568464730290457,0.0055227212227566954,0.2793588485443245,0.8932584269662921,0.028786391887471376,950.6183253225,0.234192037470726,1.4999999999999998,0.5471651631990857,-0.01898389317239094,-0.35880787257747476,0.05263157894736842,1.5086705202312138,1.6898734177215189,1.2021102142519775,0.25766218106790356,-0.062865420458783,Specialty Chemicals,Basic Materials,CBT
2018Q2,2018,Q2,2018-05-09,2018-03-31,-173000000.0,818000000.0,-158000000.0,-2.8,190000000.0,0.23227383863080683,3117000000.0,1216000000.0,1387000000.0,833000000.0,1774000000.0,498000000.0,1370000000.0,3442699984.08,4198699984.08,19.68092494650139,1.6650660264105641,0.2999679178697465,0.7689144736842105,-0.0704473099687076,19.68092494650139,-0.14226973684210525,4.208679687139364,-4.97499997699422,2.8311677500657892,-0.10982658959537572,1.2610441767068272,0.005518924125791174,0.2624318254732114,0.9795918367346939,-0.05550208533846648,-163.93809448,0.23227383863080683,-0.4141414141414141,-7.614357378734772,0.0028743637275422088,-0.31330687235609195,0.06741573033707865,-0.4180327868852459,-2.6808510638297873,-7.8330726469826395,0.21042285699077776,-0.2765041131990062,Specialty Chemicals,Basic Materials,CBT
2018Q1,2018,Q1,2018-02-08,2017-12-31,-122000000.0,720000000.0,94000000.0,-1.98,178000000.0,0.24722222222222223,3189000000.0,1348000000.0,1281000000.0,788000000.0,1717000000.0,478000000.0,1555000000.0,3806055119.19,4541055119.190001,21.813483357453038,1.6256345177664975,0.28974600188146754,0.685459940652819,-0.05081713104715248,21.813483357453038,-0.09050445103857567,5.286187665541667,-7.7992932770286885,2.8234830261053414,-0.16393442622950818,1.1338912133891212,0.0052547846454352905,0.2257761053621825,0.9390862944162437,-0.03825650674192537,-543.7221598842857,0.24722222222222223,-2.8504672897196257,-7.31691061493132,-0.09072858001788282,-0.24051485854836702,0.0658682634730539,-2.7941176470588234,0.14634146341463414,-3.792370467011126,-0.08672370254420898,-0.2503222367980787,Specialty Chemicals,Basic Materials,CBT
2017Q4,2017,Q4,2017-11-22,2017-09-30,68000000.0,723000000.0,82000000.0,1.07,167000000.0,0.23098201936376211,3314000000.0,1480000000.0,1262000000.0,742000000.0,1713000000.0,396000000.0,1683000000.0,3453146562.6,4097146562.6,23.91557916899406,1.7008086253369272,0.2788171394085697,0.6243243243243243,0.03555107684375806,23.91557916899406,0.04594594594594595,4.776136324481327,12.695391774264706,2.3332071368918914,0.29411764705882354,1.404040404040404,0.005791819037342358,0.21816535908267953,1.087601078167116,0.02051901025950513,35.97027669375,0.23098201936376211,0.507042253521127,0.9335443294282837,-0.12724937905175904,-0.16437459952679212,0.050314465408805034,0.5111111111111111,0.0,1.2820929999758128,-0.17433088383066617,-0.20713616315131228,Specialty Chemicals,Basic Materials,CBT
2017Q3,2017,Q3,2017-08-07,2017-06-30,45000000.0,705000000.0,82000000.0,0.71,159000000.0,0.225531914893617,3178000000.0,1373000000.0,1164000000.0,679000000.0,1701000000.0,398000000.0,1655000000.0,3324903537.93,4049903537.93,22.063614526895925,1.7142857142857142,0.29043423536815605,0.6722505462490895,0.027056277056277056,22.063614526895925,0.03277494537509104,4.716175231106383,18.471686321833335,2.4216340407356154,0.4222222222222222,1.3718592964824121,0.0057144514970888195,0.22183763373190685,1.053019145802651,0.014159848961611076,36.537401515714286,0.225531914893617,-0.3983050847457627,-0.3066165975083695,-0.1525313969546737,-0.20800381714266608,-0.05917159763313609,-0.3918918918918919,-0.08888888888888889,-0.10191833535972929,-0.22166255731176532,-0.31726094310113645,Specialty Chemicals,Basic Materials,CBT
2017Q2,2017,Q2,2017-05-08,2017-03-31,74000000.0,678000000.0,90000000.0,1.18,169000000.0,0.24926253687315633,3081000000.0,1305000000.0,1104000000.0,675000000.0,1683000000.0,395000000.0,1638000000.0,3742610231.1299996,4539610231.129999,20.889845634925887,1.6355555555555557,0.3018500486854917,0.7126436781609196,0.040784718637067625,20.889845634925887,0.056704980842911874,5.520074087212389,12.643953483547296,2.8679005602528735,0.25675675675675674,1.2886075949367088,0.0050766707796508544,0.22005842259006816,0.9674074074074074,0.024018175916910096,-50.575813934189185,0.24926253687315633,0.388235294117647,-0.6870798595160815,-0.1847322073212628,-0.24145856165781834,0.07643312101910828,0.37037037037037035,0.0975609756097561,1.1213692196585445,-0.220815326650428,-0.33656020543497256,Specialty Chemicals,Basic Materials,CBT
2017Q1,2017,Q1,2017-02-07,2016-12-31,54000000.0,611000000.0,82000000.0,0.85,157000000.0,0.2569558101472995,2929000000.0,1186000000.0,1001000000.0,397000000.0,1652000000.0,360000000.0,1576000000.0,3142636837.2,3874636837.2,19.073295167444556,2.5214105793450883,0.31444178900648684,0.7765598650927488,0.02985482182678742,19.073295167444556,0.045531197301854974,5.1434318121112925,14.549244616666666,2.649778108937605,0.35185185185185186,1.261111111111111,0.006045878344927841,0.20860361898258792,1.4962216624685138,0.018436326391259816,39.282960464999995,0.2569558101472995,0.024096385542168697,0.18953105788740182,-0.18749489858599885,-0.19126593397506228,-0.07100591715976332,0.038461538461538464,0.05128205128205128,-0.30134535722866634,-0.29653856262796535,-0.387749584315654,Specialty Chemicals,Basic Materials,CBT
2016Q4,2016,Q4,2016-11-23,2016-09-30,52000000.0,619000000.0,78000000.0,0.83,169000000.0,0.2730210016155089,3044000000.0,1274000000.0,1089000000.0,398000000.0,1672000000.0,342000000.0,1544000000.0,3260463363.5099998,3986463363.5099998,20.47878861246257,2.736180904522613,0.30420499342969776,0.7268445839874411,0.028471074380165287,20.47878861246257,0.04081632653061224,5.267307533941842,15.675304632259616,2.5592334093485087,0.34615384615384615,1.3157894736842106,0.005520687703916533,0.2033508541392904,1.6482412060301508,0.017082785808147174,50.16097482323077,0.2730210016155089,-0.05681818181818187,0.05333615492676166,-0.07120358988651636,-0.13225501695677003,0.05625,-0.07142857142857142,-0.060240963855421686,0.13767988527235267,-0.2911915174270054,-0.32852978580670733,Specialty Chemicals,Basic Materials,CBT
2016Q3,2016,Q3,2016-08-04,2016-06-30,56000000.0,621000000.0,83000000.0,0.88,160000000.0,0.2576489533011272,3033000000.0,1288000000.0,1079000000.0,661000000.0,1650000000.0,330000000.0,1523000000.0,2844114050.58,3599114050.58,20.677820563492123,1.632375189107413,0.32212331025387403,0.7585403726708074,0.02921663385239544,20.677820563492123,0.043478260869565216,4.579893801256039,12.69693772580357,2.208163082748447,0.3392857142857143,1.396969696969697,0.006680463463174176,0.20474777448071216,0.9924357034795764,0.018463567424991757,36.001443678227844,0.2576489533011272,0.15789473684210525,-0.019959695481418308,-0.26152115866440806,-0.1043340263340114,0.06666666666666667,0.16666666666666666,0.07792207792207792,-0.02698506984213481,-0.29500288668616476,-0.2957966612137477,Specialty Chemicals,Basic Materials,CBT
2016Q2,2016,Q2,2016-05-06,2016-03-31,48000000.0,568000000.0,77000000.0,0.76,150000000.0,0.2640845070422535,2998000000.0,1259000000.0,1028000000.0,655000000.0,1645000000.0,344000000.0,1483000000.0,3013298220.33,3812298220.33,20.192979768639134,1.5694656488549619,0.3258839226150767,0.7760127084988085,0.028326793236770727,20.192979768639134,0.03812549642573471,5.305102500580986,15.694261564218749,2.3934060526846705,0.2916666666666667,1.2151162790697674,0.004646071837677851,0.1894596397598399,0.8931297709923665,0.016010673782521682,39.13374312116883,0.2640845070422535,7.7694555041908275,-0.010316601194556537,-0.2449128556522312,-0.08254531424840164,0.5151515151515151,7.857142857142857,5.416666666666667,0.8186349816912085,-0.30991226051028375,-0.2954406120916616,Specialty Chemicals,Basic Materials,CBT
2016Q1,2016,Q1,2016-02-05,2015-12-31,-7000000.0,603000000.0,12000000.0,-0.112269,99000000.0,0.16417910447761194,2955000000.0,1159000000.0,999000000.0,709000000.0,1700000000.0,369000000.0,1448000000.0,2548888153.84,3442888153.84,18.588465691843044,1.4090267983074753,0.33096446700507615,0.8438308886971527,0.0021057557323350493,18.588465691843044,-0.0060396893874029335,4.2270118637479275,-91.03171978,2.199213247489215,-2.0,1.3658536585365855,0.005492590947511153,0.20406091370558377,0.7348377997179125,-0.0023688663282571912,43.20149413288136,0.16417910447761194,-1.1651014705882352,-1.0967832398694908,-0.16960310698203077,-0.1297317548716792,-0.28776978417266186,-1.175,1.0238568588469186,-1.3592261291342156,-0.24524963112218837,-0.35280105134998335,Specialty Chemicals,Basic Materials,CBT
2015Q4,2015,Q4,2015-11-25,2015-09-30,40000000.0,671000000.0,-503000000.0,0.68,139000000.0,0.20715350223546944,3075000000.0,1234000000.0,1048000000.0,441000000.0,1737000000.0,397000000.0,1478000000.0,1971186977.76,2887186977.76,19.757151624579024,2.376417233560091,0.3229268292682927,0.8047001620745543,-0.2151089443410952,19.757151624579024,0.03241491085899514,2.937685510819672,12.319918611,1.5973962542625608,0.35,1.3400503778337531,0.007102319646971895,0.21821138211382113,1.256235827664399,0.013008130081300813,10.771513539672132,0.20715350223546944,1.096139775923631,0.18305351842300188,-0.07262977703056753,-0.018892445071247224,-0.07333333333333333,1.0898876404494382,-8.397058823529411,0.12692547816594238,-0.19746427327309837,-0.3096726773022088,Specialty Chemicals,Basic Materials,CBT
2015Q3,2015,Q3,2015-08-06,2015-06-30,-445000000.0,694000000.0,68000000.0,-7.073035,150000000.0,0.21613832853025935,3236000000.0,1264000000.0,1178000000.0,568000000.0,1868000000.0,432000000.0,1464000000.0,2346100200.84,3386100200.84,20.090599703765378,2.073943661971831,0.3473423980222497,0.8892405063291139,0.024895268747141076,20.090599703765378,-0.35205696202531644,3.3805478398270896,-1.318033820696629,1.8560919310443038,-0.03146067415730337,1.2592592592592593,0.005967349559489158,0.21446229913473425,1.1390845070422535,-0.13751545117428923,58.652505021,0.21613832853025935,-18.260903624454574,-10.631367485241684,-0.06245894434661867,0.04113229234087787,0.07913669064748201,-18.115384615384617,0.25925925925925924,-7.782044600930975,-0.17484853799494665,-0.2788272176664321,Specialty Chemicals,Basic Materials,CBT
2015Q2,2015,Q2,2015-05-07,2015-03-31,26000000.0,694000000.0,54000000.0,0.409772,139000000.0,0.20028818443804033,3732000000.0,1726000000.0,1171000000.0,557000000.0,1895000000.0,408000000.0,1943000000.0,2855248200.0,3890248200.0,27.20253881956742,2.1023339317773786,0.302518756698821,0.6541135573580533,0.012124477973865014,27.20253881956742,0.015063731170336037,4.114190489913545,27.454309615384616,1.6542573580533024,0.5384615384615384,1.3602941176470589,0.004903251493162661,0.18595927116827438,1.1867145421903051,0.006966773847802787,23.793735,0.20028818443804033,-0.40612753623188397,-0.39963676484880445,-0.03219319018031665,0.43410874111526976,-0.11464968152866242,-0.4222222222222222,-0.15625,-0.8917522013935602,-0.1783743467057679,-0.012235260931983979,Specialty Chemicals,Basic Materials,CBT
2015Q1,2015,Q1,2015-02-05,2014-12-31,45000000.0,812000000.0,64000000.0,0.69,157000000.0,0.1933497536945813,3977000000.0,1852000000.0,1315000000.0,646000000.0,2001000000.0,475000000.0,1930000000.0,2791638736.44,3858638736.44,29.097146038167473,2.0356037151702786,0.2904199145084234,0.6236501079913607,0.02003169076077388,29.097146038167473,0.02429805615550756,3.4379787394581283,15.509104091333333,1.5073643285313176,0.3111111111111111,1.3789473684210527,0.0050149755472491085,0.20417400050289164,1.131578947368421,0.01131506160422429,186.109249096,0.1933497536945813,0.3529411764705881,0.592121132569667,0.22700927605139964,0.6452071532092675,-0.13736263736263737,0.45161290322580644,-0.26436781609195403,-0.03158187228729789,0.054895127043594304,0.23375919150741015,Specialty Chemicals,Basic Materials,CBT
2014Q4,2014,Q4,2014-11-26,2014-09-30,31000000.0,911000000.0,87000000.0,0.51,182000000.0,0.19978046103183314,4084000000.0,1942000000.0,1364000000.0,630000000.0,2020000000.0,498000000.0,1900000000.0,3268692721.82,4273692721.82,30.16353887957457,2.165079365079365,0.2624877571008815,0.5520082389289392,0.012196603643092796,30.16353887957457,0.01596292481977343,3.58802713701427,26.360425175967745,1.6831579412049436,0.45161290322580644,1.463855421686747,0.0042830578434441624,0.22306562193927523,1.1984126984126984,0.0075905974534769835,44.17152326783784,0.19978046103183314,-0.34615384615384615,3.8586057018385214,0.5148645022804769,0.7370863913829007,-0.010869565217391304,-0.40384615384615385,-0.06451612903225806,-0.39323073557128985,0.3208286735831661,0.2781156165483167,Specialty Chemicals,Basic Materials,CBT
2014Q3,2014,Q3,2014-08-06,2014-06-30,52000000.0,940000000.0,93000000.0,0.78,184000000.0,0.19574468085106383,4298000000.0,2087000000.0,1501000000.0,715000000.0,2092000000.0,532000000.0,1883000000.0,3745015714.29,4807015714.29,32.31632100719892,2.0993006993006995,0.27059097254536996,0.5572592237661715,0.021461538461538462,32.31632100719892,0.024916147580258743,3.9840592705212767,18.004883241778845,1.794449312069957,0.2692307692307692,1.4210526315789473,0.0037383020708243392,0.2187063750581666,1.1538461538461537,0.01209865053513262,52.74670020126761,0.19574468085106383,0.4444444444444444,5.227290673198517,0.7945144811711304,0.7566248692437725,0.045454545454545456,0.4444444444444444,0.36764705882352944,-0.12225206118228497,0.07816412033537594,0.3997910965200494,Specialty Chemicals,Basic Materials,CBT
2014Q2,2014,Q2,2014-05-07,2014-03-31,36000000.0,898000000.0,68000000.0,0.54,176000000.0,0.19599109131403117,4487000000.0,2030000000.0,1688000000.0,962000000.0,2338000000.0,541000000.0,1845000000.0,3807639010.46,5137639010.46,31.48717608750308,1.7546777546777548,0.31624693559170935,0.6990147783251232,0.016840630134338456,31.48717608750308,0.017733990147783252,4.240132528351893,26.44193757263889,1.8756842416059114,0.3611111111111111,1.33456561922366,0.0034141892034112425,0.20013371963449966,1.0561330561330562,0.008023178069979943,64.53625441457628,0.19599109131403117,-0.5609756097560975,1.6065306214239596,0.8670532438679376,0.7370333568412383,-0.01675977653631285,-0.55,-0.20930232558139536,-0.2821717536915568,0.1544844087805197,0.43059902865005617,Specialty Chemicals,Basic Materials,CBT
2014Q1,2014,Q1,2014-02-06,2013-12-31,80000000.0,899000000.0,86000000.0,1.23,179000000.0,0.19911012235817574,4455000000.0,2005000000.0,1615000000.0,969000000.0,2319000000.0,513000000.0,1822000000.0,3308116952.7999997,4669116952.799999,31.152768015886576,1.6666666666666667,0.3290684624017957,0.7311720698254364,0.019270783315727135,31.152768015886576,0.0399002493765586,3.679774141045606,10.3378654775,1.6499336422942643,0.1625,1.4035087719298245,0.00392972805541133,0.20179573512906845,1.0485036119711042,0.017957351290684626,-55.13528254666666,0.19911012235817574,0.64,18.577300598512263,0.3496927329802547,0.5995308761213157,0.06547619047619048,0.7021276595744681,0.1780821917808219,0.07155448676614887,0.1993619068759557,0.45849932971994584,Specialty Chemicals,Basic Materials,CBT
2013Q4,2013,Q4,2013-11-27,2013-09-30,47000000.0,898000000.0,73000000.0,0.75,168000000.0,0.1870824053452116,4233000000.0,1951000000.0,1495000000.0,844000000.0,2150000000.0,458000000.0,1755000000.0,2732180140.42,3935180140.42,30.498431917886155,1.7713270142180095,0.3066383179777935,0.6652998462327012,0.019608830689163102,30.498431917886155,0.02409021014864172,3.042516860155902,14.532873087340427,1.400399866950282,0.2553191489361702,1.5938864628820961,0.004392096927457836,0.21214268840066147,1.117298578199052,0.011103236475313017,13.135481444326924,0.1870824053452116,-0.16666666666666669,2.857246579056078,0.03556951357587066,0.5383516499814474,-0.05084745762711865,-0.2033898305084746,-0.1511627906976744,0.35722961096752287,0.2117639596826759,0.5145018136568503,Specialty Chemicals,Basic Materials,CBT
2013Q3,2013,Q3,2013-08-09,2013-06-30,59000000.0,903000000.0,86000000.0,0.9,177000000.0,0.19601328903654486,4340000000.0,1875000000.0,1604000000.0,988000000.0,2339000000.0,522000000.0,1720000000.0,2448837447.55,3824837447.55,29.36342306915487,1.6234817813765183,0.3345622119815668,0.7744,0.020183554232493794,29.36342306915487,0.031466666666666664,2.711890861074197,10.3764298625,1.3060466386933334,0.22033898305084745,1.3908045977011494,0.005308641458830259,0.20806451612903226,0.9979757085020243,0.013594470046082949,34.98339210785714,0.19601328903654486,1.142857142857143,1.1217066980141928,0.04377181203155848,0.41675659944560456,0.22916666666666666,1.1851851851851851,0.7551020408163265,0.2581706157064259,0.20192718619750216,0.521667268361062,Specialty Chemicals,Basic Materials,CBT
2013Q2,2013,Q2,2013-05-08,2013-03-31,27000000.0,842000000.0,49000000.0,0.42,144000000.0,0.171021377672209,4360000000.0,1828000000.0,1647000000.0,1045000000.0,2410000000.0,561000000.0,1675000000.0,2122641763.8400002,3550641763.84,28.660436742723803,1.5760765550239235,0.3470183486238532,0.8276805251641138,0.00814792643586418,28.660436742723803,0.01477024070021882,2.5209522135866984,19.654090405925928,1.1611825841575494,0.48148148148148145,1.2442067736185383,0.006124443710408362,0.19311926605504587,0.9358851674641149,0.006192660550458716,-212.26417638400002,0.171021377672209,0.3548387096774193,1.3859941867574916,0.04132872291715627,0.4080404738897589,-0.02040816326530612,0.35,-0.10909090909090909,-0.3797847068931201,0.1680979453926183,0.5109686316247696,Specialty Chemicals,Basic Materials,CBT
2013Q1,2013,Q1,2013-02-08,2012-12-31,20000000.0,820000000.0,55000000.0,0.31,147000000.0,0.17926829268292682,4376000000.0,1838000000.0,1415000000.0,797000000.0,2407000000.0,587000000.0,1660000000.0,2546324244.25,3956324244.25,28.72140897419019,1.7754077791718945,0.3430073126142596,0.8166485310119695,0.008838632860722138,28.72140897419019,0.01088139281828074,3.105273468597561,31.829053053124998,1.385377717219804,0.65,1.1465076660988074,0.005105398508990378,0.18738574040219377,0.890840652446675,0.004570383912248629,-22.533842869469026,0.17926829268292682,-0.46551724137931033,-0.45307436665035,0.1353899223967416,0.45571099386482855,-0.06369426751592357,-0.4444444444444444,0.057692307692307696,-0.2962078614848058,0.23241362694339596,0.6239622756336314,Specialty Chemicals,Basic Materials,CBT
2012Q4,2012,Q4,2012-11-29,2012-09-30,36000000.0,848000000.0,52000000.0,0.58,157000000.0,0.18514150943396226,4399000000.0,1813000000.0,1443000000.0,919000000.0,2460000000.0,533000000.0,1653000000.0,2293174504.4,3592174504.4,28.61997631408866,1.5701849836779107,0.32257331211639007,0.782680639823497,0.01608910891089109,28.61997631408866,0.019856591285162713,2.7042152174528304,15.924822947222225,1.2648508022062879,0.08333333333333333,1.296435272045028,0.0013082301387198345,0.1927710843373494,0.8781284004352558,0.008183678108661059,18.199797653968254,0.18514150943396226,-0.43137254901960786,0.49177482718222737,0.24940746019805327,0.5100992527534217,-0.10285714285714286,-0.45454545454545453,-0.4222222222222222,4.373909748314668,0.4331434486465949,0.6481942511914421,Specialty Chemicals,Basic Materials,CBT
2012Q3,2012,Q3,2012-08-06,2012-06-30,66000000.0,846000000.0,90000000.0,1.02,175000000.0,0.20685579196217493,3369000000.0,1763000000.0,1617000000.0,630000000.0,1479000000.0,411000000.0,1630000000.0,2575687371.4,2867687371.4,27.858233416347602,2.566666666666667,0.20747996438112198,0.396483267158253,0.029057051802786983,27.858233416347602,0.03743618831537152,3.044547720330969,9.756391558333332,1.460968446625071,0.3484848484848485,1.632603406326034,0.008929655149684754,0.25111308993766696,1.773015873015873,0.019590382902938557,80.49023035625001,0.20685579196217493,-0.7243243243243244,2.180863520539293,0.25648341895514853,0.3102176086331563,0.011560693641618497,-0.725,0.034482758620689655,6.475256879616816,0.6481292724269082,0.5142956904485756,Specialty Chemicals,Basic Materials,CBT
2012Q2,2012,Q2,2012-05-07,2012-03-31,240000000.0,844000000.0,87000000.0,3.7,173000000.0,0.20497630331753555,3429000000.0,1746000000.0,1648000000.0,684000000.0,1551000000.0,423000000.0,1576000000.0,2705906152.84,3026906152.84,27.5394916862833,2.409356725146199,0.20034995625546806,0.39347079037800686,0.024936725290414696,27.5394916862833,0.13745704467353953,3.206049944123223,2.8186522425416665,1.5497744288888888,0.07083333333333333,1.58628841607565,0.0062825534367322924,0.24613589967920677,1.644736842105263,0.0699912510936133,159.17095016705883,0.20497630331753555,4.211267605633803,6.448881467080285,0.2748072652059691,0.29923355983239064,0.2097902097902098,4.217391304347826,0.4262295081967213,5.111833099267326,0.784418917334522,0.5192539196461015,Specialty Chemicals,Basic Materials,CBT
2012Q1,2012,Q1,2012-02-08,2011-12-31,46000000.0,762000000.0,61000000.0,0.71,143000000.0,0.18766404199475065,3086000000.0,1486000000.0,1486000000.0,604000000.0,1464000000.0,374000000.0,1348000000.0,2025091679.42,2523091679.42,23.584137195052225,2.4602649006622515,0.22229423201555412,0.4616419919246299,0.01991461577096936,23.584137195052225,0.03095558546433378,2.657600629160105,11.005933040326086,1.3627804033781965,0.2608695652173913,1.6550802139037433,0.005925657648959815,0.24692158133506156,1.4089403973509933,0.014906027219701879,-49.39247998585366,0.18766404199475065,-0.10527996740000006,-0.1753017176447267,0.12627563632110134,0.14086627192560325,1.234375,-0.08,8.625,10.498457199068197,0.16855486605627687,0.21092146967260825,Specialty Chemicals,Basic Materials,CBT
2011Q4,2011,Q4,2011-11-29,2011-09-30,50000000.0,675000000.0,-8000000.0,0.7935443201565352,64000000.0,0.09481481481481481,3141000000.0,1487000000.0,1555000000.0,656000000.0,1525000000.0,393000000.0,1314000000.0,1561349465.3400002,1974349465.3400002,23.600008081455357,2.370426829268293,0.22254059216809932,0.47007397444519167,0.00016634783331947087,23.600008081455357,0.03362474781439139,2.3131103190222224,7.8067473267,1.0499996404438467,0.06,1.55470737913486,0.0019214148187809566,0.2148997134670487,1.4405487804878048,0.01591849729385546,-67.8847593626087,0.09481481481481481,-0.1628608199006089,0.7928223529462463,-0.014353321796520834,0.2036793419471377,-0.6342857142857142,-0.16666666666666666,-1.0833333333333333,3.16610768082181,-0.20970791066377853,0.190392721482536,Specialty Chemicals,Basic Materials,CBT
2011Q3,2011,Q3,2011-08-09,2011-06-30,60000000.0,883000000.0,96000000.0,0.947924,175000000.0,0.19818799546998866,3102000000.0,1510000000.0,1580000000.0,542000000.0,1467000000.0,434000000.0,1276000000.0,2607741246.87,2928741246.87,23.086531331381455,2.915129151291513,0.21437782076079948,0.44039735099337746,0.03456584960531782,23.086531331381455,0.039735099337748346,2.953274345266138,10.865588528625,1.726980958192053,0.2833333333333333,1.631336405529954,0.0065190516967144,0.2846550612508059,1.9206642066420665,0.019342359767891684,1303.870623435,0.19818799546998866,0.24726842105263155,1.2016294779595558,0.21624050865758773,0.17989086872477622,0.08695652173913043,0.17647058823529413,0.23076923076923078,1.106497340023032,-0.003551526121247833,0.11390267902385225,Specialty Chemicals,Basic Materials,CBT
2011Q2,2011,Q2,2011-05-10,2011-03-31,51000000.0,791000000.0,78000000.0,0.76,161000000.0,0.20353982300884957,3014000000.0,1443000000.0,1530000000.0,520000000.0,1447000000.0,427000000.0,1227000000.0,3034853453.79,3330853453.79,22.009784332941322,2.9423076923076925,0.21964167219641673,0.4587664587664588,0.028305621536025335,22.009784332941322,0.035343035343035345,3.836730030075853,14.876732616617646,2.1031555466320166,0.29411764705882354,1.4754098360655739,0.004942578028361675,0.26244193762441936,1.898076923076923,0.01692103516921035,-131.9501501647826,0.20353982300884957,-0.327433628318584,2.8894629278586534,0.15454176787173102,0.16044557115683608,0.0189873417721519,-0.32,0.012987012987012988,3.3844854823133907,-0.04831092696680094,0.08130477705416952,Specialty Chemicals,Basic Materials,CBT
2011Q1,2011,Q1,2011-02-09,2010-12-31,75000000.0,753000000.0,77000000.0,1.13,158000000.0,0.2098273572377158,2911000000.0,1381000000.0,1450000000.0,493000000.0,1411000000.0,380000000.0,1188000000.0,2434267225.7999997,2699267225.7999997,21.359466803367255,2.9411764705882355,0.2243215389900378,0.4728457639391745,0.04110127826941986,21.359466803367255,0.05430847212165098,3.2327585999999995,8.114224086,1.7626844502534393,0.16,1.5657894736842106,0.004929614905387517,0.25867399519065615,1.945233265720081,0.02576434215046376,270.4741362,0.2098273572377158,1.0874384102857142,1.90000001856,0.1904327163070148,0.15664982689714385,0.1791044776119403,1.1428571428571428,0.2833333333333333,1.0300000129920002,0.031959500275426884,0.08257957249568543,Specialty Chemicals,Basic Materials,CBT
2010Q4,2010,Q4,2010-11-29,2010-09-30,35000000.0,749000000.0,60000000.0,0.5413333367978667,134000000.0,0.17890520694259013,2886000000.0,1302000000.0,1438000000.0,539000000.0,1469000000.0,373000000.0,1125000000.0,2105818952.04,2370818952.04,20.137600128880642,2.6679035250463823,0.2259182259182259,0.500768049155146,0.02107291227647661,20.137600128880642,0.026881720430107527,2.811507279092123,15.041563943142858,1.6173724670046081,0.34285714285714286,1.648793565683646,0.005698495584520725,0.25952875952875953,1.7866419294990723,0.012127512127512128,21.270898505454547,0.17890520694259013,-0.24792356495638745,1.5413333367978668,0.2456487534918653,0.09941401977510331,-0.12987012987012986,-0.2553191489361702,-0.22077922077922077,0.42100000909440005,0.08122311803093922,0.0625366902173203,Specialty Chemicals,Basic Materials,CBT
2010Q3,2010,Q3,2010-08-09,2010-06-30,47000000.0,753000000.0,77000000.0,0.719785,154000000.0,0.20451527224435592,2704000000.0,1235000000.0,1331000000.0,485000000.0,1363000000.0,357000000.0,1102000000.0,1543040000.0,1912040000.0,19.296875,2.7443298969072165,0.2455621301775148,0.5376518218623482,0.028962611901000527,19.296875,0.03805668016194332,2.0491899070385124,8.207659574468085,1.249425101214575,0.2765957446808511,1.6778711484593838,0.008424927416009954,0.27847633136094674,1.820618556701031,0.017381656804733726,25.295737704918032,0.20451527224435592,0.09393807676875753,0.6947115384615384,0.2952981651376146,0.0015679065743945128,0.1,0.09302325581395349,0.2833333333333333,1.2398437500000001,0.10585997688751934,-0.09243687355435622,Specialty Chemicals,Basic Materials,CBT
2010Q2,2010,Q2,2010-05-10,2010-03-31,43000000.0,712000000.0,60000000.0,0.657976,140000000.0,0.19662921348314608,2686000000.0,1195000000.0,1268000000.0,464000000.0,1385000000.0,374000000.0,1067000000.0,1915200000.0,2328200000.0,18.96825396825397,2.7327586206896552,0.24609084139985107,0.5531380753138075,0.03304597701149425,18.96825396825397,0.03598326359832636,2.689887640449438,11.134883720930231,1.6026778242677824,0.37209302325581395,1.5294117647058822,0.00835421888053467,0.265078183172003,1.7176724137931034,0.01600893521965748,73.66153846153846,0.19662921348314608,0.4954,1.8190476190476188,0.2867082316797688,-0.036329180274988916,0.029411764705882353,0.4827586206896552,0.17647058823529413,0.3430619559651818,0.08225561286785785,-0.1051326434157061,Specialty Chemicals,Basic Materials,CBT
2010Q1,2010,Q1,2010-02-09,2009-12-31,29000000.0,679000000.0,51000000.0,0.44,136000000.0,0.20029455081001474,2670000000.0,1155000000.0,1220000000.0,451000000.0,1409000000.0,376000000.0,1035000000.0,1712972812.72,2128972812.72,17.68600749237465,2.70509977827051,0.24644194756554308,0.5696969696969697,0.02076274525254117,17.68600749237465,0.025108225108225107,2.522787647599411,14.767007006206896,1.4830933443463206,0.41379310344827586,1.4441489361702127,0.007005365123656228,0.2543071161048689,1.6629711751662972,0.010861423220973783,-38.06606250488889,0.20029455081001474,3.61223456,-0.23874698734120242,0.2602701390342268,-0.1578091670297786,0.8888888888888888,3.6363636363636362,16.0,-0.49837185739921824,-0.031708477146603596,-0.1444516597661748,Specialty Chemicals,Basic Materials,CBT
2009Q4,2009,Q4,2009-11-30,2009-09-30,-11000000.0,610000000.0,3000000.0,-0.1684381665940443,72000000.0,0.1180327868852459,2676000000.0,1134000000.0,1200000000.0,477000000.0,1439000000.0,358000000.0,1018000000.0,1509218517.04,1862218517.04,17.36444371978602,2.5157232704402515,0.24551569506726456,0.5793650793650794,0.0018425460636515916,17.36444371978602,-0.009700176366843033,2.4741287164590164,-34.30042084181818,1.3308805264902999,-1.1818181818181819,1.5027932960893855,0.008613729458804044,0.22795216741405083,1.5870020964360587,-0.004110612855007474,29.592519941960784,0.1180327868852459,0.15780916702977862,-1.631643124727666,0.12991878616972527,-0.1252169410687144,0.058823529411764705,0.08333333333333333,0.5,-1.380545487490248,-0.14060274524003993,-0.11435529522830502,Specialty Chemicals,Basic Materials,CBT
2009Q3,2009,Q3,2009-08-10,2009-06-30,-12000000.0,511000000.0,2000000.0,-0.2,68000000.0,0.13307240704500978,2471000000.0,1159000000.0,1021000000.0,367000000.0,1214000000.0,346000000.0,1042000000.0,792540000.0,1190540000.0,18.396825396825395,2.782016348773842,0.23269931201942534,0.49611734253666956,0.005190311418685121,18.396825396825395,-0.010353753235547885,1.550958904109589,-16.51125,0.6838136324417602,-1.5833333333333333,1.2803468208092486,0.023973553385318088,0.20679886685552407,1.6212534059945505,-0.004856333468231485,99.0675,0.13307240704500978,0.7826086956521738,-1.272108843537415,-0.010840108401083973,-0.03513153513153519,14.6,0.7931034482758621,1.0256410256410255,-1.4571428571428573,-0.2692692692692693,-0.05978745842459648,Specialty Chemicals,Basic Materials,CBT
2009Q2,2009,Q2,2009-05-11,2009-03-31,-58000000.0,470000000.0,-78000000.0,-0.92,-5000000.0,-0.010638297872340425,2490000000.0,1142000000.0,1048000000.0,400000000.0,1248000000.0,355000000.0,1065000000.0,662130000.0,1063130000.0,18.126984126984127,2.62,0.2493975903614458,0.5437828371278459,-0.02917105583015963,18.126984126984127,-0.050788091068301226,1.4087872340425531,-2.854008620689655,0.5797985989492119,-0.22413793103448276,1.3380281690140845,0.019633606693549605,0.18875502008032127,1.53,-0.023293172690763052,3.872105263157895,-0.010638297872340425,-14.14285714285714,-2.508818342151675,-0.11968253968253972,-0.06757448692932569,-1.0543478260869565,-15.5,-5.333333333333333,-5.603174603174603,-0.2860940229361281,-0.044271487153736654,Specialty Chemicals,Basic Materials,CBT
2009Q1,2009,Q1,2009-02-09,2008-12-31,4000000.0,652000000.0,18000000.0,0.07,92000000.0,0.1411042944785276,2723000000.0,1227000000.0,1278000000.0,500000000.0,1392000000.0,486000000.0,1135000000.0,963900000.0,1521900000.0,19.476190476190474,2.556,0.2596401028277635,0.5762021189894051,0.0,19.476190476190474,0.0032599837000814994,1.4783742331288343,60.243750000000006,0.7855745721271394,3.0,1.1522633744855968,0.012449424214130094,0.23944179214102093,1.41,0.0014689680499449136,15.3,0.1411042944785276,-0.6325,-0.8708264915161467,0.36906541390846326,0.030578688874652992,-0.19298245614035087,-0.6666666666666666,-0.5263157894736842,-0.8412698412698413,0.057840512695708675,0.05466735430634348,Specialty Chemicals,Basic Materials,CBT
2008Q4,2008,Q4,2008-12-01,2008-09-30,12000000.0,854000000.0,38000000.0,0.19047619047619047,114000000.0,0.13348946135831383,2858000000.0,1249000000.0,1408000000.0,601000000.0,1499000000.0,523000000.0,1143000000.0,2002140000.0,2589140000.0,19.825396825396826,2.3427620632279536,0.25052484254723584,0.5732586068855084,0.01812977099236641,19.825396825396826,0.009607686148919135,2.344426229508197,41.71125000000001,1.6029943955164132,1.0,1.4149139579349905,0.005993586862057598,0.2988103568929321,1.2911813643926788,0.004198740377886634,333.69,0.13348946135831383,-0.5570321151716501,-0.5504761904761905,0.7733431879773343,0.0840578430939877,-0.1678832116788321,-0.5555555555555556,-0.24,1.1904761904761905,0.4575866188769413,0.08236925343385766,Specialty Chemicals,Basic Materials,CBT
2008Q3,2008,Q3,2008-08-08,2008-06-30,27000000.0,840000000.0,50000000.0,0.43,137000000.0,0.1630952380952381,2941000000.0,1285000000.0,1480000000.0,699000000.0,1546000000.0,558000000.0,1146000000.0,1507220000.0,2093220000.0,20.725806451612904,2.117310443490701,0.2356341380482829,0.5392996108949416,0.020092815846101994,20.725806451612904,0.021011673151750974,1.794309523809524,13.95574074074074,1.1729338521400776,0.4444444444444444,1.2598566308243728,0.007961677790899803,0.28561713702822167,1.1230329041487839,0.009180550833049982,376.805,0.1630952380952381,1.5294117647058822,6.138709677419356,0.7080231596360629,0.14282484172444987,0.16101694915254236,1.4545454545454546,0.5151515151515151,0.004962779156327513,0.49156555193844326,0.07573389887264212,Specialty Chemicals,Basic Materials,CBT
2008Q2,2008,Q2,2008-05-12,2008-03-31,11000000.0,786000000.0,33000000.0,0.17,118000000.0,0.15012722646310434,2821000000.0,1262000000.0,1397000000.0,631000000.0,1470000000.0,513000000.0,1132000000.0,1736000000.0,2298000000.0,20.35483870967742,2.213946117274168,0.23856788372917406,0.5332805071315373,0.00889787664307381,20.35483870967742,0.008716323296354992,2.208651399491094,39.45454545454545,1.375594294770206,1.0,1.3021442495126705,0.006336405529953917,0.27862460120524635,1.1980982567353406,0.0038993264799716413,-173.6,0.15012722646310434,-0.6964285714285714,-0.5448807854137447,0.6050809912778624,0.14157365386974133,0.008547008547008548,-0.6944444444444444,-0.25,1.2129032258064516,0.4433494521638,0.034115429788861285,Specialty Chemicals,Basic Materials,CBT
2008Q1,2008,Q1,2008-02-11,2007-12-31,36000000.0,711000000.0,44000000.0,0.56,117000000.0,0.16455696202531644,2760000000.0,1243000000.0,1367000000.0,591000000.0,1431000000.0,500000000.0,1143000000.0,2100420000.0000002,2607420000.0,19.73015873015873,2.3130287648054146,0.23043478260869565,0.5116653258246179,0.027549071784115454,19.73015873015873,0.028962188254223652,2.954177215189874,14.586250000000001,1.689798873692679,0.3333333333333333,1.188,0.005713143085668579,0.2576086956521739,1.236886632825719,0.013043478260869565,-28.005600000000005,0.16455696202531644,0.4700000000000002,0.021645021645021675,0.6320028011204483,0.15484063995968758,0.05405405405405406,0.5,0.76,-0.02040816326530624,0.36796536796536805,-0.06046863189720328,Specialty Chemicals,Basic Materials,CBT
2007Q4,2007,Q4,2007-11-29,2007-09-30,24000000.0,675000000.0,25000000.0,0.38095238095238093,111000000.0,0.16444444444444445,2636000000.0,1194000000.0,1277000000.0,549000000.0,1366000000.0,442000000.0,1119000000.0,2288790000.0,2719790000.0,18.952380952380953,2.326047358834244,0.22192716236722307,0.4899497487437186,0.015458122540753235,18.952380952380953,0.020100502512562814,3.3908,23.8415625,1.9169095477386933,0.5416666666666666,1.2760180995475112,0.005679857042367365,0.2560698027314112,1.3096539162112932,0.009104704097116844,84.77,0.16444444444444445,0.2698412698412698,0.02164502164502157,0.4366883116883116,0.10493130058347448,0.04716981132075472,0.2,-0.24242424242424243,0.4285714285714285,0.29608294930875556,-0.04522010315461203,Specialty Chemicals,Basic Materials,CBT
2007Q3,2007,Q3,2007-08-09,2007-06-30,20000000.0,649000000.0,33000000.0,0.3,106000000.0,0.1633281972265023,2628000000.0,1297000000.0,1340000000.0,511000000.0,1261000000.0,432000000.0,1230000000.0,2908480000.0,3199480000.0,21.262295081967213,2.6223091976516635,0.197869101978691,0.4009252120277564,0.01288902302625739,21.262295081967213,0.015420200462606014,4.481479198767334,36.356,2.242467232074017,0.55,1.2569444444444444,0.0037820442292881506,0.2469558599695586,1.5655577299412915,0.0076103500761035,171.08705882352942,0.1633281972265023,-0.33333333333333337,0.018119068162208804,0.6095418242959225,0.22747104680632654,-0.2318840579710145,-0.3548387096774194,-0.3125,-0.531615925058548,0.2974810075969612,0.1151553364668119,Specialty Chemicals,Basic Materials,CBT
2007Q2,2007,Q2,2007-05-10,2007-03-31,31000000.0,637000000.0,48000000.0,0.45,138000000.0,0.21664050235478807,2623000000.0,1293000000.0,1348000000.0,510000000.0,1262000000.0,428000000.0,1221000000.0,2911530000.0,3194530000.0,21.19672131147541,2.6431372549019607,0.20167746854746474,0.4091260634184068,0.01927659232684533,21.19672131147541,0.02397525135344161,4.570690737833595,23.480080645161287,2.251763341067285,0.3870967741935484,1.1658878504672898,0.004121544342665197,0.24285169653069005,1.584313725490196,0.01181852840259245,29.70948979591837,0.21664050235478807,-0.43037974683544306,0.15321563682219425,0.7503260059612518,0.25311278294293516,-0.0738255033557047,-0.42592592592592593,-0.4,-0.16712204007285977,0.23222950819672122,0.09032829762602372,Specialty Chemicals,Basic Materials,CBT
2007Q1,2007,Q1,2007-02-09,2006-12-31,54000000.0,655000000.0,80000000.0,0.79,149000000.0,0.22748091603053436,2590000000.0,1261000000.0,1307000000.0,513000000.0,1257000000.0,427000000.0,1202000000.0,,,,,,,,,,,,,,,,,,,,,,,,,,,,,,,Specialty Chemicals,Basic Materials,CBT
