Quarters,Year,Quarter,FillingDate,Date,NetIncome,Revenue,OperatingIncome,EPSDiluted,GrossProfit,GrossProfitRatio,TotalAssets,CommonStockEquity,CurrentAssets,CurrentLiability,TotalLiability,Inventory,RetainedEarnings,MarketCap,EnterpriseValue,bookValuePerShare,currentRatio,debtToAssets,debtToEquity,roic,shareholdersEquityPerShare,roe,priceToSalesRatio,peRatio,pbRatio,payoutRatio,inventoryTurnover,dividendYield,assetTurnover,quickRatio,returnOnAssets,priceToFreeCashFlowsRatio,grossProfitMargin,epsdilutedGrowth,fiveYNetIncomeGrowthPerShare,fiveYRevenueGrowthPerShare,fiveYShareholdersEquityGrowthPerShare,grossProfitGrowth,netIncomeGrowth,operatingIncomeGrowth,threeYNetIncomeGrowthPerShare,threeYRevenueGrowthPerShare,threeYShareholdersEquityGrowthPerShare,Industry,Sector,Symbol
2023Q1,2023,Q1,2023-05-09,2023-03-31,1324000.0,22973000.0,1318000.0,0.07,11532000.0,0.5019805859,84856000.0,68903000.0,65038000.0,12522000.0,15953000.0,17626000.0,-57647000.0,77692410.00000001,72793410.00000001,3.7514564163989763,5.193898738220732,0.04499387197133968,0.055411230280249045,0.014823961423000126,3.7514564163989763,0.01921541877712146,3.3819009271753804,14.670016993957706,1.1275620800255433,0.7779456193353474,0.6490979235220696,0.01325740828479899,0.2707292354105779,3.659000159718895,0.01560290374281135,38.27212315270937,0.501980585905193,0.4583333333333334,2.432978447842062,-0.01830413403490773,-0.2248489837288637,-0.1155085135757018,-0.3541463414634146,-0.33096446700507615,2.9076544637057617,0.30086118269861095,-0.010907568156624118,Communication Equipment,Technology,PCTI
2022Q4,2022,Q4,2023-03-16,2022-12-31,2050000.0,25922000.0,1970000.0,0.048,13038000.0,0.5029704498,89875000.0,68998000.0,69622000.0,17253000.0,20877000.0,18918000.0,-57941000.0,78045000.0,74287000.0,3.801542699724518,4.035356169941459,0.04426147426981919,0.057653845038986636,0.025327897335850138,3.801542699724518,0.029711006116119307,3.010763058405987,9.517682926829268,1.1311197426012347,0.5009756097560976,0.6810445078760968,0.013159074892690116,0.28842280945758,2.8309859154929575,0.022809457579972183,31.635589785164168,0.5029704498109714,-0.5636363636363636,-0.4117685950413223,0.037460698490931234,-0.22772822842884344,0.09232573726541556,0.03955375253549696,0.4778694673668417,0.13286878288395132,0.12487783174645675,-0.065343953008426,Communication Equipment,Technology,PCTI
2022Q3,2022,Q3,2022-11-09,2022-09-30,1972000.0,25988000.0,1333000.0,0.11,11936000.0,0.4592889026,86434000.0,66089000.0,66662000.0,16812000.0,20345000.0,16730000.0,-55916000.0,85743520.0,83750520.0,3.638060112297699,3.9651439448013326,0.04471619964365874,0.05848174431448501,0.023153282293768448,3.638060112297699,0.02983855104480322,3.2993504694474374,10.870121703853956,1.2973947252946783,0.52079107505071,0.8399282725642558,0.011977581512865345,0.30066871832843556,2.8882940756602427,0.022815095911331188,88.30434603501544,0.4592889025704171,4.5,0.9047610373904877,0.012985687152724605,-0.23658869337591984,0.044543624748402906,3.798053527980535,0.5028184892897407,0.4649945151076617,0.08501639253065095,-0.08781284685358628,Communication Equipment,Technology,PCTI
2022Q2,2022,Q2,2022-08-09,2022-06-30,411000.0,24976000.0,887000.0,0.02,11427000.0,0.4575192184,83912000.0,64683000.0,63347000.0,15497000.0,19229000.0,14189000.0,-57888000.0,74262130.0,72483130.0,3.562427713829377,4.0876943924630575,0.04788349699685385,0.06211833093703137,0.011342147069681665,3.562427713829377,0.006354065210333473,2.973339606021781,45.17161192214112,1.1480934712366464,2.4817518248175183,0.954894636690394,0.01373512987036596,0.2976451520640671,3.0576240562689554,0.00489798836876728,47.8801611863314,0.4575192184497117,1.2298850574712645,2.060232117690506,0.0577866125524677,-0.25514144668544686,0.22436515589842496,1.2627877237851663,1.9081967213114754,-0.5711447507356575,0.0435951120345103,-0.09436950074647957,Communication Equipment,Technology,PCTI
2022Q1,2022,Q1,2022-05-10,2022-03-31,-1564000.0,22542000.0,305000.0,-0.087,9333000.0,0.4140271493,81298000.0,64512000.0,59813000.0,12966000.0,16786000.0,12852000.0,-58299000.0,83390080.0,82375080.0,3.589583797017583,4.613064939071418,0.050333341533617064,0.06343005952380952,0.004217125060434085,3.589583797017583,-0.024243551587301588,3.6993203797356045,-13.329616368286445,1.2926289682539682,-0.6400255754475703,1.0277777777777777,0.012003825874732343,0.27727619375630397,3.4710010797470305,-0.019237865630150803,-50.539442424242424,0.41402714932126694,-5.8876404494382015,-46.399213591512726,-0.1795104772050365,-0.25411008643283856,-0.21860348292029472,-5.8875,-0.19525065963060687,-3.83629775304171,0.07317770873844351,-0.08222141630903214,Communication Equipment,Technology,PCTI
2021Q4,2021,Q4,2022-03-15,2021-12-31,320000.0,26008000.0,379000.0,0.0178,11944000.0,0.4592433098,87397000.0,66921000.0,65097000.0,16477000.0,20476000.0,13691000.0,-56735000.0,101748150.0,93556150.0,3.7292281972694346,3.950779874977241,0.0,0.0,0.005314622077478234,3.7292281972694346,0.00478175759477593,3.912186634881575,79.49074218749999,1.520421840677814,0.0,1.0272441750054782,0.0,0.2975845852832477,3.0138374704133035,0.003661452910282962,0.0,0.4592433097508459,-0.555,1.0542098185730413,-0.12126079953952174,-0.23093127759845622,0.16481373122683832,-0.5180722891566265,-0.43684992570579495,1.0338900883515174,0.18463270539454366,-0.06986278865622707,Communication Equipment,Technology,PCTI
2021Q3,2021,Q3,2021-11-09,2021-09-30,664000.0,22411000.0,673000.0,0.04,10254000.0,0.4575431707643568,85567000.0,66445000.0,62563000.0,14884000.0,19122000.0,12983000.0,-57055000.0,111617900.0,106164900.0,3.7027027027027026,4.203372749260951,0.050475066322297146,0.06500112875310407,0.008896422687343098,3.7027027027027026,0.009993227481375573,4.980496184909196,42.02481174698795,1.6798540145985401,1.5090361445783131,0.9363783409073404,0.00897705475555444,0.26191171830261667,3.2449610319806506,0.007760000934939872,44.32799841143765,0.4575431707643568,5.0,2.4054480754686947,-0.1852260211472603,-0.2933401698080396,0.03138201569100785,4.928994082840236,6.752136752136752,1.3818512654267947,0.1680805560921174,-0.19510118089835543,Communication Equipment,Technology,PCTI
2021Q2,2021,Q2,2021-08-09,2021-06-30,-169000.0,21681000.0,-117000.0,-0.01,9942000.0,0.45855818458558184,87545000.0,69023000.0,64187000.0,14177000.0,18522000.0,12391000.0,-57719000.0,119478550.0,115505550.0,3.783948248451291,4.52754461451647,0.05085384659318065,0.0645002390507512,-0.0015662806928991948,3.783948248451291,-0.0024484592092490908,5.510749042940824,-176.7434171597633,1.730996189675905,-5.958579881656805,0.9473811637478815,0.00842829110329846,0.24765549146153407,3.541863581857939,-0.0019304357758866868,218.42513711151736,0.45855818458558184,0.75,0.9866302785804913,-0.21658135857747152,-0.2818866355257466,0.19237227152794434,0.7447129909365559,0.8316546762589928,0.8704584521916237,-0.055938104954611226,-0.2000438937540601,Communication Equipment,Technology,PCTI
2021Q1,2021,Q1,2021-05-10,2021-03-31,-662000.0,17707000.0,-695000.0,-0.04,8338000.0,0.4708872197436042,84249000.0,69645000.0,63473000.0,10342000.0,14604000.0,9719000.0,-57550000.0,125586500.0,117150500.0,3.8541781959048147,6.137400889576484,0.05175135609918219,0.06260320195276042,-0.008949871847343497,3.8541781959048147,-0.009505348553377846,7.0924775512509175,-47.42692598187311,1.8032378490918228,-1.527190332326284,0.9639880646157012,0.008050228328681824,0.2101746014789493,5.048443241152582,-0.007857660031573075,96.605,0.4708872197436042,-1.4000000000000001,0.5892618449619003,-0.24095688531923168,-0.33789077518126986,-0.21458176337603618,-1.353821485836451,-1.350125944584383,0.27173450051147896,-0.2308973455352877,-0.20362392259552334,Communication Equipment,Technology,PCTI
2020Q4,2020,Q4,2021-03-12,2020-12-31,1871000.0,21185000.0,1985000.0,0.1,10616000.0,0.5011092754307293,87531000.0,71398000.0,64613000.0,11746000.0,16133000.0,9984000.0,-56888000.0,119238930.0,117859930.0,3.9339908534905503,5.500851353652307,0.0010396316733500132,0.001274545505476344,0.02610701497717617,3.9339908534905503,0.02620521583237626,5.628460231295728,15.93251336183859,1.6700598055967955,0.549973276322822,1.05859375,0.008629731917252192,0.24202853846065966,4.507406776775072,0.02137528418503159,57.29886112445939,0.5011092754307293,0.6666666666666669,3.1146243359507815,-0.24884527138475535,-0.3409192888660911,0.10872062663185379,0.7955854126679462,0.748898678414097,-0.4631016584935809,-0.15207870123172426,-0.2008217911138989,Communication Equipment,Technology,PCTI
2020Q3,2020,Q3,2020-11-09,2020-09-30,1042000.0,18923000.0,1135000.0,0.06,9575000.0,0.5059979918617555,85271000.0,71341000.0,62984000.0,9373000.0,13930000.0,10290000.0,-58759000.0,103006340.0,102964340.0,3.9200505522281444,6.719726875066681,0.0,0.0,0.014859506194034517,3.9200505522281444,0.014605906841788032,5.44344659937642,24.713613243761998,1.4438589310494667,0.9836852207293666,0.9084548104956268,0.009950843802430024,0.22191600895966976,5.493118531953483,0.012219863728582988,39.83230471771075,0.5059979918617555,-0.14285714285714296,1.9502753043383418,-0.30908524913006435,-0.33706742047499405,0.005671673143577355,-0.12583892617449666,0.033697632058287796,0.004646075427307511,-0.2637382729310659,-0.1774157595711403,Communication Equipment,Technology,PCTI
2020Q2,2020,Q2,2020-08-10,2020-06-30,1192000.0,19842000.0,1098000.0,0.07,9521000.0,0.4798407418606995,85706000.0,70679000.0,63565000.0,10578000.0,15027000.0,11017000.0,-59801000.0,121302120.0,119222120.0,3.8922297483341595,6.009169975420685,0.0,0.0,0.014531356169311324,3.8922297483341595,0.016864981111787095,6.113401874811007,25.440880872483223,1.7162399015266203,0.8573825503355704,0.9368249069619679,0.008425244340329749,0.23151237953002124,4.842881452070334,0.013908011107740415,64.28305246422893,0.4798407418606995,2.7500000000000004,2.4536972719206407,-0.27786125723529637,-0.366267381473854,0.15897748021911137,2.7325581395348837,2.2505694760820045,4.074592437872136,-0.15974173931244506,-0.18618401483418703,Communication Equipment,Technology,PCTI
2020Q1,2020,Q1,2020-05-11,2020-03-31,-688000.0,17506000.0,-878000.0,-0.04,8215000.0,0.4692676796526905,83099000.0,69056000.0,64889000.0,9754000.0,14043000.0,11133000.0,-60993000.0,121076550.0,115876550.0,3.7928269346954466,6.652552798851753,0.0,0.0,-0.012083155305703445,3.7928269346954466,-0.009962928637627433,6.916288701016795,-43.995839389534886,1.7533096327618167,-1.5,0.8345459444893559,0.008523533252310212,0.2106643882597865,5.35042034037318,-0.008279281339125621,43.66265777136675,0.4692676796526905,-1.4000000000000001,-19.968718325119706,-0.3311951179781922,-0.39708285087161105,-0.28639680333564976,-1.382647385984427,-1.5143526654950206,-19.581681038428442,-0.37103636544454033,-0.21187761187085302,Communication Equipment,Technology,PCTI
2019Q4,2019,Q4,2020-03-13,2019-12-31,1798000.0,22897000.0,1707000.0,0.1,11512000.0,0.5027732890771717,89237000.0,73350000.0,70807000.0,12572000.0,15887000.0,11935000.0,-60305000.0,152747980.0,149197980.0,4.067317289564157,5.6321189945911545,0.0,0.0,0.021991463186307562,4.067317289564157,0.024512610770279483,6.671091409354937,21.2385956618465,2.082453715064758,0.5684093437152391,0.9539170506912442,0.006690759511189607,0.2565863935363134,4.536271078587337,0.020148593072380292,62.962893652102224,0.5027732890771717,0.4285714285714285,-0.09274984066576561,-0.21587484682172128,-0.36079229472581315,0.08124354278200432,0.3539156626506024,0.8140276301806588,1.3030882221323639,-0.23019092656748757,-0.16120807147784838,Communication Equipment,Technology,PCTI
2019Q3,2019,Q3,2019-11-12,2019-09-30,1328000.0,23630000.0,941000.0,0.07,10647000.0,0.45057130765975456,87867000.0,71478000.0,69847000.0,13419000.0,16389000.0,13577000.0,-62103000.0,150544800.0,148190800.0,3.988282557750251,5.2050823459274165,0.0,0.0,0.01252848853421653,3.988282557750251,0.018579143232882844,6.370918324164198,28.34051204819277,2.106169730546462,0.7658132530120482,0.9562495396626648,0.006755464154191974,0.2689291770516804,4.112303450331619,0.015113751465282757,70.15135135135135,0.45057130765975456,0.4000000000000001,-0.3949148846484249,-0.1450482122452661,-0.3643679060401556,-0.004394987843650645,0.4112646121147715,0.4960254372019078,5.819636839000749,-0.13980556938905675,-0.2388373301048033,Communication Equipment,Technology,PCTI
2019Q2,2019,Q2,2019-08-09,2019-06-30,941000.0,23499000.0,629000.0,0.05,10694000.0,0.4550831950295757,84153000.0,70129000.0,67420000.0,13265000.0,14024000.0,13140000.0,-63431000.0,83078480.0,80349480.0,3.9336437065290553,5.082548058801357,0.0,0.0,0.008727193020404199,3.9336437065290553,0.01341812944716166,3.5354049108472703,22.071859723698193,1.1846522836487046,1.0765143464399576,0.9745053272450532,0.012193290007231716,0.2792413817689209,3.9855258198266115,0.011182013713117774,29.099292469352015,0.4550831950295757,3.5000000000000004,0.7592432685004312,-0.08550920253484574,-0.3538837886527811,0.23515823515823517,3.968454258675079,2.3411513859275055,1.0761677794908333,-0.13121964681306064,-0.25347760295223426,Communication Equipment,Technology,PCTI
2019Q1,2019,Q1,2019-05-10,2019-03-31,-317000.0,20590000.0,-469000.0,-0.02,8658000.0,0.420495386109762,83320000.0,68903000.0,65928000.0,13549000.0,14417000.0,12919000.0,-64372000.0,90199040.0,87379040.0,3.9111653516489753,4.86589416193077,0.0,0.0,-0.00686547496334131,3.9111653516489753,-0.004600670507815334,4.380720738222438,-71.13488958990536,1.3090727544519107,-3.2050473186119874,0.9236008979023144,0.01126397797581881,0.2471195391262602,3.798656727433759,-0.0038046087373979835,73.45198697068403,0.420495386109762,0.9622641509433962,-1.240127647563336,-0.10198954114574331,-0.3611899156071693,-0.004484304932735426,0.9652983032293377,-0.10352941176470588,0.7982597665716245,-0.09467606449159506,-0.32810095239765247,Communication Equipment,Technology,PCTI
2018Q4,2018,Q4,2019-03-18,2018-12-31,-9135000.0,21240000.0,-425000.0,-0.53,8697000.0,0.4094632768361582,81871000.0,69606000.0,65327000.0,11884000.0,12265000.0,12848000.0,-64055000.0,74478690.0,70372690.0,4.009331259720062,5.497054863682262,0.001111504684198312,0.001307358561043588,-0.16001717071465785,4.009331259720062,-0.13123868632014482,3.506529661016949,-2.0382783251231524,1.0700038789759505,-0.1103448275862069,0.976260896637609,0.013534072632050859,0.2594325218941994,4.296785594076069,-0.11157797022144593,-105.49389518413598,0.4094632768361582,-4.3,-21.057509678700246,-0.15575994046797914,-0.3589478202161083,0.2940038684719536,-4.470059880239521,0.8212783851976451,-9.793093856288486,-0.2127123965112239,-0.3282971424595213,Communication Equipment,Technology,PCTI
2018Q3,2018,Q3,2018-11-09,2018-09-30,-1670000.0,18426000.0,-2378000.0,-0.1,6721000.0,0.3647563225876479,90124000.0,79280000.0,64284000.0,10461000.0,10844000.0,12691000.0,-54920000.0,80999800.0,75871800.0,4.600208889404665,6.145110410094637,0.0,0.0,-0.023203875830102142,4.600208889404665,-0.021064581231079717,4.395951373059807,-12.125718562874251,1.0216927346115037,-0.6035928143712574,0.9223071467969427,0.012444475171543633,0.20445164440104743,4.818659783959468,-0.018530025298477654,56.36729297146834,0.3647563225876479,-0.4285714285714285,-3.302022895626225,-0.27940072075301403,-0.2614679624952206,-0.1382228490832158,-0.3621533442088091,-0.484394506866417,-0.6082724837492216,-0.2895606983213379,-0.22204361786265786,Communication Equipment,Technology,PCTI
2018Q2,2018,Q2,2018-08-09,2018-06-30,-1226000.0,21582000.0,-1602000.0,-0.07,7799000.0,0.3613659531090724,95170000.0,81085000.0,69191000.0,13632000.0,14085000.0,13470000.0,-53250000.0,106966080.0,99638080.0,4.730194843075487,5.075630868544601,0.0,0.0,-0.01732969525249509,4.730194843075487,-0.015119935869766295,4.956263552960801,-21.81200652528548,1.3191845594129619,-0.8189233278955954,1.0232368225686712,0.009386153068337177,0.22677314279709992,3.99325117370892,-0.012882210780708206,36.50719453924915,0.3613659531090724,-0.4000000000000001,-8.71118252882341,-0.16257233260975107,-0.23243762135202983,-0.008265513733468972,-0.4289044289044289,-0.31203931203931207,-4.762954093910267,-0.1679348619014662,-0.22982995407090734,Communication Equipment,Technology,PCTI
2018Q1,2018,Q1,2018-05-10,2018-03-31,-858000.0,21731000.0,-1221000.0,-0.05,7864000.0,0.36187934287423495,94043000.0,82545000.0,68219000.0,11013000.0,11498000.0,12582000.0,-52024000.0,122462080.0,110263080.0,4.839645872420262,6.194406610369564,0.0,0.0,-0.01081427087610812,4.839645872420262,-0.010394330365255316,5.635363305876398,-35.68242424242424,1.483579623235811,-1.1596736596736597,1.102130027022731,0.008124964070510643,0.23107514647554842,4.881776082811223,-0.009123486064885212,-49.53967637540453,0.36187934287423495,-1.263157894736842,-1.4769927417772837,-0.10137865537695603,-0.2180083183374153,-0.23240605173255247,-1.264,-2.4280701754385965,-26.914634146341466,-0.11375575676262384,-0.23067792376746055,Communication Equipment,Technology,PCTI
2017Q4,2017,Q4,2018-03-16,2017-12-31,3250000.0,23301000.0,855000.0,0.19,10245000.0,0.4396807003991245,96466000.0,83319000.0,70846000.0,12755000.0,13147000.0,12756000.0,-51258000.0,124744620.0,119365620.0,4.922545196738745,5.554370834966679,0.0,0.0,0.03801149860353013,4.922545196738745,0.039006709153974486,5.353616582979272,9.595740000000001,1.4971929571886367,0.3,1.0235183443085607,0.007815968335949077,0.24154624427259344,4.4284594276754214,0.033690626749321,58.73098870056497,0.4396807003991245,2.166666666666667,1.3746273206301258,-0.06769724841393607,-0.2033893061341276,0.00935960591133005,2.4031413612565444,-0.0425531914893617,0.7472637045763408,-0.14980393627629002,-0.22638717481197101,Communication Equipment,Technology,PCTI
2017Q3,2017,Q3,2017-11-09,2017-09-30,955000.0,23665000.0,893000.0,0.06,10150000.0,0.4289034439045003,92205000.0,79856000.0,68830000.0,11919000.0,12349000.0,12828000.0,-54508000.0,105569100.0,99238100.0,4.765530822939667,5.774813323265374,0.0,0.0,0.008670944966852627,4.765530822939667,0.011959026247245041,4.460980350728924,27.635890052356018,1.3219933380084152,1.024083769633508,1.05355472404116,0.009264074430870397,0.2566563635377691,4.61750146824398,0.010357355891762919,49.60953947368421,0.4289034439045003,4.0,2.6652406457003046,-0.04442761835308587,-0.2815355452410275,0.1325596964963178,3.7053824362606234,3.634218289085546,-0.5346154411170805,-0.0842548751654619,-0.24049404926715667,Communication Equipment,Technology,PCTI
2017Q2,2017,Q2,2017-08-09,2017-06-30,-353000.0,21501000.0,-339000.0,-0.02,8962000.0,0.4168178224268639,91858000.0,79077000.0,67792000.0,12309000.0,12781000.0,13783000.0,-55463000.0,117060720.0,105405720.0,4.78269021410427,5.507514826549679,0.0,0.0,-0.0024334997637896864,4.78269021410427,-0.00446400343968537,5.444431421794335,-82.9041926345609,1.4803384043400736,-2.5127478753541075,0.9097438873975187,0.007577264175378385,0.23406780030046376,4.22048907303599,-0.003842887935726883,57.326503428011755,0.4168178224268639,-9.893246187363834,-2.8861647342286223,0.13201409534101427,-0.27455800031139077,-0.03789586688137413,-10.766666666666667,-0.15699658703071673,-1.7115995618702857,-0.09777821451882023,-0.2144246119557282,Communication Equipment,Technology,PCTI
2017Q1,2017,Q1,2017-05-10,2017-03-31,-30000.0,24979000.0,-293000.0,-0.001836,9315000.0,0.37291324712758717,90030000.0,78636000.0,65220000.0,10905000.0,11394000.0,12692000.0,-55110000.0,116340800.0,101624800.0,4.812484700122399,5.980742778541953,0.0,0.0,-0.0004205097784071337,4.812484700122399,-0.0003815046543567831,4.6575443372432845,-969.5066666666667,1.4794852230530546,-28.833333333333332,1.2341632524424835,0.007435052879127529,0.2774519604576252,4.705089408528198,-0.0003332222592469177,143.80815822002472,0.37291324712758717,0.9944363636363637,0.9581841023372076,0.5378778145230815,-0.2757970427646323,-0.06672678088367899,0.9943683123709405,0.56071964017991,0.7714324038832348,0.1745729590470344,-0.2139775537415557,Communication Equipment,Technology,PCTI
2016Q4,2016,Q4,2017-03-15,2016-12-31,-5327000.0,26709000.0,-667000.0,-0.33,9981000.0,0.37369426036167586,92166000.0,78525000.0,68402000.0,13250000.0,13641000.0,14442000.0,-55590000.0,87123720.0,72425720.0,4.849018154872175,5.1624150943396225,0.0,0.0,-0.07476463225009515,4.849018154872175,-0.06783826806749443,3.2619611366954957,-4.088779801013704,1.1095029608404967,-0.1627557724798198,1.1582883257166599,0.009951365713034292,0.2897923312284357,3.955622641509434,-0.05779788642232494,28.69687747035573,0.37369426036167586,-34.0,-9.75034733897715,0.4231902124363918,-0.2802867263404271,0.11681772406847936,-31.44,-3.0920245398773005,-13.539255673890251,0.1381242411875867,-0.22469023968612895,Communication Equipment,Technology,PCTI
2016Q3,2016,Q3,2016-11-08,2016-09-30,175000.0,24687000.0,-163000.0,0.01,8937000.0,0.36201239518775064,95687000.0,84391000.0,65206000.0,10849000.0,11296000.0,14705000.0,-50263000.0,85200740.0,72269740.0,5.239724326338011,6.010323532122777,0.0,0.0,0.002635269467273695,5.239724326338011,0.0020736808427438947,3.4512391137035685,121.71534285714287,1.0095950990034483,4.948571428571428,1.0710642638558314,0.010164230967946991,0.257997429117853,4.535072356899254,0.001828879576117968,34.67673585673586,0.36201239518775064,1.0144927536231885,-0.6193094226360121,0.3553970526976236,-0.21892814761962112,-0.03247807729782397,1.015804208434932,0.9694183864915572,-0.7418752727230038,0.0330693280210026,-0.1587981381439907,Communication Equipment,Technology,PCTI
2016Q2,2016,Q2,2016-08-09,2016-06-30,-11073000.0,24243000.0,-5330000.0,-0.69,9237000.0,0.38101720084148,95182000.0,84198000.0,64107000.0,10511000.0,10984000.0,15190000.0,-49572000.0,75261090.0,68138090.0,5.269290944364478,6.099039101893255,0.0,0.0,-0.1314250399425159,5.269290944364478,-0.1315114373263023,3.1044462319019925,-1.6992027905716607,0.8938584051877717,-0.07703422739998193,0.98788676761027,0.01133387783780437,0.2547015191948057,4.516125963276568,-0.11633502132756193,33.169277214632,0.38101720084148,-6.666666666666667,-482.06118029914273,0.3779181550529956,-0.2111948768733189,0.31002694653240676,-6.605082417582418,-0.9360697420995278,-75.71498387087597,0.009145696615463998,-0.14495921939339373,Communication Equipment,Technology,PCTI
2016Q1,2016,Q1,2016-05-10,2016-03-31,-1456000.0,21074000.0,-2753000.0,-0.09,7051000.0,0.33458289835816646,105450000.0,95023000.0,63245000.0,10012000.0,10427000.0,17479000.0,-37646000.0,78028720.0,73675720.0,5.821061014457241,6.316919696364363,0.0,0.0,-0.015340252905016612,5.821061014457241,-0.015322606105890153,3.7026060548543227,-13.397788461538463,0.8211561411447755,-0.5975274725274725,0.802277018136049,0.011149740762119383,0.19984826932195354,4.39872153415901,-0.013807491702228544,106.59661202185792,0.33458289835816646,-0.7999999999999998,-11.891131066491777,0.21777051373967193,-0.13151427962516293,-0.20336685120325387,-0.775609756097561,-0.5518602029312288,-1.8457391968141121,-0.08946929609011424,-0.05943091462609322,Communication Equipment,Technology,PCTI
2015Q4,2015,Q4,2016-03-15,2015-12-31,-820000.0,26138000.0,-1774000.0,-0.05,8851000.0,0.33862575560486646,113710000.0,100397000.0,71966000.0,12925000.0,13313000.0,17596000.0,-35320000.0,76531000.0,69583000.0,5.968906064209275,5.567969052224371,0.0,0.0,-0.011396733690546104,5.968906064209275,-0.008167574728328535,2.9279592929833957,-23.33262195121951,0.7622837335776965,-1.074390243902439,0.9824391907251648,0.011511675007513296,0.22986544719022073,4.083868471953578,-0.007211327060065078,101.5,0.33862575560486646,0.1666666666666666,-0.19101820073505565,0.44003015575669374,-0.11997586560082878,0.025608342989571264,0.2278719397363465,0.20126069338135974,0.9048829696557557,0.05240548964847308,-0.03405774626911536,Communication Equipment,Technology,PCTI
2015Q3,2015,Q3,2015-11-09,2015-09-30,-1062000.0,26526000.0,-2221000.0,-0.06,8630000.0,0.3253411746965242,117217000.0,104226000.0,76864000.0,12061000.0,12991000.0,17187000.0,-33619000.0,105932260.0,93173260.0,5.913196414387836,6.37293756736589,0.0,0.0,-0.013398275140682904,5.913196414387836,-0.010189396119970065,3.9935255975269546,-24.936972693032015,1.0163707712087195,-0.8578154425612052,1.0412521091522662,0.008599835404247962,0.22629823319143128,4.556670259514137,-0.009060119265976779,242.96389908256882,0.3253411746965242,-4.0,-0.1259128034876553,0.508934218159688,-0.12747055032917268,-0.1001981023876551,-4.060518731988473,-0.33393393393393395,-4.874950357426529,0.018289696615805512,-0.10851034321394111,Communication Equipment,Technology,PCTI
2015Q2,2015,Q2,2015-08-10,2015-06-30,347000.0,27625000.0,-1665000.0,0.02,9591000.0,0.34718552036199096,126328000.0,112130000.0,84902000.0,12772000.0,14198000.0,17696000.0,-31646000.0,131085260.0,115032260.0,6.141753847839185,6.647510178515502,0.0,0.0,-0.00953061763806368,6.141753847839185,0.003094622313386248,4.74516778280543,94.44182997118155,1.1690471773833941,2.680115273775216,1.0191003616636527,0.007094619181439622,0.21867677791146856,4.926871280927028,0.002746817807611931,21.738849087893865,0.34718552036199096,12.098779134295228,1.3239770700727806,0.49043040436007357,-0.10128423593566777,-0.05869074492099323,11.515151515151516,-16.34375,0.6791245357805877,0.31717651816247106,-0.06841422013235743,Communication Equipment,Technology,PCTI
2015Q1,2015,Q1,2015-05-11,2015-03-31,-33000.0,26326000.0,-96000.0,-0.001802,10189000.0,0.3870318316493201,128347000.0,115197000.0,85302000.0,12713000.0,13150000.0,17704000.0,-31063000.0,146496000.0,138722000.0,6.290792922673656,6.709824589003382,0.0,0.0,-0.0005282042389724026,6.290792922673656,-0.00028646579338003595,5.564688900706526,-1109.8181818181818,1.2716997838485378,-28.151515151515152,0.9114889290555807,0.006341470074268239,0.2051158188348773,4.969401400141587,-0.00025711547601424265,-590.7096774193549,0.3870318316493201,-1.016381818181818,0.9603606666831525,0.6143292794540808,-0.0884472631251462,-0.13366210356262223,-1.0165413533834586,-1.0509283819628648,0.9589559335631811,0.4462651899318889,-0.05333499806457291,Communication Equipment,Technology,PCTI
2014Q4,2014,Q4,2015-03-13,2014-12-31,1995000.0,29395000.0,1885000.0,0.11,11761000.0,0.4001020581731587,131669000.0,115515000.0,104279000.0,15706000.0,16154000.0,16358000.0,-30101000.0,157213640.0,136916640.0,6.363060482538284,6.639437157774099,0.0,0.0,0.011559495634267988,6.363060482538284,0.01727048435268147,5.348312298009866,19.70095739348371,1.3609803055880187,0.37042606516290727,1.0780046460447488,0.0047006099470758385,0.22324920824187927,5.3408251623583345,0.015151630224274506,83.18182010582011,0.4001020581731587,-0.0833333333333333,4.359617618802923,0.9149866098187173,-0.0809227982774394,0.03220993505353695,-0.10054102795311091,-0.1006679389312977,1.9232590269892598,0.3972064718408378,-0.055565695133551724,Communication Equipment,Technology,PCTI
2014Q3,2014,Q3,2014-11-07,2014-09-30,2218000.0,27932000.0,2096000.0,0.12,11394000.0,0.4079192324215953,128126000.0,113644000.0,99241000.0,13931000.0,14482000.0,16367000.0,-31355000.0,137470080.0,118248080.0,6.274514134275618,7.123752781566291,0.0,0.0,0.017743634223784572,6.274514134275618,0.019517088451656048,4.921598166976944,15.494824165915238,1.2096554151561016,0.3318304779080252,1.0104478523858984,0.005353892279687332,0.21800415216271482,5.679922475055632,0.01731108440129248,27.895714285714284,0.4079192324215953,3.0,3.848052295649732,0.9752843654332469,-0.09820422286820571,0.05004147083218136,3.069724770642202,2.8458715596330277,3.2905889101956394,0.3637084718646783,-0.0646747667599762,Communication Equipment,Technology,PCTI
2014Q2,2014,Q2,2014-08-11,2014-06-30,545000.0,26182000.0,545000.0,0.03,10851000.0,0.41444503857612097,124397000.0,110591000.0,93980000.0,12461000.0,13806000.0,16862000.0,-32835000.0,146954850.0,132982850.0,6.0881365262868155,7.5419308241714145,0.0,0.0,0.0030513481827586877,6.0881365262868155,0.004928068287654511,5.612819876250859,67.41048165137614,1.3288138275266521,1.363302752293578,0.9092041276242439,0.0050559746752148705,0.21047131361688787,5.950325014043817,0.004381134593277973,4898.495,0.41444503857612097,4.0,1.3368569081275898,0.8993643446938865,-0.12948260933703015,0.1324358171571697,4.732876712328767,2.2914691943127963,19.827910817506197,0.30904348597914894,-0.08861489469169531,Communication Equipment,Technology,PCTI
2014Q1,2014,Q1,2014-05-08,2014-03-31,-146000.0,23656000.0,-422000.0,-0.01,9582000.0,0.40505579979709166,124002000.0,111284000.0,92964000.0,11492000.0,12718000.0,15961000.0,-32635000.0,158676480.0,142201480.0,6.122579225352113,8.089453532892447,0.0,0.0,-0.002460651226691268,6.122579225352113,-0.0013119585924301787,6.70766317213392,-271.706301369863,1.4258696667984616,-5.061643835616438,0.8817743249169852,0.004657274978623171,0.19077111659489362,6.414027149321267,-0.0011774003645102498,-112.21816124469589,0.40505579979709166,-1.5,0.9069144992976351,0.6150191471696009,-0.13286525259280899,-0.11629622798118602,-1.3106382978723403,-2.0047619047619047,-0.16094267812758897,0.22768814458075176,-0.08652862152180404,Communication Equipment,Technology,PCTI
2013Q4,2013,Q4,2014-03-13,2013-12-31,470000.0,25963000.0,420000.0,0.02,10843000.0,0.4176327851172823,127432000.0,112052000.0,95828000.0,12243000.0,15380000.0,14535000.0,-31748000.0,171456120.0,149666120.0,6.254297834338022,7.827166544147676,0.0,0.0,0.0016609935303147068,6.254297834338022,0.0041944811337593264,6.603863960251126,91.20006382978724,1.5301477885267554,1.374468085106383,1.0402476780185759,0.0037677278594663174,0.20374003390043316,6.248305153965531,0.003688241571975642,53.563298969072164,0.4176327851172823,-0.5,1.043213534765322,0.3919503316412147,-0.1243743476319396,0.0062175204157386785,-0.374167776298269,-0.5474137931034483,1.6408956760336113,0.3428856845595539,-0.077899203182207,Communication Equipment,Technology,PCTI
2013Q3,2013,Q3,2013-11-12,2013-09-30,751000.0,26471000.0,928000.0,0.04,10776000.0,0.4070870008688754,124453000.0,111129000.0,90237000.0,10419000.0,13324000.0,15238000.0,-31570000.0,157892850.0,140472850.0,6.228854884815873,8.660811978116902,0.0,0.0,0.004761839266429358,6.228854884815873,0.006757911976171836,5.964748215027766,52.560868841544604,1.4208069000890857,0.8575233022636485,1.0299908124425778,0.0040787154073157845,0.21269876981671795,6.93070352241098,0.006034406563120214,44.43930481283422,0.4070870008688754,3.0,-0.930905803440563,0.3416757445898415,-0.1947437412169454,0.02161547212741752,3.5515151515151517,2.5968992248062017,1.7866014644730763,0.48765923461460425,-0.08089315086779808,Communication Equipment,Technology,PCTI
2013Q2,2013,Q2,2013-08-09,2013-06-30,165000.0,26746000.0,258000.0,0.01,10548000.0,0.3943767292305391,123917000.0,109633000.0,88574000.0,11503000.0,14284000.0,16108000.0,-31675000.0,148012800.0,129683800.0,6.162619449128724,7.7000782404590105,0.0,0.0,0.0013970292497026905,6.162619449128724,0.0015050212983317066,5.534016301503028,224.26181818181817,1.3500752510649168,3.896969696969697,1.0055872858207102,0.004344218878367276,0.21583802061056998,6.069547074676171,0.0013315364316437614,264.30857142857144,0.3943767292305391,-0.9,-0.7530710450372899,0.41555460844108566,-0.10720498266280466,0.09897895394873932,-0.9115281501340483,1.1804195804195805,1.1580964835946423,0.48088632430173084,-0.09823099654018352,Communication Equipment,Technology,PCTI
2013Q1,2013,Q1,2013-05-15,2013-03-31,1865000.0,25073000.0,-1430000.0,0.1,9598000.0,0.3828022175248275,125387000.0,109444000.0,89396000.0,13161000.0,15943000.0,16848000.0,-31194000.0,126440600.0,110848600.0,6.188871296086858,6.792492971658689,0.0,0.0,-0.008396872750756132,6.188871296086858,0.01704067833778005,5.04289873569178,16.949142091152815,1.1552995139066555,0.3463806970509383,0.9185066476733144,0.005109118431896084,0.19996490864284175,5.306891573588633,0.01487395025002592,111.89433628318584,0.3828022175248275,1.2083333333333333,-0.9420421235117916,0.5825521573018988,-0.19220741442831202,-0.03362867498993154,1.2079152731326643,0.893251716930427,3.3197784587282824,0.592094422379729,-0.1032159796929849,Communication Equipment,Technology,PCTI
2012Q4,2012,Q4,2013-04-02,2012-12-31,-8970000.0,25842000.0,-13396000.0,-0.48,9932000.0,0.3843355777416609,128570000.0,108145000.0,90958000.0,16559000.0,20425000.0,17573000.0,-32410000.0,126007200.0,108450200.0,6.179361179361179,5.4929645509994565,0.0,0.0,-0.0770428358577374,6.179361179361179,-0.08294419529335614,4.876062224286046,-3.5119063545150504,1.165168986083499,-0.06164994425863991,0.9053661867637853,0.004388638109568342,0.20099556661740686,4.211667371218069,-0.06976744186046512,40.00228571428571,0.3843355777416609,-25.0,-2.1189809492105245,1.5873774479642597,0.013267008514546033,-0.010756972111553785,-33.97794117647059,-30.901785714285715,-14.669273444114882,0.7463362357149377,-0.10745623167567864,Communication Equipment,Technology,PCTI
2012Q3,2012,Q3,2012-11-09,2012-09-30,272000.0,25853000.0,448000.0,0.02,10040000.0,0.3883495145631068,134474000.0,116030000.0,87486000.0,14602000.0,18444000.0,16060000.0,-23533000.0,119127330.0,102066330.0,6.632938889841651,5.99137104506232,0.0,0.0,0.0022880417261180856,6.632938889841651,0.002344221322071878,4.60787258732062,109.49203125,1.0266942170128415,2.0294117647058822,0.9846201743462017,0.004633697405960496,0.19225277748858516,4.723736474455554,0.002022695837113494,-276.3975174013921,0.3883495145631068,0.7669035532994923,-0.49488545139473217,0.5146385048471879,0.21041194748109432,0.1580161476355248,0.38071065989847713,5.525252525252525,1.361624157704709,0.8929565803166507,-0.04669012566930599,Communication Equipment,Technology,PCTI
2012Q2,2012,Q2,2012-08-09,2012-06-30,197000.0,19993000.0,-99000.0,0.011319236957021375,8670000.0,0.43365177812234285,128959000.0,114741000.0,95454000.0,10478000.0,13687000.0,13728000.0,-23251000.0,112603880.0,84813880.0,6.592794759825328,9.109944645924795,0.0,0.0,-0.0019700891573195285,6.592794759825328,0.001716910258756678,5.632165257840244,142.89832487309644,0.9813743997350555,2.802030456852792,0.8248106060606061,0.004902140139398394,0.15503377042315775,7.591334224088566,0.0015276173047247576,-282.9243216080402,0.43365177812234285,1.2263847391404274,1.0744450719979715,0.2777989054594933,0.19800836613684447,0.20785734187796043,1.2598944591029024,0.9397076735688186,1.1270871116857162,0.5138043752297805,-0.05732362165012478,Communication Equipment,Technology,PCTI
2012Q1,2012,Q1,2012-05-09,2012-03-31,-758000.0,17161000.0,-1642000.0,-0.05,7178000.0,0.41827399335703047,129036000.0,114723000.0,92696000.0,9869000.0,13974000.0,13246000.0,-22368000.0,114805600.0,96965600.0,6.645215477293791,9.392643631573614,0.0,0.0,-0.010147702347511216,6.645215477293791,-0.006607219127812209,6.689913175222889,-37.8646437994723,1.0007199951186772,-0.7189973614775725,0.753661482711762,0.004747155191035977,0.13299389317709787,7.821967777890364,-0.005874329644440311,-175.00853658536585,0.41827399335703047,-2.330046224961479,-0.21808387395736809,0.10297263407463021,0.15216170135308088,-0.22675859097274587,-2.167950693374422,-5.461956521739131,0.4911904247413391,0.23349059378744638,-0.05884480506038459,Communication Equipment,Technology,PCTI
2011Q4,2011,Q4,2012-03-15,2011-12-31,649000.0,20007000.0,368000.0,0.03759267840593142,9283000.0,0.4639876043384815,133464000.0,116315000.0,93054000.0,12743000.0,16618000.0,13911000.0,-20941000.0,118085760.0,98667760.0,6.737430491195552,7.302362081142588,0.0,0.0,0.0015887890641791687,6.737430491195552,0.005579675880153033,5.902222222222222,45.48758089368259,1.0152238318359625,0.0,0.7709007260441377,0.0,0.14990559251933105,5.961704465196578,0.004862734520170233,54.29230344827586,0.4639876043384815,0.8796339202965708,-0.880203601424711,0.17662244429630464,0.17389927998600796,-0.007590335685268334,0.31910569105691056,-0.005405405405405406,1.061925034516202,0.11314172984503434,-0.05673392515021026,Communication Equipment,Technology,PCTI
2011Q3,2011,Q3,2011-11-09,2011-09-30,492000.0,19494000.0,370000.0,0.02,9354000.0,0.4798399507540782,131892000.0,115639000.0,93717000.0,11706000.0,14673000.0,13636000.0,-20942000.0,106013700.0,84358700.0,6.708376841861004,8.005894413121476,0.0,0.0,0.0016071786729581884,6.708376841861004,0.004254619981148229,5.438273314866112,53.868750000000006,0.9167642404379146,0.0,0.7436198298621297,0.0,0.14780274770266583,6.573466598325645,0.003730324811209171,44.30158796489762,0.4798399507540782,12.884000000000002,1.028808479449874,0.15373794848122285,0.2190116316711179,0.038871612616614835,18.68,2.2416107382550337,-0.953151137160205,0.022611091802867727,-0.1327519202041004,Communication Equipment,Technology,PCTI
2011Q2,2011,Q2,2011-08-09,2011-06-30,25000.0,19109000.0,-298000.0,0.0014405070584845865,9004000.0,0.4711915851169606,133322000.0,115933000.0,90628000.0,11886000.0,15055000.0,12655000.0,-21943000.0,112460400.0,85782400.0,6.680092192451743,7.6247686353693425,0.0,0.0,-0.003699665279063665,6.680092192451743,0.000215641793104638,5.885205923910199,1124.604,0.9700464923705935,0.0,0.7984986171473726,0.0,0.14332968302305696,6.133770822816759,0.00018751593885480265,339.7595166163142,0.4711915851169606,1.208195637805684,-0.995255161938406,-0.14257748240797316,0.03220675575911721,0.09524388760491424,1.2100840336134453,0.924230867022629,-0.9616487597776677,0.03670949990318451,-0.03223733446380412,Communication Equipment,Technology,PCTI
2011Q1,2011,Q1,2011-05-10,2011-03-31,-119000.0,18233000.0,-3933000.0,-0.006919006919006919,8221000.0,0.45088575659518454,132840000.0,115277000.0,84802000.0,11994000.0,15125000.0,11565000.0,-21863000.0,131916330.0,112987330.0,6.702540845397988,7.070368517592129,0.0,0.0,-0.02941191427066379,6.702540845397988,-0.0010322961215160006,7.2350315362255255,-277.1351470588235,1.14434214977836,0.0,0.8657155209684393,0.0,0.13725534477566997,5.647990661997666,-0.0008958145137006925,-42.59487568614789,0.45088575659518454,0.8309659090909092,0.935012330371748,0.17883080591410716,0.12254563839148411,-0.0621720282911248,0.8309659090909091,-2.013793103448276,-1.0038024008643895,0.1832790443719406,-0.12516151324276928,Communication Equipment,Technology,PCTI
2010Q4,2010,Q4,2011-03-16,2010-12-31,-704000.0,18560000.0,-1305000.0,-0.04093261236118379,8766000.0,0.4723060344827586,130565000.0,116655000.0,90659000.0,11799000.0,13910000.0,10729000.0,-20578000.0,103194000.0,79196000.0,6.7826617826617825,7.683617255699636,0.0,0.0,-0.00767595556548136,6.7826617826617825,-0.006034889203206035,5.560021551724138,-36.645596590909086,0.8846084608460846,0.0,0.912853015192469,0.0,0.1421514188335312,6.357911687431138,-0.005391950369547735,177.92068965517242,0.4723060344827586,0.18134775277632423,-4.417011424337432,-0.02260723780171256,0.12901265452726013,0.2499643519178668,0.24219590958019377,0.1288384512683578,-1.0893639953067058,0.8909119501038519,0.11219383602920177,Communication Equipment,Technology,PCTI
2010Q3,2010,Q3,2010-11-09,2010-09-30,-929000.0,17314000.0,-1498000.0,-0.05,7013000.0,0.4050479380847869,130709000.0,117650000.0,92338000.0,10742000.0,13059000.0,10064000.0,-19874000.0,106590400.0,119929400.0,6.777073732718894,8.595978402532117,0.017726399865349747,0.019694007649808755,-0.008163410783614098,6.777073732718894,-0.007896302592435189,6.156312810442417,-28.684176533907426,0.9059957501062473,0.0,1.0235492845786964,0.0,0.13246218699553972,7.213833550549246,-0.007107391227842,115.73333333333333,0.4050479380847869,0.1666666666666666,-0.17934665986562082,-0.06825763653607558,0.11252900422010582,-0.13569139758442197,0.09718172983479106,0.11413364872856298,-2.7384062021467037,0.02213917944316699,0.23671439632984137,Communication Equipment,Technology,PCTI
2010Q2,2010,Q2,2010-08-09,2010-06-30,-1029000.0,17807000.0,-1691000.0,-0.06,8114000.0,0.45566350311675186,131383000.0,119867000.0,95366000.0,9302000.0,11516000.0,9090000.0,-18946000.0,88401600.0,94400600.0,6.833922462941847,10.25220382713395,0.01685149524672142,0.01847047143917842,-0.008886004735705399,6.833922462941847,-0.008584514503574796,4.964429718649969,-21.477551020408164,0.7374973929438461,0.0,1.0663366336633664,0.0,0.13553503877975082,8.793915287035047,-0.007832063508977569,54.941951522684896,0.45566350311675186,-0.1999999999999999,-2.668441078776462,0.11622901738868552,0.12368648721027392,0.12397839035877545,-0.2943396226415094,-0.17430555555555555,0.6141623636152245,0.12926219720242263,0.24182483793136533,Communication Equipment,Technology,PCTI
2010Q1,2010,Q1,2010-05-07,2010-03-31,-795000.0,15573000.0,-1440000.0,-0.05,7219000.0,0.4635587234315803,130975000.0,120681000.0,85086000.0,8024000.0,10294000.0,8343000.0,-17917000.0,108069660.0,108144660.0,6.901183736489964,10.603938185443669,0.01733155182286696,0.018809920368575005,-0.007268560768015636,6.901183736489964,-0.006587615283267457,6.939553072625698,-33.984169811320754,0.8954985457528526,0.0,1.001318470574134,0.0,0.11890055354075205,9.083000997008973,-0.00606986066043138,-88.94622222222222,0.4635587234315803,-0.5285839160839163,0.6163268606293612,0.16029858702224495,0.10948660914193777,0.036616886846639864,-0.38986013986013984,-1.6134301270417424,-0.2612501589948539,-0.011855297173902431,0.1965420267188359,Communication Equipment,Technology,PCTI
2009Q4,2009,Q4,2010-03-16,2009-12-31,-572000.0,14786000.0,-551000.0,-0.032710013152627664,6964000.0,0.47098606790206954,129218000.0,121068000.0,84867000.0,5978000.0,8150000.0,8107000.0,-17122000.0,103523040.0,67980040.0,6.923314462171899,14.196554031448645,0.0,0.0,-0.006960599682434178,6.923314462171899,-0.004724617570291076,7.001422967672123,-45.24608391608392,0.8550817722271781,0.0,0.964845195510053,0.0,0.11442678264638054,12.24406155904985,-0.004426627869182312,48.3752523364486,0.47098606790206954,0.18224967118430843,-1.6011387191602269,0.08077762758870097,0.10132758713429801,0.0837223778400249,0.2423841059602649,0.3230958230958231,-1.1042368338515847,-0.14151645465572696,0.2062868586000255,Communication Equipment,Technology,PCTI
2009Q3,2009,Q3,2009-11-09,2009-09-30,-755000.0,13709000.0,-814000.0,-0.04,6426000.0,0.4687431614267999,129370000.0,122172000.0,92271000.0,5506000.0,7198000.0,8407000.0,-16550000.0,109743750.0,94739750.0,6.957799419101316,16.75826371231384,0.013078766329133493,0.01384932717807681,-0.011302167400295157,6.957799419101316,-0.006179812068231674,8.005233788022467,-36.338990066225165,0.8982725174344367,0.0,0.8663018912810753,0.0,0.10596738038185051,14.533418089357065,-0.005835974337172451,-1055.2283653846155,0.4687431614267999,0.5555555555555556,0.6696727000303232,0.4672224560469803,0.15232198372040473,0.06074612083195774,0.5188017845761632,0.6291571753986333,0.9566000446564727,-0.20347558954605222,0.26433541565415664,Communication Equipment,Technology,PCTI
2009Q2,2009,Q2,2009-08-10,2009-06-30,-1569000.0,13368000.0,-2195000.0,-0.09,6058000.0,0.45317175344105326,130299000.0,123201000.0,90912000.0,5501000.0,7098000.0,9314000.0,-15720000.0,94245600.0,83421600.0,6.9936989100817435,16.52644973641156,0.012256425605722224,0.012962557122101282,-0.013839636668302313,6.9936989100817435,-0.012735286239559744,7.050089766606822,-15.01682600382409,0.7649743102734555,0.0,0.7848400257676615,0.0,0.10259480118803675,14.130885293582985,-0.012041535238182948,40.64062095730918,0.45317175344105326,0.0,-1.5485924294555025,0.3370721267482605,0.12523703277856701,-0.09189027132363964,-0.03632760898282695,0.0861781848459617,-1.2933740161058425,-0.4090636877957301,0.08066521460417711,Communication Equipment,Technology,PCTI
2009Q1,2009,Q1,2009-05-11,2009-03-31,-1514000.0,14139000.0,-2402000.0,-0.09,6671000.0,0.4718155456538652,130931000.0,123880000.0,87584000.0,5569000.0,7051000.0,10614000.0,-14153000.0,75443500.0,39552500.0,7.060701054431462,15.727060513557191,0.0,0.0,-0.01312295674834357,7.060701054431462,-0.012221504681950275,5.335844119103189,-12.45764531043593,0.6090046819502745,0.0,0.7035990201620501,0.0,0.10798817697871398,13.084395762255342,-0.011563342523924816,62.817235636969194,0.4718155456538652,0.8517463149000094,-2.669454857229152,0.5002461344222165,0.10933487821704746,-0.21545336939903564,0.8578537226551497,-3.426262626262626,0.18948752862456117,-0.10388888737097975,0.1825305291619685,Communication Equipment,Technology,PCTI
2008Q4,2008,Q4,2009-03-16,2008-12-31,-10651000.0,18266000.0,990000.0,-0.6070675406098603,8503000.0,0.46550969013467647,135506000.0,125318000.0,90722000.0,8676000.0,10188000.0,10351000.0,-12639000.0,115270650.0,70504650.0,7.142661726987746,10.456662056247119,0.0,0.0,0.004911009484535657,7.142661726987746,-0.08499178090936657,6.310667360122633,-2.705629753074829,0.9198251647807977,-0.00018777579569993427,0.9431938943097286,1.735047039294044e-05,0.13479845910882174,8.834485938220379,-0.07860168553421988,28.53233910891089,0.46550969013467647,-2.0289280349319667,-2.506014849872455,0.13143393615194837,0.15654330161898622,-0.11056485355648536,-1.9624977408277606,0.7277486910994765,-79.33916266596518,-0.057059207708487505,0.18893669405582658,Communication Equipment,Technology,PCTI
2008Q3,2008,Q3,2008-11-10,2008-09-30,11066000.0,20087000.0,573000.0,0.59,9560000.0,0.4759297057798576,148195000.0,140503000.0,95950000.0,6657000.0,7692000.0,9330000.0,-1986000.0,169288480.0,115607480.0,7.735245540629817,14.4133994291723,0.0,0.0,0.06419788667142816,7.735245540629817,0.07875988413058796,8.427763229949718,3.8245183444785833,1.2048744866657652,1.295047894451473,1.1282958199356914,0.08465431315822554,0.135544384088532,12.442691903259727,0.07467188501636357,11.626157544124716,0.4759297057798576,13.749999999999998,6.167916883826565,4.395706515710459,0.33790272215442885,-0.015245158632056036,14.433751743375174,-0.36685082872928176,14.426247875589835,0.033122300137048435,0.26982313578317674,Communication Equipment,Technology,PCTI
2008Q2,2008,Q2,2008-08-07,2008-06-30,717000.0,20274000.0,905000.0,0.04,9708000.0,0.4788398934596034,152788000.0,131764000.0,95913000.0,19905000.0,21024000.0,9843000.0,-13050000.0,183063510.0,124906510.0,6.902614070930903,4.818538055764884,0.0,0.0,0.002337970709080171,6.902614070930903,0.005441547008287544,9.029471737200355,63.829675732217574,1.3893287240824503,0.0,1.0734532154830845,0.0,0.1326936670419143,4.183973875910575,0.004692776919653376,44.846523762861345,0.4788398934596034,-0.978021978021978,-0.33761490797112836,1.0319958236838958,0.16466320596734246,0.10746064339493498,-0.9807092122255704,1.1144859813084111,3.348722671734787,0.1677460387487837,0.13498129368497597,Communication Equipment,Technology,PCTI
2008Q1,2008,Q1,2008-05-09,2008-03-31,37168000.0,18300000.0,428000.0,1.82,8766000.0,0.4790163934426229,186690000.0,156493000.0,128779000.0,29147000.0,30197000.0,9566000.0,-3472000.0,138896800.0,45960800.0,7.661460883188093,4.418259169039695,0.0005945685360758476,0.0007092969014588512,0.0010711046584211945,7.661460883188093,0.23750583093173497,7.589989071038251,0.9342498923805423,0.8875591879508988,0.0,0.9966548191511604,0.0,0.09802346135304515,3.9705286993515627,0.1990893995393433,-55.4921294446664,0.4790163934426229,2.9734202650705432,38.6411459567134,0.31750883972935856,0.348476555513829,3.467889908256881,2.972637879435656,1.326086956521739,16.35661307545906,0.16729480299889532,0.23171452622203564,Communication Equipment,Technology,PCTI
2007Q4,2007,Q4,2008-03-21,2007-12-31,9356000.0,11657000.0,184000.0,0.45804366983256634,1962000.0,0.1683108861628206,135879000.0,124567000.0,94915000.0,9466000.0,11312000.0,9867000.0,-40640000.0,140122360.0,113597360.0,6.098452952119847,10.026938516796957,0.0007874653184082897,0.0008589754911011745,0.009992154229766381,6.098452952119847,0.07510817471722045,12.020447799605387,3.7441844805472426,1.1248754485537904,0.0,0.9825681564812,0.0,0.08578956277276106,8.626346925839847,0.06885537868250428,569.6030894308943,0.1683108861628206,14.268122327752213,2.369730065100922,-0.32776051465528067,0.042371486258754705,-0.8140989198408186,13.59594383775351,1.3,7.417843909686092,-0.2705350603974793,-0.029887417116800905,Communication Equipment,Technology,PCTI
2007Q3,2007,Q3,2007-11-06,2007-09-30,641000.0,20318000.0,80000.0,0.03,10554000.0,0.5194408898513633,127832000.0,114108000.0,91607000.0,11019000.0,13724000.0,8802000.0,-49996000.0,162835860.0,98029860.0,5.479902031407578,8.31354932389509,0.008542461981350523,0.009569881165211904,0.0004945987654320987,5.479902031407578,0.005617485189469625,8.014364602815238,63.50852574102964,1.4270328110211379,0.0,1.1092933424221767,0.0,0.1589429876713186,7.330520010890281,0.005014393891983228,429.6460686015831,0.5194408898513633,1.2,-0.8087108156485692,0.5530473762101082,-0.04158220406441601,0.07770856734402123,1.199875272840661,1.0240746313572073,1.2364895882493283,0.8336972116278666,-0.09244127358867375,Communication Equipment,Technology,PCTI
2007Q2,2007,Q2,2007-08-08,2007-06-30,-3207000.0,18962000.0,-3323000.0,-0.15,9793000.0,0.5164539605526843,132311000.0,116072000.0,95817000.0,13884000.0,16239000.0,9350000.0,-50636000.0,184976840.0,117102840.0,5.503129148492319,6.901253241140882,0.005819621951311683,0.006633813495072024,-0.036836611909448216,5.503129148492319,-0.027629402439864913,9.755133424744225,-14.419772372934206,1.59363877593218,0.0,0.9806417112299465,0.0,0.14331385901398977,6.088375108038029,-0.02423834752968385,82.72667262969588,0.5164539605526843,-2.7499999999999996,-20.9621461671023,0.8750698916683854,-0.006962753891371765,0.004204265791632486,-3.2308707124010554,-0.7638004246284501,-3.3507681842581487,0.5840251754961829,-0.1145851725014621,Communication Equipment,Technology,PCTI
2007Q1,2007,Q1,2007-05-10,2007-03-31,-758000.0,18952000.0,-1884000.0,-0.04,9752000.0,0.5145631067961165,134528000.0,121287000.0,96076000.0,10933000.0,13241000.0,8503000.0,-47429000.0,213864930.0,167173930.0,5.767606638451662,8.787706942284826,0.007961167935299714,0.008830295085211111,-0.012536261810946586,5.767606638451662,-0.006249639285331486,11.28455730265935,-70.53592678100264,1.7632963961512775,0.0,1.0819710690344584,0.0,0.1408777354900095,7.820909174060184,-0.005634514747859182,-51.24968368080518,0.5145631067961165,-1.1274677981512349,-2.5385638344409562,0.7184575317199475,0.03994004617640072,-0.10417049421275032,-1.1148658887710259,-19.04255319148936,-0.5327793161498994,0.6777746228747941,-0.09382833821367587,Communication Equipment,Technology,PCTI
