Quarters,Year,Quarter,FillingDate,Date,NetIncome,Revenue,OperatingIncome,EPSDiluted,GrossProfit,GrossProfitRatio,TotalAssets,CommonStockEquity,CurrentAssets,CurrentLiability,TotalLiability,Inventory,RetainedEarnings,MarketCap,EnterpriseValue,bookValuePerShare,currentRatio,debtToAssets,debtToEquity,roic,shareholdersEquityPerShare,roe,priceToSalesRatio,peRatio,pbRatio,payoutRatio,inventoryTurnover,dividendYield,assetTurnover,quickRatio,returnOnAssets,priceToFreeCashFlowsRatio,grossProfitMargin,epsdilutedGrowth,fiveYNetIncomeGrowthPerShare,fiveYRevenueGrowthPerShare,fiveYShareholdersEquityGrowthPerShare,grossProfitGrowth,netIncomeGrowth,operatingIncomeGrowth,threeYNetIncomeGrowthPerShare,threeYRevenueGrowthPerShare,threeYShareholdersEquityGrowthPerShare,Industry,Sector,Symbol
2023Q3,2023,Q3,2023-04-04,2023-02-28,8190000.0,218255000.0,-11787000.0,0.0379,107964000.0,0.4946690797,4508764000.0,3125555000.0,555371000.0,107155000.0,1383209000.0,143863000.0,559469000.0,3824946323.4900002,4642513323.49,14.45538401687967,5.182875274135598,0.19621807661700635,0.2830540496007909,0.010651398884057736,14.45538401687967,0.002620334628569966,17.52512576339603,116.75660328113554,1.2237654827670605,0.0,0.7666390941381731,0.0,0.0484068361085211,3.0759833885492975,0.0018164623386808447,-118.71341786126631,0.49466907974616847,1.1994736842105262,-0.7643963379575311,0.08597948411728791,1.7532407250015063,-0.04065257377442487,1.195741019574102,-0.539576802507837,-0.6714502467356558,0.069573353625918,1.148834255680047,Diagnostics & Research,Healthcare,NEOG
2023Q2,2023,Q2,2023-01-09,2022-11-30,-41841000.0,230033000.0,-7656000.0,-0.19,112539000.0,0.4892298062,4561003000.0,3106263000.0,642845000.0,152558000.0,1454740000.0,136069000.0,551279000.0,3579179039.9999995,4226803039.9999995,14.371931301877538,4.213774433330275,0.20257868718788388,0.2974513104653405,-0.0023314974619965496,14.371931301877538,-0.013469883264874867,15.559415562115,-21.385596902559687,1.1522459753085943,0.0,0.8634883772203809,0.0,0.050434739902604754,3.9026927463653167,-0.0091736400962683,-116.0865023352361,0.48922980615824685,-4.8,-2.166251344326838,0.07685209903850335,1.8452561147802256,0.807274771157861,-9.03244384718756,-23.99099099099099,-2.253890207640817,0.040793168244185135,1.1928932023802545,Diagnostics & Research,Healthcare,NEOG
2023Q1,2023,Q1,2022-09-30,2022-08-31,5209000.0,132349000.0,333000.0,0.05,62270000.0,0.4704984548,977405000.0,883798000.0,607907000.0,67004000.0,93607000.0,129039000.0,593120000.0,2253793300.0,1906082300.0,8.195684227120562,9.07269715240881,0.0,0.0,0.0002947382914187985,8.195684227120562,0.005893880728401739,17.029167579656818,108.16823286619312,2.5501226524613085,0.0,0.5430838738675904,0.0,0.13540855633028273,10.17007939824488,0.005329418204326763,-83.04629131508162,0.47049845484287756,-0.6428571428571429,-0.5866300369985751,0.31362219567514465,0.715724214632652,-0.041985261311712485,-0.6517815361989437,-0.9726286371855992,-0.6552098120020077,0.26554438293877736,0.29809124740525894,Diagnostics & Research,Healthcare,NEOG
2022Q4,2022,Q4,2022-07-27,2022-05-31,14959000.0,140093000.0,12166000.0,0.14,64999000.0,0.4639703625,992929000.0,887374000.0,626798000.0,77844000.0,105555000.0,122313000.0,587911000.0,2852416947.2400002,3458053947.2400002,8.231586221193636,8.051975746364525,0.9937145556228089,1.1119189879351885,0.005135678846323597,8.231586221193636,0.016857604572592843,20.360881323406595,47.67058204492279,3.2144472874346106,0.0,0.613949457539264,0.0,0.14109065200029408,10.499242073891372,0.015065528350969706,363.2726626642894,0.4639703625448809,1.7833001988071575,0.13326965684763079,0.33922813137044217,0.7779585498677676,0.1321500731554379,1.7483005695388572,220.2,-0.08367678002611706,0.23645908423476888,0.3476282437505975,Diagnostics & Research,Healthcare,NEOG
2022Q3,2022,Q3,2022-04-01,2022-02-28,5443000.0,128244000.0,55000.0,0.0503,57412000.0,0.4476778641,979898000.0,875544000.0,608326000.0,64403000.0,104354000.0,113395000.0,572952000.0,3849102600.0000005,3470663600.0000005,8.120573559145969,9.44561588745866,0.0,0.0,5.1470548357086776e-05,8.120573559145969,0.006216706413384136,30.013900065500145,176.7914109865883,4.396241194046215,0.0,0.6246483531019886,0.0,0.1308748461574572,12.530115056752015,0.005554659770710829,-59216.963076923086,0.4476778640716135,-0.49700000000000005,-0.5011453995919514,0.36798985385659394,0.8281665267826542,-0.05251345017658514,-0.49732175840413745,-0.9957456683168316,-0.5974593711844798,0.26908040716934306,0.36550023159502204,Diagnostics & Research,Healthcare,NEOG
2022Q2,2022,Q2,2021-12-30,2021-11-30,10828000.0,130517000.0,12928000.0,0.1,60594000.0,0.4642613606,967934000.0,865476000.0,611204000.0,62673000.0,102458000.0,107086000.0,567509000.0,4324743564.46,4273624564.46,8.030892782965891,9.752269717422175,0.0,0.0,0.012511034390323937,8.030892782965891,0.012511034390323937,33.13548092938085,99.85093194634283,4.996953773946361,0.0,0.6529611713949536,0.0,0.13484080526151576,7.686675282817162,0.011186713143664755,310.97602390594665,0.46426136058904205,-0.37053869298654213,-0.08765027313664801,0.35177782579349304,0.870489782420761,0.009765364618050927,-0.3659307840955671,-0.4054725224189469,-0.3479640129633403,0.177907360477523,0.3894104780864958,Diagnostics & Research,Healthcare,NEOG
2022Q1,2022,Q1,2021-09-30,2021-08-31,17077000.0,128305000.0,21745000.0,0.158866,60008000.0,0.4676980632087604,932106000.0,855363000.0,609124000.0,50762000.0,76743000.0,102109000.0,556681000.0,4706044196.7,4634761196.7,7.95738216106414,11.999606004491548,0.0,0.0,0.019981163144055705,7.95738216106414,0.019964623206755495,36.6785721265734,68.89448083240616,5.501809403376111,0.0,0.6688636652988473,0.0,0.13765065346645125,9.616859067806628,0.018320877668419687,214.74078013689254,0.4676980632087604,0.08331514920080742,0.6167730347267154,0.434967197896026,0.9179636620522481,0.04016224367752336,0.08356598984771574,0.0735620834361886,0.08424233308454977,0.2459055954999268,0.42272478393642704,Diagnostics & Research,Healthcare,NEOG
2021Q4,2021,Q4,2021-07-30,2021-05-31,15760000.0,127425000.0,20255000.0,0.146648,57691000.0,0.452744751814793,920192000.0,840377000.0,591451000.0,53599000.0,79815000.0,100701000.0,539604000.0,4902704028.48,4827102028.48,7.819766095871393,11.034739454094293,0.0,0.0,0.01885495382716731,7.819766095871393,0.01875348801787769,38.47521309381989,77.77132024873096,5.8339340896764185,0.0,0.6924856754153385,0.0,0.13847653533175686,8.823112371499468,0.017126860481290862,334.655565083959,0.452744751814793,0.17325908858166916,0.4904388450852215,0.3186629082037585,0.9381290984433123,0.07134765733811213,0.1781415863048516,0.28407506022568785,-0.1351455201934689,0.12260335686797405,0.4444104897172802,Diagnostics & Research,Healthcare,NEOG
2021Q3,2021,Q3,2021-03-31,2021-02-28,13377000.0,116709000.0,15774000.0,0.124992,53849000.0,0.4613954365130367,880216000.0,807683000.0,555304000.0,45942000.0,72533000.0,99267000.0,523844000.0,4497621571.099999,4424139571.099999,7.546850605018435,12.087066300988203,0.0,0.0,0.016351755562262614,7.546850605018435,0.016562190859532762,38.537058591025534,84.05512392726321,5.5685480208200495,0.0,0.6332416613779001,0.0,0.13259131849455133,9.590091854947543,0.015197406091232152,1364.983784855842,0.4613954365130367,-0.16209476309226928,0.5048908258543161,0.4222207173878776,0.9469327144580307,0.011932949975570338,-0.1578847969782814,-0.1803585346843336,-0.2225379757025014,0.17323251344379229,0.4374088164642342,Diagnostics & Research,Healthcare,NEOG
2021Q2,2021,Q2,2020-12-29,2020-11-30,15885000.0,115000000.0,19245000.0,0.149172,53214000.0,0.46273043478260867,845626000.0,777395000.0,578426000.0,44587000.0,68231000.0,92529000.0,510467000.0,3951773910.54,3837906910.54,7.300298322496349,12.972974185300648,0.0,0.0,0.020338513832008753,7.300298322496349,0.0204336276924858,34.363251396,62.19348301133144,5.08335390700995,0.0,0.6677474089204466,0.0,0.1359939263929917,10.556799066992621,0.018784900180458027,254.19875920108066,0.46273043478260867,-0.002240697759971118,0.6416606066594212,0.35449462232048723,0.9290221018702028,0.05789034233231283,0.0015762925598991173,0.018523418893887273,-0.10133200188352524,0.09266167775958273,0.44526285337093324,Diagnostics & Research,Healthcare,NEOG
2021Q1,2021,Q1,2020-09-30,2020-08-31,15860000.0,109325000.0,18895000.0,0.149507,50302000.0,0.460114337983078,821592000.0,751546000.0,556699000.0,46442000.0,70046000.0,97573000.0,494582000.0,4041731972.4,3980784972.4,7.0845624587513285,11.986972998578873,0.0,0.0,0.020128436229422467,7.0845624587513285,0.021103166007137287,36.96987854927967,63.709520372005045,5.37789033858207,0.0,0.6049111946952538,0.0,0.1330648302320373,9.585526032470609,0.01930398543315904,193.51393145647802,0.460114337983078,-0.02831089995645476,0.5981791464332749,0.3719795056857146,0.9293480933597629,-0.027586073575750547,-0.0297913990334618,-0.05259727236261532,0.27941961512914787,0.10304838448841894,0.4831166042652225,Diagnostics & Research,Healthcare,NEOG
2020Q4,2020,Q4,2020-07-30,2020-05-31,16347000.0,109074000.0,19944000.0,0.153863,51729000.0,0.4742560096815006,797182000.0,725177000.0,537406000.0,48489000.0,72005000.0,95053000.0,478722000.0,3815753260.0,3749484260.0,6.825580738677008,11.083049763863968,0.0,0.0,0.021229602868688628,6.825580738677008,0.022542082829433367,34.98316060656068,58.35555851226525,5.261823334165314,0.0,0.6032950038399629,0.0,0.13682446417505664,8.83404483491101,0.020505982322731823,213.19439378701531,0.4742560096815006,0.3379391304347826,0.6233754482275081,0.2930247237672752,0.9254754513918535,0.14116479152878889,0.33991803278688526,0.5290960668557847,0.2565723995312122,0.05798162016304453,0.47427230986153657,Diagnostics & Research,Healthcare,NEOG
2020Q3,2020,Q3,2020-04-03,2020-02-29,12200000.0,99869000.0,13043000.0,0.115,45330000.0,0.4538946019285264,773501000.0,711871000.0,514875000.0,39135000.0,61630000.0,89244000.0,462375000.0,3214333044.0,3163559044.0,6.7270818950645115,13.156381755461863,0.0,0.0,0.0156863232193631,6.7270818950645115,0.017137936508159483,32.185493436401686,65.86748040983606,4.515330788864836,0.0,0.611122316346197,0.0,0.12911295525151228,10.441165197393637,0.015772442440281267,197.65914672242036,0.4538946019285264,-0.25513310447567844,0.5262884568708643,0.3613933872147823,0.9711978324516837,-0.1116293654215498,-0.2504300811010076,-0.28617556917688264,0.13923196779302624,0.0854084725141441,0.5144528713284574,Diagnostics & Research,Healthcare,NEOG
2020Q2,2020,Q2,2019-12-27,2019-11-30,16276000.0,107803000.0,18272000.0,0.15439,51026000.0,0.47332634527796075,750591000.0,690917000.0,500183000.0,38791000.0,59674000.0,86406000.0,450175000.0,3508946838.8099995,3442532838.8099995,6.553867414189467,12.894305380113943,0.0,0.0,0.02238818830947241,6.553867414189467,0.02355709875426426,32.54962142806786,53.89756142187884,5.078680708116893,0.0,0.6570955720667546,0.0,0.1436241574972255,10.285427032043515,0.021684246147369208,336.88045687499994,0.47332634527796075,0.10278571428571417,0.9492316026590739,0.47221074016682996,0.9764726012085054,0.058762501556210316,0.11083811083811083,0.1234628627643876,0.4019216881663545,0.14138472508759312,0.526473128813758,Diagnostics & Research,Healthcare,NEOG
2020Q1,2020,Q1,2019-09-26,2019-08-31,14652000.0,101424000.0,16264000.0,0.14,48194000.0,0.4751735289477836,721144000.0,660306000.0,473548000.0,40427000.0,60838000.0,87682000.0,433899000.0,3687631840.0,3631342840.0,6.313642622198424,11.713656714571945,0.0,0.0,0.020444905770497446,6.313642622198424,0.022189712042598432,36.35857233002051,62.92028119028119,5.584731685006648,0.0,0.6070801304714765,0.0,0.14064320024849405,9.155465406782596,0.020317717404568298,213.7757588405797,0.4751735289477836,-0.06666666666666654,0.5530261838072251,0.41267413314598733,0.9495404672114377,-0.0462299623985751,-0.07353778058804931,-0.13166043780032033,0.42576971284530835,0.16588072708064192,0.5217739803691253,Diagnostics & Research,Healthcare,NEOG
2019Q4,2019,Q4,2019-07-30,2019-05-31,15815000.0,109762000.0,18730000.0,0.15,50530000.0,0.4603596873234817,695740000.0,637899000.0,449529000.0,38251000.0,57841000.0,85992000.0,419247000.0,2942404790.15,2900716790.15,6.108202510125661,11.752084912812737,0.0,0.0,0.023815789674029225,6.108202510125661,0.024792326057886907,26.807135348754578,46.5128800213405,4.612649949521789,0.0,0.6888082612336032,0.0,0.15776295742662488,9.152858748790882,0.022731192686923276,162.62669486265406,0.4603596873234817,0.19999999999999996,0.9681087221220994,0.5305962331298113,0.9529757374987742,0.1322488124047683,0.20974527652413372,0.27945897943848624,0.5391078209618024,0.16888843274064957,0.5139180480487002,Diagnostics & Research,Healthcare,NEOG
2019Q3,2019,Q3,2019-03-29,2019-02-28,13073000.0,97700000.0,14639000.0,0.125,44628000.0,0.45678607983623337,672585000.0,619916000.0,422602000.0,34268000.0,52669000.0,84870000.0,403432000.0,3229381347.12,3135805347.12,5.946958756396869,12.332263336056963,0.0,0.0,0.018571390477904574,5.946958756396869,0.02108834100103885,33.05405677707267,61.756699822535,5.209385379825654,0.0,0.6253328620242724,0.0,0.1452604503520001,9.533413096766663,0.01943694848978196,618.0634157167464,0.45678607983623337,-0.18880683219333658,0.8638344976600096,0.4772661138818743,0.9955739468110825,-0.10802870105730218,-0.18553361161298362,-0.19768716430998576,0.5099369007536922,0.22234693123950555,0.5341934219106524,Diagnostics & Research,Healthcare,NEOG
2019Q2,2019,Q2,2018-12-28,2018-11-30,16051000.0,107098000.0,18246000.0,0.154094,50033000.0,0.46717025528021067,660492000.0,602074000.0,414294000.0,38760000.0,58418000.0,79473000.0,390359000.0,3378030477.36,3276445477.36,5.780072131042284,10.688699690402476,0.0,0.0,0.0246905987214909,5.780072131042284,0.026659513614605515,31.541489825767055,52.614019023113826,5.610656625863266,0.0,0.718042605664817,0.0,0.16214882239300402,8.33983488132095,0.024301581245495783,288.7452327002308,0.46717025528021067,0.06271724137931048,1.4229185219836935,0.6836850217169506,1.00136906182306,0.07070555757666545,0.053422589748638186,0.1072273803022028,0.695831792929901,0.2895712013391938,0.527319350337432,Diagnostics & Research,Healthcare,NEOG
2019Q1,2019,Q1,2018-10-05,2018-08-31,15237000.0,99626000.0,16479000.0,0.145,46729000.0,0.4690442254030072,640926000.0,581626000.0,396117000.0,39218000.0,59300000.0,78771000.0,374308000.0,4858445410.559999,4761220410.559999,5.593057948317647,10.100387577132949,0.0,0.0,0.025191365686936567,5.593057948317647,0.02619724702815899,48.76684209503543,79.71459950383934,8.353212219811356,0.0,0.6715288621446979,0.0,0.15544072170578194,7.764036921821613,0.0237734153396804,343.0136550804857,0.4690442254030072,-0.12121212121212131,0.8123747473209675,0.5866086903802225,1.002661546567187,-0.05767408094537095,-0.13154744941578797,-0.17019990936099502,0.5662813800196658,0.2754072242800277,0.5231647333855606,Diagnostics & Research,Healthcare,NEOG
2018Q4,2018,Q4,2018-07-27,2018-05-31,17545000.0,109287000.0,19859000.0,0.165,49589000.0,0.45375021731770476,618009000.0,560175000.0,375789000.0,38688000.0,57834000.0,76005000.0,359071000.0,3916912269.72,3833838269.72,5.413811483328389,9.713321960297767,0.0,0.0,0.03126389489838836,5.413811483328389,0.03132056946489936,35.84060565044333,55.81237203932744,6.992301101834248,0.0,0.7854483257680416,0.0,0.17683723052576905,7.4931761786600495,0.02838955419743078,218.74859095945493,0.45375021731770476,0.03125000000000003,1.3202643266238838,0.8146668297315931,1.0174144008424832,0.0893653478614266,0.05781984806463282,0.2479733551184566,0.789031974854332,0.33026422826494295,0.5272196621371485,Diagnostics & Research,Healthcare,NEOG
2018Q3,2018,Q3,2018-03-29,2018-02-28,16586000.0,95892000.0,15913000.0,0.16,45521000.0,0.4747111333583615,595601000.0,541655000.0,352204000.0,37293000.0,53666000.0,77506000.0,341459000.0,3005746362.9500003,3050142362.9500003,5.250316067757483,9.444238865202585,0.027489879969979904,0.030227727981833454,0.027361375163735907,5.250316067757483,0.03062096722083245,31.345121208755685,45.30547393811046,5.549189729532636,0.0,0.6498980724072975,0.0,0.16100040127535045,7.115651730887834,0.027847501935020256,226.3192803968075,0.4747111333583615,-0.030303030303030328,1.312632339772305,0.7420526245607126,1.0457484971433533,-0.07610967912159282,-0.030058479532163743,-0.11584620513390377,1.1284121459230452,0.34082651842269973,0.5384696981380436,Diagnostics & Research,Healthcare,NEOG
2018Q2,2018,Q2,2018-01-05,2017-11-30,17100000.0,101817000.0,17998000.0,0.165,49271000.0,0.4839172240392076,581028000.0,520359000.0,339940000.0,37945000.0,60384000.0,73713000.0,324873000.0,3241175382.8999996,3310599382.8999996,5.051190726634344,8.95875609434708,0.038619481333085494,0.043122152206457466,0.02985126424407517,5.051190726634344,0.03286192801508189,31.833342004773264,47.38560501315789,6.228729363573994,0.0,0.7128457666897291,0.0,0.1752359610896549,6.606772960864409,0.029430595427414857,1182.0479149890589,0.4839172240392076,0.41935483870967744,1.3323412758023003,0.8593156054852278,1.0295945800210757,0.07412090427503215,0.43528621789491356,0.095835362883585,1.095708125771962,0.42291302765670225,0.5233051637658055,Diagnostics & Research,Healthcare,NEOG
2018Q1,2018,Q1,2017-09-29,2017-08-31,11914000.0,95256000.0,16424000.0,0.11625,45871000.0,0.4815549676660788,547334000.0,487021000.0,310934000.0,38322000.0,60081000.0,73413000.0,307773000.0,2634270942.225,2575814942.225,4.77680745962737,8.11372057825792,0.0,0.0,0.023353585784290826,4.77680745962737,0.024463010835261725,27.65464581994835,55.2767949938098,5.40894733948844,0.0,0.6727010202552681,0.0,0.1740363288229856,5.906033088043421,0.021767330368659722,184.78331525147306,0.4815549676660788,-0.031249999999999913,0.6569175636534078,0.7885754167186282,0.9856847412117881,-0.024394912586668937,-0.04481680429728213,-0.13557894736842105,0.2953727600155893,0.3609710767767276,0.4749931226513361,Diagnostics & Research,Healthcare,NEOG
2017Q4,2017,Q4,2017-07-28,2017-05-31,12473000.0,98847000.0,19000000.0,0.12,47018000.0,0.47566441065485043,528409000.0,471614000.0,292961000.0,36002000.0,56652000.0,73144000.0,295926000.0,2417642421.5113997,2340075421.5113997,4.629796471805175,8.137353480362203,0.0,0.0,0.026567419656444206,4.629796471805175,0.02644747611394064,24.45842991199935,48.45751666622705,5.126316058283681,0.0,0.7085885376790988,0.0,0.18706532250586194,5.894422532081551,0.023604821265345594,178.95206672919318,0.47566441065485043,0.185794185655843,0.9191471234422388,0.8885547438398965,0.998814806572917,0.150146771037182,0.21250121512588704,0.32394955055396835,0.5913456348333856,0.41314207222651733,0.4802849388185921,Diagnostics & Research,Healthcare,NEOG
2017Q3,2017,Q3,2017-03-31,2017-02-28,10287000.0,88385000.0,14351000.0,0.101198,40880000.0,0.46252192114046503,507298000.0,451530000.0,276770000.0,34723000.0,55642000.0,75396000.0,283453000.0,2472429237.6825004,2412546237.6825004,4.441922242957357,7.970797454137028,0.0,0.0,0.020971113170393293,4.441922242957357,0.022782539366155072,27.973403153051994,60.08625541174541,5.475669917131753,0.0,0.6300732134330733,0.0,0.1742269829567631,5.528007372634853,0.020278021991019086,278.58357607690147,0.46252192114046503,-0.06944367816091956,0.8181339559503533,0.8239628649246581,0.9958379724218693,-0.06219173682640912,-0.0774818401937046,-0.1484096843104676,0.5039835456712661,0.3704556916247522,0.4905407393773423,Diagnostics & Research,Healthcare,NEOG
2017Q2,2017,Q2,2016-12-29,2016-11-30,11151000.0,90717000.0,16852000.0,0.10875,43591000.0,0.4805163310074187,487311000.0,434737000.0,288401000.0,33869000.0,52538000.0,71683000.0,273165000.0,2402790214.86,2390971214.86,4.293470543620091,8.515190882517937,0.03831023719965279,0.04294320474217746,0.02475695802937151,4.293470543620091,0.025649990684022753,26.48665867323655,53.86938872881356,5.526997276192272,0.0,0.6574222619031012,0.0,0.18615832599715582,6.1120198411526765,0.022882717607441653,370.7437455423546,0.4805163310074187,0.11538461538461534,0.9789415563494875,0.8781536834591605,0.9923258964485712,0.07687936954964303,0.1285295010626455,0.1431284764618098,0.7316057904927317,0.4671234739643713,0.48662835325212395,Diagnostics & Research,Healthcare,NEOG
2017Q1,2017,Q1,2016-09-30,2016-08-31,9881000.0,83645000.0,14742000.0,0.0975,40479000.0,0.4839380716121705,468615000.0,417204000.0,268607000.0,32638000.0,51395000.0,69839000.0,262014000.0,2227118537.145,2150931537.145,4.14887013685631,8.229885409645199,0.0,0.0,0.02304189257981902,4.14887013685631,0.023683857297628976,26.625841797417657,56.348510706026715,5.3382003459818215,0.0,0.6180787239221638,0.0,0.17849407295967906,5.7779275690912435,0.021085539301985638,132.3302755285205,0.4839380716121705,0.0,0.5301571518081749,0.70187679444833,0.9768429120395018,-0.03282918787183715,0.0024348178959115348,-0.056512,0.21541699561494845,0.37756782741228995,0.4855527622921017,Diagnostics & Research,Healthcare,NEOG
2016Q4,2016,Q4,2016-07-29,2016-05-31,9857000.0,90079000.0,15625000.0,0.0975,41853000.0,0.4646254953984836,451715000.0,404198000.0,250001000.0,28598000.0,47554000.0,64371000.0,252133000.0,1854711315.5486,1799454315.5486,4.034698257279228,8.741905028323659,0.0,0.0,0.024899704075161774,4.034698257279228,0.024386563021093623,20.589830210688394,47.040461487993305,4.588620714473104,0.0,0.7491882990787777,0.0,0.19941556069645683,6.1349744737394225,0.021821281117518788,437.22567551829326,0.4646254953984836,0.1818181818181818,0.5310939242583919,0.913211896387646,0.9839241308179806,0.18914081145584727,0.18601852965948742,0.3883952372489781,0.34637593741808975,0.5448611331826982,0.5034986704570208,Diagnostics & Research,Healthcare,NEOG
2016Q3,2016,Q3,2016-03-31,2016-02-29,8311000.0,76725000.0,11254000.0,0.0825,35196000.0,0.45872922776148584,432241000.0,387873000.0,254940000.0,27782000.0,44367000.0,65448000.0,242276000.0,1848048724.1328,1781186724.1328,3.876277053118016,9.176445180332589,0.0,0.0,0.02066349754843335,3.876277053118016,0.02142711660775563,24.086656554353862,55.590444114210094,4.764571713248409,0.0,0.6345342867620095,0.0,0.17750514180746388,6.5263120005759125,0.019227699362161385,483.6557770564774,0.45872922776148584,-0.08333333333333326,0.5586450721772406,0.6840266404895804,1.019706367876192,-0.07921724570950188,-0.0839854513391381,-0.22981111415275116,0.19476030383435539,0.4370714434666136,0.5103639197314962,Diagnostics & Research,Healthcare,NEOG
2016Q2,2016,Q2,2016-01-08,2015-11-30,9073000.0,79610000.0,14612000.0,0.09,38224000.0,0.480140685843487,425783000.0,377878000.0,250477000.0,31227000.0,47881000.0,61485000.0,233965000.0,2211428561.5725,2140050561.5725002,3.7844555100839177,8.021167579338393,0.0,0.0,0.024908964283211776,3.7844555100839177,0.024010394889355823,27.77827611572039,60.93432606559298,5.852228924606619,0.0,0.673107261933805,0.0,0.18697317647721962,5.784161142600954,0.021308976638334552,238.63478596876013,0.480140685843487,-0.03792705349125593,0.3637967999532001,0.6643187317224108,1.0224101179138871,0.01143099068585944,-0.026815402767349564,-0.01899966431688486,0.2767562654224755,0.49989736060640144,0.5206138131147303,Diagnostics & Research,Healthcare,NEOG
2016Q1,2016,Q1,2015-09-30,2015-08-31,9323000.0,74860000.0,14895000.0,0.093548,37792000.0,0.5048356932941491,409386000.0,365951000.0,235361000.0,26899000.0,43480000.0,56107000.0,224892000.0,1929914176.5149999,1887588176.5149999,3.6719980614873315,8.749804825458195,0.0,0.0,0.026184809326106232,3.6719980614873315,0.025476088328765325,25.780312269770235,51.751425949667485,5.273695594533147,0.0,0.6606662270304953,0.0,0.1828592086685915,6.319788839733819,0.02277312853883621,510.69441029769774,0.5048356932941491,-0.0021546666666666012,0.4605756512732935,0.5912905838670646,1.0805503492152428,0.002493500981484429,-0.006500426257459505,0.018670496512105048,0.3264425557805734,0.4379844711755636,0.5264233658317581,Diagnostics & Research,Healthcare,NEOG
2015Q4,2015,Q4,2015-07-30,2015-05-31,9384000.0,78611000.0,14622000.0,0.09375,37698000.0,0.4795512078462302,392181000.0,350974000.0,231195000.0,25456000.0,41218000.0,51601000.0,215569000.0,1739463908.0096,1673402908.0096,3.5448806858290784,9.082141734758014,0.0,0.0,0.027466463035836955,3.5448806858290784,0.026737023255283866,22.127487349220846,46.34121664560955,4.956104748527241,0.0,0.7928722311583108,0.0,0.20044571256639154,6.810653676932747,0.02392772724838786,229.99655004754726,0.4795512078462302,0.25000000000000006,0.822859535590222,0.8108072604678044,1.0694583873944585,0.11853544194878794,0.25892138449154817,0.2024671052631579,0.48551421582129967,0.5452575429748372,0.5304258071644415,Diagnostics & Research,Healthcare,NEOG
2015Q3,2015,Q3,2015-04-01,2015-02-28,7454000.0,68409000.0,12160000.0,0.075,33703000.0,0.49266909324796443,378435000.0,336773000.0,217346000.0,26551000.0,41722000.0,55096000.0,206185000.0,1892861341.8133001,1835377341.8133001,3.4126873438662835,8.185981695604685,0.0,0.0,0.022994652170840124,3.4126873438662835,0.02213360334706167,27.66977067072023,63.48475120114369,5.620585206692045,0.0,0.6299186873820241,0.0,0.18076816362122955,5.83913976874694,0.019696909641021575,238.15567964435078,0.49266909324796443,-0.04761904761904766,0.7346007896448,0.8261082868885002,1.0783662130005722,-0.014762628624883069,-0.04509351780681527,-0.057145072497480034,0.3570674108320837,0.4542047623653235,0.5333836605741875,Diagnostics & Research,Healthcare,NEOG
2015Q2,2015,Q2,2014-12-30,2014-11-30,7806000.0,68455000.0,12897000.0,0.07875,34208000.0,0.49971514133372286,365917000.0,326798000.0,205750000.0,24123000.0,39134000.0,53497000.0,198732000.0,1637596349.843,1588538349.843,3.3159414454731797,8.529204493636778,0.0,0.0,0.024855231022044965,3.3159414454731797,0.023886315093727625,23.92223139059236,52.44671886507173,5.011035409773009,0.0,0.6401667383217751,0.0,0.18707794390531185,6.069394353936078,0.02133270659739777,152.36289075576852,0.49971514133372286,-0.12499999999999996,0.5240463535366499,0.7478505191110589,1.0768880536674552,0.003873694095551121,-0.12124282337048295,-0.040330381724830715,0.42328960995470943,0.4561067021045927,0.5387169763491676,Diagnostics & Research,Healthcare,NEOG
2015Q1,2015,Q1,2014-09-30,2014-08-31,8883000.0,67599000.0,13439000.0,0.09,34076000.0,0.5040902971937454,357662000.0,318900000.0,201169000.0,24475000.0,38797000.0,55087000.0,190926000.0,1554605292.1499999,1501148292.1499999,3.238528631944359,8.219366700715016,0.0,0.0,0.027386442257503953,3.238528631944359,0.027855126999059267,22.997459905471974,43.75225971377913,4.874899003292568,0.0,0.6085464810209306,0.0,0.18900246601540002,5.711378958120531,0.024836297957289283,196.4373631728582,0.5040902971937454,0.2,0.8278708191645968,0.8899528943337784,1.1378995040274726,0.0636119607965541,0.17858564415549955,0.22272768628878173,0.4047745914968693,0.4045598400633015,0.5430857463153026,Diagnostics & Research,Healthcare,NEOG
2014Q4,2014,Q4,2014-07-30,2014-05-31,7537000.0,67262000.0,10991000.0,0.075,32038000.0,0.47631649371115936,345301000.0,306361000.0,188746000.0,24967000.0,39001000.0,51178000.0,182043000.0,1388118656.353,1347443656.353,3.1276387068426112,7.559818961028558,0.0,0.0,0.024295817233410302,3.1276387068426112,0.024601695385509253,20.637487085620407,46.04347407300651,4.5309900945387955,0.0,0.6882644886474657,0.0,0.1947923695558368,5.142668322185284,0.02182733325417534,4477.802117267742,0.47631649371115936,0.11462838289714206,0.9958462110751405,0.9702684626617094,1.1542660568483127,0.04341312489822505,0.14631178707224335,0.06781307684834353,0.19735185712316178,0.46108503775447107,0.5379087870550447,Diagnostics & Research,Healthcare,NEOG
2014Q3,2014,Q3,2014-04-04,2014-02-28,6575000.0,61996000.0,10293000.0,0.067287,30705000.0,0.49527388863797667,330350000.0,291201000.0,175969000.0,24534000.0,39226000.0,51861000.0,174506000.0,1587396712.41,1544119712.41,2.9800743620150385,7.172454552865411,0.0,0.0,0.022591149070329917,2.9800743620150385,0.022578905979031665,25.604824704980967,60.357289445247154,5.4512062541337425,0.0,0.6033628352712057,0.0,0.18766762524595126,4.763919458710361,0.019903133040714394,443.77878457086945,0.49527388863797667,0.05800496870970782,1.1125624438485746,1.0198499805620642,1.1148663029850316,0.04116510121732054,0.059287900757209605,0.062338734647538446,0.26269564846718585,0.3934285615737155,0.5527463809287999,Diagnostics & Research,Healthcare,NEOG
2014Q2,2014,Q2,2014-01-09,2013-11-30,6207000.0,59599000.0,9689000.0,0.063598,29491000.0,0.4948237386533331,319713000.0,281865000.0,178856000.0,23290000.0,37903000.0,47330000.0,167930000.0,1861773920.5494,1818160920.5494,2.8880590997930082,7.679519106912839,0.0,0.0,0.022007101488954676,2.8880590997930082,0.02202118035229631,31.23834159213074,74.98686646324312,6.605197241762546,0.0,0.6361293048806254,0.0,0.1864140651146497,5.362473164448261,0.019414287188822474,671.8779937024179,0.4948237386533331,-0.20502499999999999,0.4132989832457638,0.697436841789016,1.071646072800581,-0.02875115268080622,-0.20818982013011864,-0.21976163633435336,-0.0454611034286105,0.2747381360498951,0.5433765647373501,Diagnostics & Research,Healthcare,NEOG
2014Q1,2014,Q1,2013-09-30,2013-08-31,7839000.0,58548000.0,12418000.0,0.08,30364000.0,0.5186172029787525,308137000.0,270798000.0,177906000.0,22839000.0,37415000.0,43757000.0,161724000.0,1311417474.375,1267809474.375,2.7928123740653277,7.789570471561802,0.0,0.0,0.029668133732426258,2.7928123740653277,0.028947776571466556,22.39901404616725,41.82349388872943,4.842788626116146,0.0,0.6441026578604566,0.0,0.1900063932601408,5.605499365121065,0.025439982864764697,378.2571313455437,0.5186172029787525,0.10344827586206906,0.8896190702049707,0.8290087085408117,1.0957616951637172,0.0698706881364293,0.11476109215017065,0.21316920672137554,0.26225133630948483,0.27917079926397476,0.5824046371638628,Diagnostics & Research,Healthcare,NEOG
2013Q4,2013,Q4,2013-07-30,2013-05-31,7032000.0,56006000.0,10236000.0,0.0725,28381000.0,0.5067492768631933,290558000.0,258221000.0,168447000.0,17719000.0,32271000.0,38315000.0,153885000.0,1310330742.1425,1260298742.1425,2.6835396243169236,9.50657486314126,0.0,0.0,0.027310310106680225,2.6835396243169236,0.027232486900755554,23.39625651077563,46.58456847776237,5.074454603392056,0.0,0.7209969985645308,0.0,0.19275325408352206,7.0041198713245665,0.024201708436869748,276.03344051874865,0.5067492768631933,0.07407407407407393,0.9319865691215968,0.8014817028670462,1.0247355915854384,0.039102258997546956,0.057125676488274206,0.058969584109248914,0.40550969017576943,0.3274349227174952,0.5666179134458464,Diagnostics & Research,Healthcare,NEOG
2013Q3,2013,Q3,2013-03-28,2013-02-28,6652000.0,51055000.0,9666000.0,0.0675,27313000.0,0.5349720889237097,281025000.0,245577000.0,160071000.0,22569000.0,35327000.0,41082000.0,146853000.0,1120020314.7,1071159314.7,2.566452364544777,7.092516283397581,0.0,0.0,0.025862028139012345,2.566452364544777,0.027087227224047855,21.93752452649104,42.09336720911004,4.560770408873795,0.0,0.5779173360595882,0.0,0.1816742282715061,5.018388054410917,0.023670491949114848,226.12968195033315,0.5349720889237097,-0.03571428571428574,1.1953071856318398,0.7786094266043863,1.0438897950399126,0.00025635391489050024,-0.020756661268953334,-0.07740765486303332,0.5964255647186858,0.4055226472787965,0.5629992859827275,Diagnostics & Research,Healthcare,NEOG
2013Q2,2013,Q2,2012-12-28,2012-11-30,6793000.0,50737000.0,10477000.0,0.07,27306000.0,0.5381871218243097,269671000.0,237548000.0,152574000.0,18315000.0,31960000.0,38375000.0,140202000.0,1086914282.2,1045605282.2,2.488768336473332,8.330548730548731,0.0,0.0,0.028226217345431345,2.488768336473332,0.028596325795207704,21.422517732621166,40.00126167378183,4.5755564441712835,0.0,0.6105798045602606,0.0,0.18814407185051416,5.92017472017472,0.025189953684304208,199.69029619695021,0.5381871218243097,0.0,0.856598577425901,0.6583270699537035,1.077855853101775,0.030648448705367252,0.011766458147155198,0.014426800929512006,0.36942065910195704,0.3376100682974745,0.5588011161728148,Diagnostics & Research,Healthcare,NEOG
2013Q1,2013,Q1,2012-09-28,2012-08-31,6714000.0,49729000.0,10328000.0,0.07,26494000.0,0.5327676003941362,260797000.0,229014000.0,152735000.0,18970000.0,31582000.0,35009000.0,133409000.0,929146963.84,884661963.84,2.405622282574557,8.051396942540855,0.0,0.0,0.029053312830723817,2.405622282574557,0.02931698498781734,18.68420768243882,34.59736981829013,4.0571622863231065,0.0,0.6636864806192694,0.0,0.1906808743965613,5.914496573537164,0.025744161167498093,368.5628575327251,0.5327676003941362,0.1200000000000001,1.0150164222174676,0.9616051923977299,1.1498176576905355,0.1085819490355245,0.11380225613802256,0.18753593193055076,0.42902345892960086,0.4381116958309281,0.5880602796171118,Diagnostics & Research,Healthcare,NEOG
2012Q4,2012,Q4,2012-07-30,2012-05-31,6028000.0,48545000.0,8697000.0,0.0625,23899000.0,0.49230610773509115,251600000.0,218839000.0,143941000.0,19979000.0,32546000.0,34992000.0,126695000.0,919753259.6999999,870708259.6999999,2.3162708503962044,7.204614845587868,0.0,0.0,0.02859417930168517,2.3162708503962044,0.02754536440031256,18.946405596868882,38.14504229014598,4.202876359789617,0.0,0.7043324188385917,0.0,0.19294515103338633,5.2203313479153115,0.023958664546899842,123.47338699154248,0.49230610773509115,0.13636363636363635,1.25536441905917,0.8447377227520574,1.050850596716896,0.04398916652105539,0.14950419527078565,0.15207312226785005,0.6549440722900203,0.47428570299594186,0.5954092333487734,Diagnostics & Research,Healthcare,NEOG
2012Q3,2012,Q3,2012-03-30,2012-02-29,5244000.0,44912000.0,7549000.0,0.055,22892000.0,0.5097078731742073,240347000.0,209682000.0,136194000.0,17436000.0,30363000.0,36313000.0,120580000.0,817306519.4000001,774608519.4000001,2.2255926103897417,7.811080523055747,0.0,0.0,0.023182122319045796,2.2255926103897417,0.025009299796835208,18.19795420822943,38.963888224637685,3.897838247441364,0.0,0.6063944042078594,0.0,0.18686316034733116,5.486751548520303,0.02181845415170566,159.0709457765668,0.5097078731742073,0.0,1.2770204220938841,0.8432536213243081,1.0579905137074912,0.010372070441806065,0.001336643116287951,-0.07294608866511114,0.7475385377149261,0.5176377520184697,0.5794340154328023,Diagnostics & Research,Healthcare,NEOG
2012Q2,2012,Q2,2011-12-30,2011-11-30,5237000.0,44891000.0,8143000.0,0.055,22657000.0,0.5047114120870553,234318000.0,202800000.0,130418000.0,18409000.0,31192000.0,36425000.0,115312000.0,828843421.5099999,791871421.5099999,2.1550041342500417,7.0844695529360635,0.0,0.0,0.025842512917956525,2.1550041342500417,0.02582347140039448,18.463465316210375,39.56670906578193,4.086999119871795,0.0,0.6104049416609472,0.0,0.19158152596044692,4.751751860503015,0.022349968845756622,300.6323618099383,0.5047114120870553,-0.12,0.9263348575071445,0.8053506047117145,1.1197635199830227,-0.013926970448709578,-0.1277481678880746,-0.1290909090909091,0.2366594128228301,0.3259561547561523,0.5458152680837057,Diagnostics & Research,Healthcare,NEOG
2012Q1,2012,Q1,2011-09-30,2011-08-31,6004000.0,45697000.0,9350000.0,0.0625,22977000.0,0.5028120007877979,227622000.0,196224000.0,124219000.0,18253000.0,31056000.0,34222000.0,110059000.0,811547918.72,789515918.72,2.0987353681916665,6.805401851750397,0.0,0.0,0.030748962597854364,2.0987353681916665,0.03059768427919113,17.75932596713132,33.79196863424384,4.13582394977169,0.0,0.6639004149377593,0.0,0.20075827468346644,4.603626801073796,0.0263770637284621,-148.0926858978102,0.5028120007877979,-0.02743151316893141,1.1405475389141735,0.9385917279276803,1.0277875642033623,0.046835846735614375,0.007213554772689146,0.09420713867758923,0.5009406912559762,0.48047353437206775,0.5749175396766305,Diagnostics & Research,Healthcare,NEOG
2011Q4,2011,Q4,2011-07-29,2011-05-31,5961000.0,43595000.0,8545000.0,0.06426282657342157,21949000.0,0.5034751691707765,219662000.0,188645000.0,122502000.0,17797000.0,30684000.0,31994000.0,104064000.0,1039836147.32,1003992147.32,2.0336958428020653,6.883294937348992,0.0,0.0,0.031175817572649048,2.0336958428020653,0.03159903522489332,23.852188262874183,43.60997094950512,5.512132032759947,0.0,0.6765643558167156,0.0,0.19846400378763737,4.760184300724841,0.027137147071409712,426.3370837720377,0.5034751691707765,0.22405383949374422,1.4128122836509212,0.7417826180466927,1.313853040975065,0.06610646978822615,0.2059478049767348,0.059516429014259145,0.698903108991285,0.4546423583053007,0.5344272609460043,Diagnostics & Research,Healthcare,NEOG
2011Q3,2011,Q3,2011-03-30,2011-02-28,4943000.0,42235000.0,8065000.0,0.0525,20588000.0,0.4874630046170238,209157000.0,178027000.0,112731000.0,20223000.0,30799000.0,31397000.0,98105000.0,867071220.97,819444220.97,1.919228019860178,5.574395490283341,0.0,0.0,0.028551366160729053,1.919228019860178,0.02776545130794767,20.52968440795549,43.853490844123,4.870447858864105,0.0,0.6894607765073096,0.0,0.20192965093207496,3.811798447312466,0.023632964710719698,350.7569664118123,0.4874630046170238,-0.19230769230769237,1.3979698583045925,0.9017472031950444,1.286744507883692,-0.08448950551405193,-0.19099836333878886,-0.16242600477723543,0.6827858548010619,0.5177840745503967,0.5284486158162776,Diagnostics & Research,Healthcare,NEOG
2011Q2,2011,Q2,2011-01-06,2010-11-30,6110000.0,43931000.0,9629000.0,0.065,22488000.0,0.5118936514078897,203675000.0,171602000.0,108128000.0,21297000.0,31717000.0,31433000.0,93137000.0,851700686.3874999,807308686.3874999,1.8712601744633168,5.0771470160116445,0.0,0.0,0.03605118419482168,1.8712601744633168,0.0356056456218459,19.387236493307686,34.84863692256547,4.963232866676962,0.0,0.6821811472019852,0.0,0.21569166564379527,3.401511950039912,0.029998772554314473,138.1733754684458,0.5118936514078897,0.040000000000000036,1.220913659271118,0.9356968395074882,1.3120932398588672,-0.01225457899591514,0.049107142857142856,0.0034389328887036263,0.7381063411971029,0.494497627069046,0.56230246471818,Diagnostics & Research,Healthcare,NEOG
2011Q1,2011,Q1,2010-10-08,2010-08-31,5824000.0,42923000.0,9596000.0,0.0625,22767000.0,0.5304149290590127,190714000.0,160485000.0,95816000.0,19555000.0,29858000.0,30100000.0,87011000.0,664248303.285,630547303.285,1.7649167023871173,4.899821017642546,0.0,0.0,0.03775355606397033,1.7649167023871173,0.036289995949777235,15.475346627332664,28.513405875901444,4.139005535003271,0.0,0.6696345514950166,0.0,0.22506475665132084,3.1087701355152135,0.030537873464978972,66.61134208634175,0.5304149290590127,0.2020389647173069,1.2170739967843656,1.0841188115883207,1.2841393286914944,0.15439610587161545,0.256797583081571,0.3791319344639264,0.8299658293604176,0.7726226962208517,0.5772422456463433,Diagnostics & Research,Healthcare,NEOG
2010Q4,2010,Q4,2010-08-16,2010-05-31,4634000.0,39078000.0,6958000.0,0.05199498671384469,19722000.0,0.5046829418086903,180233000.0,152665000.0,86020000.0,17033000.0,27180000.0,31316000.0,81170000.0,582202379.7524999,559396379.7524999,1.7129509379950583,5.05019667703869,0.0,0.0,0.02879785006161461,1.7129509379950583,0.030354043166410112,14.898469209081835,31.409278148063226,3.8135943389283726,0.0,0.61808660109848,0.0,0.21681933941065176,2.9495097751423707,0.025711162772633203,171.74111497123891,0.5046829418086903,0.22341145209046326,1.6209784749665654,0.9951269030010008,1.2753955592312058,0.1294885745375408,0.19402215923730998,0.21029744303357106,0.8379781003176028,0.5742121997878544,0.5166647945049356,Diagnostics & Research,Healthcare,NEOG
2010Q3,2010,Q3,2010-04-09,2010-02-28,3881000.0,33833000.0,5749000.0,0.0425,17461000.0,0.5160937546182721,165300000.0,146342000.0,89913000.0,14619000.0,18958000.0,31667000.0,76476000.0,549672128.1475,518565128.14750004,1.6420048221142556,6.150420685409399,0.0,0.0,0.02637327091029981,1.6420048221142556,0.026520069426412104,16.246626907087755,35.407892820632576,3.7560791033845375,0.0,0.5170050841570089,0.0,0.20467634603750756,3.7592858608659965,0.023478523895946762,131.12407637106395,0.5160937546182721,-0.15,1.6127642671998654,0.9198302039113977,1.2431703836665273,-0.05728323075261851,-0.1581344902386117,-0.20462091864969562,0.7814301867437117,0.4678582938496918,0.518350812092843,Diagnostics & Research,Healthcare,NEOG
2010Q2,2010,Q2,2010-01-05,2009-11-30,4610000.0,35251000.0,7228000.0,0.05,18522000.0,0.5254319026410599,160913000.0,141624000.0,91034000.0,14968000.0,19289000.0,30149000.0,72595000.0,481068278.4641,448614278.4641,1.5965913230699904,6.081908070550508,0.0,0.0,0.03263224464255061,1.5965913230699904,0.032550980059876854,13.646939901395704,26.088301435146423,3.396799119246032,0.0,0.5548774420378786,0.0,0.21906868929172907,3.850213789417424,0.028649021520946102,70.6829677437702,0.5254319026410599,0.0344898930337451,1.2273114015634765,0.6620891505567277,1.2126045605264602,0.072495657209033,0.048919226393629126,0.04089861751152074,0.7989822826721339,0.5040091165841128,0.5704823898832058,Diagnostics & Research,Healthcare,NEOG
2010Q1,2010,Q1,2009-10-08,2009-08-31,4395000.0,32347000.0,6944000.0,0.048333,17270000.0,0.5338980430951866,151573000.0,134900000.0,81203000.0,12396000.0,16673000.0,30471000.0,67984000.0,415586449.12009996,392022449.12009996,1.5148179911373154,6.550742174895127,0.0,0.0,0.03234215268663256,1.5148179911373154,0.03257968865826538,12.847758652119206,23.63972975654721,3.080700141735359,0.0,0.494798332841062,0.0,0.2134087205504938,3.844627299128751,0.028995929354172577,50.87360131229036,0.5338980430951866,0.2536872532458297,1.220852872812099,0.7020165469769407,1.1683709362507833,0.11584932480454868,0.286215978928885,0.28521191930409034,0.6450762072628791,0.4407068533239671,0.46360952934550365,Diagnostics & Research,Healthcare,NEOG
2009Q4,2009,Q4,2009-08-14,2009-05-31,3417000.0,30890000.0,5403000.0,0.03855267721264979,15477000.0,0.5010359339592101,142176000.0,128679000.0,71766000.0,9246000.0,13497000.0,31363000.0,63589000.0,326608835.245,312766835.245,1.451834928605959,7.761842959117456,0.0,0.0,0.026124124243580488,1.451834928605959,0.026554449443965216,10.573286994011006,23.895876151960785,2.5381673407859866,0.0,0.49143895673245547,0.0,0.21726592392527572,4.023902227990482,0.02403359216745442,89.70305829305136,0.5010359339592101,0.21744014945052534,1.5550591359530272,0.6166468444290465,1.1539905752147122,0.18807092960773777,0.2104144527098831,0.5130215625875105,0.4474989368858949,0.2916475954808934,0.6518363237248702,Diagnostics & Research,Healthcare,NEOG
2009Q3,2009,Q3,2009-04-09,2009-02-28,2823000.0,27840000.0,3571000.0,0.031667,13027000.0,0.46792385057471264,140175000.0,124892000.0,73132000.0,11681000.0,15283000.0,32867000.0,60172000.0,313907872.9409,300176872.9409,1.4091076858186296,6.260765345432754,0.0,0.0,0.019342727932893763,1.4091076858186296,0.02260352944944432,11.275426470578305,27.799138588460856,2.513434591013836,0.0,0.4506952262147443,0.0,0.19860888175494917,3.0423765088605426,0.020139111824505083,351.9146557633408,0.46792385057471264,-0.26921745551888865,0.9110479398027189,0.51493984846804,1.149316389286945,-0.19212403100775194,-0.2763394001538067,-0.3907183074560655,0.4332859670271214,0.3119533110511035,0.678940296941477,Diagnostics & Research,Healthcare,NEOG
2009Q2,2009,Q2,2009-01-09,2008-11-30,3901000.0,31187000.0,5861000.0,0.043333,16125000.0,0.5170423573925033,136937000.0,120852000.0,69462000.0,11937000.0,16085000.0,31262000.0,57349000.0,309765328.4511,297044328.4511,1.3940890472129484,5.819050012565971,0.0,0.0,0.031009360123465415,1.3940890472129484,0.032279151358686656,9.932514459585725,19.851661654133558,2.563179165020852,0.0,0.4817989891881517,0.0,0.22774706616911428,2.8735863282231717,0.028487552670206008,227.9362240258278,0.5170423573925033,0.039983680130558974,1.025000015523779,0.8858357141615736,1.1558216808916786,0.08923263982707376,0.045004018215912135,0.0367946223244295,0.4999999991738013,0.4536662103732922,0.7225097321096938,Diagnostics & Research,Healthcare,NEOG
2009Q1,2009,Q1,2008-10-10,2008-08-31,3733000.0,28805000.0,5653000.0,0.041667,14804000.0,0.5139385523346641,133071000.0,116272000.0,65004000.0,12844000.0,16799000.0,29955000.0,53448000.0,379109844.40999997,369455844.40999997,1.3326001617980512,5.061040174400499,0.0,0.0,0.03098221512871738,1.3326001617980512,0.032105752029723406,13.161251324770005,25.38908682092151,3.2605429029344983,0.0,0.4674011016524787,0.0,0.21646339172321544,2.4240112114606043,0.02805269367480518,167.97068870624722,0.5139385523346641,0.10154189625417338,1.2920064243812952,0.8823645215174704,1.169370270998724,0.04978017302510282,0.175748031496063,0.20455998295333475,0.4809887660768139,0.4575895202311065,0.7246391486162841,Diagnostics & Research,Healthcare,NEOG
2008Q4,2008,Q4,2008-08-14,2008-05-31,3175000.0,27119000.0,4693000.0,0.037826069205075086,14102000.0,0.5200044249419227,126357000.0,111248000.0,65631000.0,11136000.0,15109000.0,27799000.0,49715000.0,368482644.19,354212644.19,1.325377810055494,5.893588362068965,0.0,0.0,0.02849733277538243,1.325377810055494,0.028539838918452468,13.587619167004682,29.014381432283464,3.3122630895836327,0.0,0.4682542537501349,0.0,0.214622062885317,3.0220905172413794,0.02512721891149679,395.7923138453276,0.5200044249419227,0.26086897350250293,1.0127174059226296,0.8027389804332365,1.1820218417901176,0.11363815841427782,0.1945071482317532,0.17884953529264003,0.9067475432722656,0.4701237998042479,0.7605634326186124,Diagnostics & Research,Healthcare,NEOG
2008Q3,2008,Q3,2008-04-08,2008-02-29,2658000.0,25180000.0,3981000.0,0.03,12663000.0,0.5028991262907069,119818000.0,105397000.0,58744000.0,11387000.0,14421000.0,25765000.0,46540000.0,377573001.90430003,366480001.90430003,1.2556706192148974,5.158865372793536,0.0,0.0,0.025206270839231482,1.2556706192148974,0.02521893412525973,14.994956390162828,35.512885807402185,3.582388511098988,0.0,0.48581408888026395,0.0,0.21015206396367825,2.564327742162115,0.02218364519521274,116.39118431081998,0.5028991262907069,-0.18182561976709302,1.0955882486021407,0.8418010035541543,1.1803817271597745,-0.10641450850328135,-0.18315918869084205,-0.17027928303459774,0.9000000082179173,0.5171205044599896,0.7153927362017662,Diagnostics & Research,Healthcare,NEOG
2008Q2,2008,Q2,2008-01-09,2007-11-30,3254000.0,27210000.0,4798000.0,0.036667,14171000.0,0.5208011760382213,114928000.0,101674000.0,56624000.0,10174000.0,13254000.0,23142000.0,43882000.0,375055944.91050005,364640944.91050005,1.1977579353053565,5.565559268724199,0.0,0.0,0.03008549884340529,1.1977579353053565,0.03200424887385172,13.78375394746417,28.814992694414567,3.6888087899610524,0.0,0.5634344481894391,0.0,0.23675692607545593,2.926282681344604,0.02831337881108172,181.0989593966683,0.5208011760382213,0.04762857142857128,0.8750000126117713,0.7897800762717819,1.1731829299337027,0.15239489306334877,0.08070408502158752,0.05520123158126237,0.642857149973279,0.3406445703468755,0.6598891850217153,Diagnostics & Research,Healthcare,NEOG
2008Q1,2008,Q1,2007-10-10,2007-08-31,3011000.0,22909000.0,4547000.0,0.035,12297000.0,0.5367759395870618,108834000.0,96265000.0,50321000.0,9336000.0,12569000.0,22295000.0,40628000.0,304067909.975,297281909.975,1.1189889867956626,5.389995715509854,0.0,0.0,0.030189379743965666,1.1189889867956626,0.03127824235184127,13.272858264219304,25.246422282879443,3.158654858723316,0.0,0.4759811616954474,0.0,0.21049488211404524,2.6380676949443016,0.027665986732087398,-360.27003551540287,0.5367759395870618,0.2372199240121582,1.1874999913887432,0.6418933733274731,1.0504569226946165,0.061550414364640885,0.30742509769865395,0.41739401496259354,0.5749999945842502,0.24779946147747633,0.6017654999797789,Diagnostics & Research,Healthcare,NEOG
2007Q4,2007,Q4,2007-08-14,2007-05-31,2303000.0,22675000.0,3208000.0,0.02828923081556845,11584000.0,0.5108710033076075,105284000.0,91945000.0,51098000.0,10038000.0,13339000.0,19116000.0,37617000.0,247662675.79619998,234238675.79619998,1.1294195950227708,5.090456266188483,0.0,0.0,0.023277127926810495,1.1294195950227708,0.025047582794061666,10.922278976679161,26.884788948784195,2.693595908382185,0.0,0.5801946013810421,0.0,0.21536985676835987,2.8230723251643752,0.021874168914554917,57.31605549553343,0.5108710033076075,0.21241292656617033,-0.14537668939149626,-0.1502979291343807,0.06738959334213265,0.05789954337899544,0.157286432160804,0.06154864328259431,0.8748544295825341,0.29199901977371195,0.6756444656403068,Diagnostics & Research,Healthcare,NEOG
2007Q3,2007,Q3,2007-04-09,2007-02-28,1990000.0,21054000.0,3022000.0,0.023333,10950000.0,0.5200911940723852,99991000.0,88039000.0,46932000.0,8932000.0,11952000.0,18444000.0,35314000.0,206689490.3619,204165490.3619,1.0814396837915028,5.2543663233318405,0.0,0.0,0.022106192934280264,1.0814396837915028,0.022603618850736605,9.817112679866058,25.966016377123115,2.347703749041902,0.0,0.5478204294079375,0.0,0.2105589503055275,2.602664576802508,0.01990179116120451,470.81888465125286,0.5200911940723852,-0.19232233722177997,1.1153845931978708,0.914690790462164,1.260692541341146,-0.06474205671335839,-0.179719703215169,-0.18235930735930736,0.4666666534132071,0.24732151857669993,0.6495233542410349,Diagnostics & Research,Healthcare,NEOG
2007Q2,2007,Q2,2007-01-09,2006-11-30,2426000.0,22189000.0,3696000.0,0.028889,11708000.0,0.5276488350083375,98087000.0,85373000.0,45225000.0,9669000.0,12714000.0,18325000.0,33324000.0,,,,,,,,,,,,,,,,,,,,,,,,,,,,,,,Diagnostics & Research,Healthcare,NEOG
2007Q1,2007,Q1,2006-10-10,2006-08-31,2406000.0,20220000.0,3578000.0,0.028889,10320000.0,0.5103857566765578,94281000.0,83006000.0,41937000.0,8383000.0,11275000.0,17943000.0,31485000.0,,,,,,,,,,,,,,,,,,,,,,,,,,,,,,,Diagnostics & Research,Healthcare,NEOG
