Quarters,Year,Quarter,FillingDate,Date,NetIncome,Revenue,OperatingIncome,EPSDiluted,GrossProfit,GrossProfitRatio,TotalAssets,CommonStockEquity,CurrentAssets,CurrentLiability,TotalLiability,Inventory,RetainedEarnings,MarketCap,EnterpriseValue,bookValuePerShare,currentRatio,debtToAssets,debtToEquity,roic,shareholdersEquityPerShare,roe,priceToSalesRatio,peRatio,pbRatio,payoutRatio,inventoryTurnover,dividendYield,assetTurnover,quickRatio,returnOnAssets,priceToFreeCashFlowsRatio,grossProfitMargin,epsdilutedGrowth,fiveYNetIncomeGrowthPerShare,fiveYRevenueGrowthPerShare,fiveYShareholdersEquityGrowthPerShare,grossProfitGrowth,netIncomeGrowth,operatingIncomeGrowth,threeYNetIncomeGrowthPerShare,threeYRevenueGrowthPerShare,threeYShareholdersEquityGrowthPerShare,Industry,Sector,Symbol
2023Q1,2023,Q1,2023-05-10,2023-03-31,9157000.0,27701000.0,16697000.0,0.86,27701000.0,1.0,3075655000.0,329041000.0,689837000.0,25000000.0,2746614000.0,0.0,225409000.0,336989100.7,286918100.7,30.95233548602422,27.59348,0.017348824884455508,0.1621652012971028,0.03441161267920348,30.95233548602422,0.02782935865135348,12.165232327352802,9.200313986567652,1.0241553505490197,0.3484765752975865,0.0,0.009469148982479242,0.009006536818986525,27.59348,0.002977251999980492,34.14622562569662,1.0,0.13157894736842102,0.28492118181784537,0.2637872838827354,0.2788235304449953,-0.012230780202538868,0.1399228183742064,0.2753589978612893,0.11179045256628962,0.17281514914017826,0.05556020364029517,Banks—Regional,Financial Services,AMNB
2022Q4,2022,Q4,2023-03-14,2022-12-31,8033000.0,28044000.0,13092000.0,0.76,28044000.0,1.0,3065902000.0,321174000.0,681402000.0,100531000.0,2744728000.0,0.0,223664000.0,391741548.54,447266548.54,30.277502767335132,6.7780286677741195,0.04203167615925101,0.40123110837116327,0.023592780801332734,30.277502767335132,0.02501136455628413,13.968818590072743,12.191632906137185,1.2197175006071475,0.3962405079048923,0.0,0.008125255061309867,0.009147063409071784,6.7780286677741195,0.0026201098404319513,24.87563808356617,1.0,-0.1264367816091954,2.089314098623337,0.25905376084527476,0.25459258717920097,-0.025200736904306718,-0.1321305099394987,-0.02407752515840477,0.12908812668975994,0.1897868850448981,0.04887025996781797,Banks—Regional,Financial Services,AMNB
2022Q3,2022,Q3,2022-11-08,2022-09-30,9256000.0,28769000.0,13415000.0,0.87,28769000.0,1.0,3049320000.0,313390000.0,736862000.0,0.0,2735930000.0,0.0,218814000.0,339978416.4,273308416.4,29.45131225100912,0.0,0.009283381212860571,0.09032834487379941,0.031048260461213912,29.45131225100912,0.029535084080538627,11.817526379088601,9.182649535436473,1.0848413044449408,0.32044079515989626,0.0,0.008724083226831573,0.00943456245982711,0.0,0.003035430850156756,21.277908148704466,1.0,0.14473684210526314,0.5707597616334819,0.3126007169108117,0.2110814360819006,0.08928098140926129,0.1371007371007371,0.12693212365591397,0.1135885762107212,0.21333798068257467,0.03302330228991329,Banks—Regional,Financial Services,AMNB
2022Q2,2022,Q2,2022-08-05,2022-06-30,8140000.0,26411000.0,11904000.0,0.76,26411000.0,1.0,3233728000.0,327431000.0,1010338000.0,0.0,2906297000.0,0.0,212524000.0,369921855.34,56631855.339999974,30.63454279981445,0.0,0.008746252003879114,0.08637850417339836,0.026470295322251727,30.63454279981445,0.024860199553493712,14.00635550868956,11.361236343366095,1.1297704106819453,0.3671990171990172,0.0,0.008080084906723803,0.008167353593128427,0.0,0.0025172185168325844,-543.2038991776799,1.0,-0.09523809523809519,0.5378714710179605,0.2370349668653137,0.2784277502578139,0.013896886636723099,-0.09545505056117347,-0.08169405230270771,7.889396561786132,0.11053225537602139,0.09280491549026007,Banks—Regional,Financial Services,AMNB
2022Q1,2022,Q1,2022-05-09,2022-03-31,8999000.0,26049000.0,12963000.0,0.84,26049000.0,1.0,3346238000.0,335074000.0,1173244000.0,0.0,3011164000.0,0.0,207373000.0,405221534.16,-53589465.839999974,31.15724919745958,0.0,0.008444408317639093,0.08433062547377594,0.028011535402785392,31.15724919745958,0.026856754030452974,15.556126306576068,11.257404549394376,1.2093493800175483,0.3340371152350261,0.0,0.0074181645016256565,0.00778456284340803,0.0,0.002689288687774151,25.810288800000002,1.0,-0.20000000000000007,0.7780278737208792,0.2746940439243609,0.3170095904311221,-0.07774827403080191,-0.20313468520322323,-0.16281322655644537,0.2190253613932424,0.1438270337452235,0.187397060190717,Banks—Regional,Financial Services,AMNB
2021Q4,2021,Q4,2022-03-14,2021-12-31,11293000.0,28245000.0,15484000.0,1.05,28245000.0,1.0,3334597000.0,354792000.0,1203335000.0,0.0,2979805000.0,0.0,201380000.0,405974418.24,-76661581.75999999,32.92956885794933,0.0,0.00846639039140262,0.07957338384180027,0.03161544580818815,32.92956885794933,0.03182991724728855,14.3733198173128,8.98730227220402,1.1442603504024893,0.0,0.0,0.0,0.008470288913472903,0.0,0.0033866161338236673,0.0,1.0,0.1170212765957448,1.1908070763061784,0.37998793987863905,0.40883546732264386,0.0,0.109550009825113,0.0,0.8267259979994923,0.26850147006249026,0.289940269468824,Banks—Regional,Financial Services,AMNB
2021Q3,2021,Q3,2021-11-09,2021-09-30,10178000.0,28323000.0,0.0,0.94,0.0,0.0,3289063000.0,350387000.0,2518067000.0,0.0,2938676000.0,0.0,193107000.0,357951230.0,-132242770.0,32.34179829470065,0.0,0.008575998696285234,0.08050241590013328,0.0,32.34179829470065,0.02904788134262972,12.638182042862692,8.792278198074278,1.0215882153162075,0.28630379249361365,0.0,0.008140773814354543,0.008611267099474835,0.0,0.003094498341928993,23.83163981358189,0.0,-0.05050505050505055,1.0630962764329028,0.4599616025181207,0.38168919447024924,0.0,-0.054616384915474644,0.0,0.4148656814855554,0.2606232127163417,0.3041203806247934,Banks—Regional,Financial Services,AMNB
2021Q2,2021,Q2,2021-08-06,2021-06-30,10766000.0,27345000.0,0.0,0.99,0.0,0.0,3201584000.0,347633000.0,2518275000.0,0.0,2853951000.0,0.0,185843000.0,339482062.96999997,-172873937.03000003,31.8364683996724,0.0,0.00880220540832288,0.08106537641708353,0.0,31.8364683996724,0.03096944191144109,12.414776484549277,7.883198564229984,0.976553040045105,0.2728961545606539,0.0,0.0086543600398105,0.00854108466309177,0.0,0.00336271045832313,32.96582472033404,0.0,-0.03883495145631071,1.0766265292066004,0.38868992356509324,0.35230167835982373,0.0,-0.046328284170431396,0.0,0.4331186400485565,0.1861705731998811,0.2970639041944206,Banks—Regional,Financial Services,AMNB
2021Q1,2021,Q1,2021-05-07,2021-03-31,11289000.0,28394000.0,0.0,1.03,0.0,0.0,3073432000.0,341793000.0,2461195000.0,0.0,2731639000.0,0.0,178015000.0,362826380.62,-18767619.379999995,31.15290153567445,0.0,0.011601362906353548,0.1043204512672875,0.0,31.15290153567445,0.03302876302323336,12.778276418257379,8.034953951191426,1.0615383598259764,0.2617592346532022,0.0,0.008144391251128095,0.009238532038450827,0.0,0.0036730924907399935,27.05842200164069,0.0,0.2875,1.145804288735127,0.4028881822355756,0.3379706736149609,0.0,0.28371617011598815,0.0,0.5348667504885387,0.2551540817754339,0.2871100968598922,Banks—Regional,Financial Services,AMNB
2020Q4,2020,Q4,2021-03-08,2020-12-31,8794000.0,26380000.0,0.0,0.8,0.0,0.0,3050010000.0,337894000.0,2453057000.0,0.0,2712116000.0,0.0,169681000.0,287663897.29,-51076102.70999998,30.78662919967283,0.0,0.011681928911708486,0.10544727044576109,0.0,30.78662919967283,0.026025913452147716,10.904620822213799,8.177845613202184,0.8513436086169035,0.33750284284739596,0.0,0.010317596430976171,0.008649151969993541,0.0,0.0028832692351828354,136.72238464353615,0.0,0.21212121212121213,0.5004811669250293,0.2751554583796012,0.3425783899212282,0.0,0.21682579216825792,0.0,2.268682589209004,0.1446720970336896,0.27568898515020474,Banks—Regional,Financial Services,AMNB
2020Q3,2020,Q3,2020-11-05,2020-09-30,7227000.0,25802000.0,0.0,0.66,0.0,0.0,2903304000.0,331981000.0,2413302000.0,0.0,2571323000.0,0.0,163855000.0,229422213.4,-5239786.599999994,30.271883515879285,0.0,0.01226499188510745,0.10726216259364241,0.0,30.271883515879285,0.021769318123627555,8.891644577939696,7.93628799640238,0.6910703124576407,0.40929846409298465,0.0,0.012893258922764798,0.00888711619589268,0.0,0.002489232956659034,30.111853707835674,0.0,0.32000000000000006,0.4150617289861562,0.349250438152704,0.3357803948040704,0.0,0.3183144837650492,0.0,0.19001154588537064,0.1422678166375192,0.2448245378288338,Banks—Regional,Financial Services,AMNB
2020Q2,2020,Q2,2020-08-06,2020-06-30,5482000.0,24095000.0,0.0,0.5,0.0,0.0,2864539000.0,327433000.0,2410513000.0,0.0,2537106000.0,0.0,159586000.0,274427006.8,58410006.80000001,29.876514034113644,0.0,0.012423639545490566,0.108687884238913,0.0,29.876514034113644,0.016742356451548868,11.389375671301101,12.514912750820868,0.8381165209371076,0.539948923750456,0.0,0.010786110428836993,0.008411475633601078,0.0,0.0019137459814650803,62.29897997729853,0.0,-0.35064935064935066,0.5123339508062508,0.22402796560737517,0.33490281583360626,0.0,-0.35822992273472254,0.0,0.010067817248863855,0.10062640672370146,0.2467940152320227,Banks—Regional,Financial Services,AMNB
2020Q1,2020,Q1,2020-05-08,2020-03-31,8542000.0,24496000.0,0.0,0.77,0.0,0.0,2495065000.0,323293000.0,2020315000.0,0.0,2171772000.0,0.0,157064000.0,263501921.49999997,189498921.49999997,29.323136074360658,0.0,0.014254939250079658,0.11001475441781913,0.0,29.323136074360658,0.026421852622852952,10.756936703951665,7.711950406813393,0.8150560683342973,0.34605478810583,0.0,0.011218134513679439,0.009817780298308862,0.0,0.0034235581036966972,38.44498416982783,0.0,0.14925373134328354,0.9228514711169071,0.24773791922886212,0.30055202640606793,0.0,0.14796398333557317,0.0,0.6462645147330045,0.16924577942128372,0.23948206039314263,Banks—Regional,Financial Services,AMNB
2019Q4,2019,Q4,2020-03-09,2019-12-31,7441000.0,24652000.0,0.0,0.67,0.0,0.0,2478550000.0,320258000.0,1967777000.0,0.0,2158292000.0,0.0,151478000.0,439003271.22,394967271.22,28.866775923519963,0.0,0.014341449637893123,0.110991762891169,0.0,28.866775923519963,0.023234392271231318,17.808018465844558,14.749471550194867,1.3707800311623752,0.40223088294584064,0.0,0.006817716851362828,0.009946137862863368,0.0,0.0030021585201024793,23.8019557156799,0.0,-0.141025641025641,0.8231657529783848,0.3177326757980362,0.3049470405561896,0.0,-0.14392544868844914,0.0,0.40188432359972054,0.1696931292396268,0.23501579761779195,Banks—Regional,Financial Services,AMNB
2019Q3,2019,Q3,2019-11-12,2019-09-30,8692000.0,24795000.0,0.0,0.78,0.0,0.0,2454529000.0,317246000.0,2013980000.0,0.0,2137283000.0,0.0,147030000.0,394696078.40999997,287603078.40999997,28.509823723941267,0.0,0.014472837762356852,0.11197619512933181,0.0,28.509823723941267,0.02739829659002793,15.918373801572896,11.35228021197653,1.2441325608833522,0.3452600092038656,0.0,0.007603318513042431,0.010101734385700882,0.0,0.0035412089244005675,243.03945714901477,0.0,8.090909090909092,0.9333420454476581,0.299890239241437,0.2909522801124589,0.0,8.066666666666666,0.0,0.7153745557091816,0.2443670181330645,0.21798160438331962,Banks—Regional,Financial Services,AMNB
2019Q2,2019,Q2,2019-08-05,2019-06-30,-1230000.0,24758000.0,0.0,-0.11,0.0,0.0,2418082000.0,311917000.0,1951347000.0,34342000.0,2106165000.0,0.0,141339000.0,421260648.0,415378648.0,28.032947478160835,56.821006347912174,0.020277227984824335,0.15719566423118972,0.0,28.032947478160835,-0.003943356726308601,17.015132401647953,-85.62208292682926,1.3505536665202602,-2.261788617886179,0.0,0.006603987372682388,0.01023869331147579,12.299021606196494,-0.000508667613422539,88.31460125786164,0.0,-1.1594202898550725,-1.269164988618502,0.3421187104190464,0.2823903415847752,0.0,-1.2048975512243878,0.0,-1.2328278686736989,0.23386812163467732,0.19074143049358375,Banks—Regional,Financial Services,AMNB
2019Q1,2019,Q1,2019-05-09,2019-03-31,6003000.0,18519000.0,0.0,0.69,0.0,0.0,1868404000.0,229473000.0,1470640000.0,0.0,1638931000.0,0.0,145351000.0,304769313.90000004,261861313.90000004,26.239958175789297,0.0,0.014960897107906,0.12181389531666034,0.0,26.239958175789297,0.02615994038514335,16.457115065608296,12.692375224887556,1.3281271169157156,0.3646510078294186,0.0,0.007182481635005577,0.009911667926208678,0.0,0.003212902562829024,71.09151245626313,0.0,0.2105263157894737,0.5727852481837412,0.27179122461189664,0.21654992433793765,0.0,0.20011995201919233,0.0,0.43152582093105113,0.14791628518853284,0.12696708124876516,Banks—Regional,Financial Services,AMNB
2018Q4,2018,Q4,2019-03-08,2018-12-31,5002000.0,18016000.0,0.0,0.57,0.0,0.0,1862866000.0,222542000.0,1456910000.0,0.0,1640324000.0,0.0,141537000.0,255512035.32,219184035.32,25.527979579635247,0.0,0.014991416451854294,0.1254909185681804,0.0,25.527979579635247,0.02247665609188378,14.182506400976909,12.77049356857257,1.148151968257677,0.4358256697321072,0.0,0.008531887733858783,0.009671119661854369,0.0,0.002685109932759522,35.48285450909596,0.0,-0.13636363636363646,0.43999259674419366,0.15537533680143475,0.2017826102859564,0.0,-0.13535004321521177,0.0,0.07451027058660942,0.0964012255106647,0.11325320806257358,Banks—Regional,Financial Services,AMNB
2018Q3,2018,Q3,2018-11-05,2018-09-30,5785000.0,18068000.0,0.0,0.66,0.0,0.0,1806491000.0,216066000.0,1438084000.0,0.0,1590425000.0,0.0,138715000.0,340743645.73,298602645.73,24.79970313722569,0.0,0.015445413234829291,0.12913646756083788,0.0,24.79970313722569,0.026774226393787084,18.85895758966128,14.725308804235091,1.5770350065720657,0.37649092480553153,0.0,0.00639190202750197,0.010001710498419311,0.0,0.003202340891817341,46.391238356705244,0.0,-0.0434782608695651,0.23282348936521602,0.14567417962284104,0.17816027730544914,0.0,-0.03260869565217391,0.0,0.4257866020893312,0.18927725802949272,0.09431437360976062,Banks—Regional,Financial Services,AMNB
2018Q2,2018,Q2,2018-08-03,2018-06-30,5980000.0,18351000.0,0.0,0.69,0.0,0.0,1824531000.0,213348000.0,1410319000.0,15785000.0,1611183000.0,0.0,135108000.0,347684280.0,347718280.0,24.545026884735773,89.3455178967374,0.018292920207987697,0.15643924480191987,0.0,24.545026884735773,0.028029322984044848,18.946339709007685,14.535295986622074,1.6296580235108835,0.3630434782608696,0.0,0.006244170717180541,0.010057927215267925,25.222553056699397,0.003277554615405274,74.73866723989681,0.0,0.029850746268656577,0.2856283174910563,0.15512077047180192,0.18513511745829497,0.0,0.028905712319339298,0.0,1.0800669567868362,0.17541601935165668,0.09668837086325784,Banks—Regional,Financial Services,AMNB
2018Q1,2018,Q1,2018-05-04,2018-03-31,5812000.0,17876000.0,0.0,0.67,0.0,0.0,1817574000.0,209840000.0,1434161000.0,0.0,1607734000.0,0.0,131299000.0,325981772.8,277179772.8,24.203758180187428,0.0,0.015323172536578979,0.13272493328250096,0.0,24.203758180187428,0.027697293175752955,18.235722353994184,14.021927598072953,1.553477758292032,0.37388162422573984,0.0,0.00666601687982476,0.009835087869874899,0.0,0.0031976689807402614,58.4092049453503,0.0,1.791666666666667,0.2696965579042814,0.12168125724235024,0.15304746339382636,0.0,1.741509433962264,0.0,0.6637657916622972,0.1579210777721647,0.0734952314806776,Banks—Regional,Financial Services,AMNB
2017Q4,2017,Q4,2018-03-09,2017-12-31,2120000.0,18160000.0,0.0,0.24,0.0,0.0,1816078000.0,208717000.0,1423777000.0,34083000.0,1607361000.0,0.0,127010000.0,331237320.2,330586320.2,24.133334659190375,41.77381685884458,0.028537320533589417,0.24830751687691946,0.0,24.133334659190375,0.010157294326767824,18.239940539647577,39.061004740566034,1.58701648739681,1.019811320754717,0.0,0.006527042299142475,0.009999570503029055,11.593991139277646,0.0011673507415430394,44.07095798296967,0.0,-0.5636363636363637,-0.5092066162608887,0.10824718438516626,0.15969169066365205,0.0,-0.5571339043242114,0.0,-0.3336660698914988,0.24523757794667655,0.09096782147406614,Banks—Regional,Financial Services,AMNB
2017Q3,2017,Q3,2017-11-06,2017-09-30,4787000.0,17805000.0,0.0,0.55,0.0,0.0,1780541000.0,210214000.0,1437270000.0,0.0,1570327000.0,0.0,126507000.0,356145572.0,290721572.0,24.318193123569145,0.0,0.02122725621033158,0.17979772993235466,0.0,24.318193123569145,0.022772032309931783,20.00255950575681,18.599622519323166,1.694204819850248,0.4334656360977648,0.0,0.005826269264973481,0.00999976973290702,0.0,0.0026885087172943503,75.95341693324802,0.0,0.12244897959183684,0.19281665935649406,0.1377632626360241,0.17630061782329448,0.0,0.11871932694554803,0.0,0.37064092696101664,0.2015887068095832,0.10115120896814775,Banks—Regional,Financial Services,AMNB
2017Q2,2017,Q2,2017-08-04,2017-06-30,4279000.0,17260000.0,0.0,0.49,0.0,0.0,1764473000.0,207053000.0,1412482000.0,0.0,1557420000.0,0.0,123795000.0,319271943.6,271108943.6,23.962670392313168,0.0,0.02140355788952282,0.18239774357290162,0.0,23.962670392313168,0.020666206237050417,18.497795110081114,18.65342040196308,1.5419817322134914,0.484692685206824,0.0,0.006496029612293186,0.009781957558999202,0.0,0.0024250866972744837,213.5598284949833,0.0,0.04255319148936174,-0.09250734821251078,0.0018583900373948378,0.1846659373908011,0.0,0.053162687669209945,0.0,0.20581230752270907,0.20486983665539377,0.09619215366567445,Banks—Regional,Financial Services,AMNB
2017Q1,2017,Q1,2017-05-08,2017-03-31,4063000.0,16405000.0,0.0,0.47,0.0,0.0,1715805000.0,204241000.0,1352154000.0,0.0,1511564000.0,0.0,121590000.0,321587407.75,264531407.75,23.6575719902391,0.0,0.02199200958150839,0.1847523269079176,0.0,23.6575719902391,0.019893165427117963,19.603011749466624,19.787558931208466,1.5745487328695023,0.510214127492001,0.0,0.006446147921350008,0.009561109799773284,0.0,0.0023679847068868547,34.20051129958524,0.0,-0.020833333333333353,-0.1182447479937599,-0.09399365296841582,0.19371788906275153,0.0,-0.014313440077632217,0.0,0.07830992635052714,0.14122223362122494,0.09682405825248493,Banks—Regional,Financial Services,AMNB
2016Q4,2016,Q4,2017-03-16,2016-12-31,4122000.0,16367000.0,0.0,0.48,0.0,0.0,1678638000.0,201380000.0,1261106000.0,29748000.0,1477258000.0,0.0,119600000.0,299826360.0,304323360.0,23.373608644683543,42.39296759446013,0.03437548774661362,0.28654285430529347,0.0,23.373608644683543,0.02046876551792631,18.31895643673245,18.18451965065502,1.4888586751415234,0.5009704027171276,0.0,0.006887319713983787,0.009750166504034818,14.24892429743176,0.0024555621879166325,156.48557411273487,0.0,0.0666666666666666,-0.19553309281379386,-0.14829690881860086,0.19632855021943252,0.0,0.04012112036336109,0.0,0.200686241088165,0.06203487063477837,0.10036112811758775,Banks—Regional,Financial Services,AMNB
2016Q3,2016,Q3,2016-11-07,2016-09-30,3963000.0,15584000.0,0.0,0.45,0.0,0.0,1615534000.0,203713000.0,1195483000.0,24051000.0,1411821000.0,0.0,117543000.0,243246586.04999998,223101586.04999998,23.407433758719346,49.70616606378113,0.032603461146593016,0.25855983663291005,0.0,23.407433758719346,0.019453839470235084,15.608738837910677,15.344851504542014,1.1940651114558225,0.5218268988140298,0.0,0.008501660942427028,0.009646346037904496,18.566920294374455,0.002453058864746889,54.163123146292584,0.0,-0.042553191489361625,-0.13971364203305467,-0.07132003802345852,0.20633687331834982,0.0,-0.03057729941291585,0.0,-0.15453308391018017,-0.010752431741177154,0.11201769213060012,Banks—Regional,Financial Services,AMNB
2016Q2,2016,Q2,2016-08-08,2016-06-30,4088000.0,15527000.0,0.0,0.47,0.0,0.0,1601651000.0,202704000.0,1169994000.0,0.0,1398947000.0,0.0,115648000.0,216803728.07999998,181104728.07999998,23.542430590107774,0.0,0.023501998874910952,0.18569934485752623,0.0,23.542430590107774,0.020167337595706054,13.96301462484704,13.258545014677104,1.0695582133554347,0.5058708414872799,0.0,0.009538581362571928,0.009694371620284319,0.0,0.002552366277047871,-794.1528501098901,0.0,-0.020833333333333353,1.8873856360899017,0.29247010661301814,0.3030797792430698,0.0,-0.009689922480620155,0.0,-0.11276395632168429,-0.013336063598649391,0.13672563381922273,Banks—Regional,Financial Services,AMNB
2016Q1,2016,Q1,2016-05-09,2016-03-31,4128000.0,15881000.0,0.0,0.48,0.0,0.0,1582554000.0,200443000.0,1156048000.0,0.0,1382111000.0,0.0,113628000.0,218059080.23999998,168139080.23999998,23.28369533803368,0.0,0.023766013671571398,0.18763937877601114,0.0,23.28369533803368,0.020594383440678897,13.73081545494616,13.206097398255814,1.0878857342985286,0.5002422480620154,0.0,0.009469910621136352,0.0100350446177508,0.0,0.002608441797246729,34.23219470015698,0.0,-0.09433962264150951,0.6568836750782695,0.32153040741079636,0.30788279674993974,0.0,-0.10397221619275017,0.0,-0.0918020622068091,0.003560245432534476,0.10921641375225878,Banks—Regional,Financial Services,AMNB
2015Q4,2015,Q4,2016-03-15,2015-12-31,4607000.0,16262000.0,0.0,0.53,0.0,0.0,1547599000.0,197835000.0,1137128000.0,0.0,1349764000.0,0.0,111565000.0,220948072.54,163191072.54,22.93097329049006,0.0,0.024282776093807246,0.18995627669522583,0.0,22.93097329049006,0.023287082669901687,13.586771156069364,11.989802069676578,1.1168300479692672,0.44975037985673977,0.0,0.009377769066642975,0.010507889963743838,0.0,0.002976869331138105,28.698281924925315,0.0,0.12765957446808524,0.7723693365140966,0.24585355816857568,0.3033831392248957,0.0,0.14119395590785236,0.0,0.06915556402125904,-0.0051568847974874255,0.10191399403996007,Banks—Regional,Financial Services,AMNB
2015Q3,2015,Q3,2015-11-09,2015-09-30,4037000.0,15116000.0,0.0,0.47,0.0,0.0,1512437000.0,196451000.0,1082961000.0,0.0,1315986000.0,0.0,109030000.0,203279092.1,174911092.1,22.662320568284358,0.0,0.0248268192328011,0.19113672111620708,0.0,22.662320568284358,0.02054965360318858,13.447942054776396,12.588499634629674,1.0347572275020234,0.49318801089918257,0.0,0.009794416038716655,0.00999446588519059,0.0,0.0026692020890787516,32.75525170802449,0.0,0.4242424242424241,0.280339796743698,0.1861369854378152,0.25207317940096063,0.0,0.4017361111111111,0.0,0.0031121382779845997,-0.03677603422460894,0.09620404568404597,Banks—Regional,Financial Services,AMNB
2015Q2,2015,Q2,2015-08-07,2015-06-30,2880000.0,15640000.0,0.0,0.33,0.0,0.0,1524356000.0,194883000.0,1097086000.0,0.0,1329473000.0,0.0,106984000.0,207325670.23999998,169537670.23999998,22.381040536989705,0.0,0.02461236089207508,0.19251550930558334,0.0,22.381040536989705,0.014778097627807454,13.256117023017902,17.997019986111113,1.0638468734574078,0.69375,0.0,0.009637012135000539,0.010260070482223313,0.0,0.0018893224417393312,253.454364596577,0.0,-0.17500000000000002,0.0056795710671508366,0.2760159102644586,0.26017646404939493,0.0,-0.1806543385490754,0.0,-0.3938976761900359,-0.09914492899213014,0.10647335766216197,Banks—Regional,Financial Services,AMNB
2015Q1,2015,Q1,2015-05-11,2015-03-31,3515000.0,15534000.0,0.0,0.4,0.0,0.0,1540098000.0,196689000.0,1115726000.0,0.0,1343409000.0,0.0,106102000.0,196979633.14,135217633.14,22.546684391697816,0.0,0.024340658841190625,0.19059022111048407,0.0,22.546684391697816,0.01787085195410013,12.680548032702458,14.009931233285917,1.001477627828704,0.5709815078236131,0.0,0.01018887063604976,0.010086371127032177,0.0,0.0022823222937761105,64.26741701141924,0.0,0.08108108108108115,0.12846062005907707,0.234755890838212,0.2872732237392612,0.0,0.21626297577854672,0.0,-0.24507825806527145,-0.15098829564282235,0.13766452907873372,Banks—Regional,Financial Services,AMNB
2014Q4,2014,Q4,2015-03-09,2014-12-31,2890000.0,13247000.0,0.0,0.37,0.0,0.0,1346492000.0,173780000.0,937663000.0,0.0,1172712000.0,0.0,104594000.0,194904184.32,165057184.32,22.121032521914817,0.0,0.027817469394545234,0.21553688571757396,0.0,22.121032521914817,0.01663022211992174,14.713081023627991,16.860223557093423,1.1215570509840027,0.626643598615917,0.0,0.009291745101924757,0.009838157226333317,0.0,0.002146317987778613,95.58812374693477,0.0,-0.07500000000000007,0.03789590587679079,0.1611220278720569,0.27238509836631014,0.0,-0.08775252525252525,0.0,-0.3814223724876734,-0.24398076164901716,0.13221809984906455,Banks—Regional,Financial Services,AMNB
2014Q3,2014,Q3,2014-11-10,2014-09-30,3168000.0,13441000.0,0.0,0.4,0.0,0.0,1319157000.0,173165000.0,926224000.0,0.0,1145992000.0,0.0,103515000.0,178384524.5,134832524.5,22.084335852799832,0.0,0.028370391090673817,0.2161233505616031,0.0,22.084335852799832,0.01829469003551526,13.271670597425787,14.077061592487375,1.0301419137816534,0.569760101010101,0.0,0.010118590752529097,0.01018908287641274,0.0,0.0024015337067536313,46.08228481012658,0.0,-0.02439024390243891,0.13815377009508703,0.1475167805536018,0.28510498675083007,0.0,-0.02010516548097742,0.0,-0.2367034418172378,-0.11098746632711955,0.13814905711545447,Banks—Regional,Financial Services,AMNB
2014Q2,2014,Q2,2014-08-08,2014-06-30,3233000.0,13051000.0,0.0,0.41,0.0,0.0,1300648000.0,172083000.0,886305000.0,16951000.0,1128565000.0,0.0,102152000.0,171060276.67000002,176211276.67000002,21.85991781840604,52.286295793758484,0.037976454813293065,0.28703590709134547,0.0,21.85991781840604,0.01878744559311495,13.107062805149033,13.227673729508197,0.9940568020664448,0.5573770491803278,0.0,0.010534298406849408,0.010034229091960315,24.36322340864846,0.002485684059022887,55.41311197602851,0.0,-0.06818181818181825,0.46752197961885467,0.1030912483212163,0.298590912493023,0.0,-0.06289855072463768,0.0,1.4975902220429202,0.18822400010924134,0.2099522509391749,Banks—Regional,Financial Services,AMNB
2014Q1,2014,Q1,2014-05-12,2014-03-31,3450000.0,13162000.0,0.0,0.44,0.0,0.0,1299802000.0,170499000.0,885449000.0,0.0,1129303000.0,0.0,100721000.0,185919931.68,151936931.68,21.569158528425724,0.0,0.0287451473378253,0.2191391151854263,0.0,21.569158528425724,0.020234722784297856,14.125507649293422,13.472458817391304,1.0904458775711294,0.5272463768115943,0.0,0.009783781564263965,0.01012615767632301,0.0,0.002654250416601913,29.445665454545455,0.0,0.09999999999999995,2.4563324942132962,0.41695397423569186,0.2871861750632213,0.0,0.09767737830098631,0.0,0.5080709625759294,0.192810774820076,0.21157449323001631,Banks—Regional,Financial Services,AMNB
2013Q4,2013,Q4,2014-03-12,2013-12-31,3143000.0,14109000.0,0.0,0.4,0.0,0.0,1307512000.0,167551000.0,895512000.0,0.0,1139961000.0,0.0,99090000.0,207055038.75,176744038.75,21.24176149758152,0.0,0.02858099963900905,0.22303656797034932,0.0,21.24176149758152,0.018758467571067913,14.67538725281735,16.46953855790646,1.2357732197957636,0.5774737511931276,0.0,0.008765785227721246,0.010790723144414736,0.0,0.002403802030115211,52.44555186170213,0.0,-0.25925925925925924,0.43995871992124297,0.26543279017441035,0.262877330838395,0.0,-0.2592505302851756,0.0,0.322526976640757,0.18226114447309216,0.2073693267466469,Banks—Regional,Financial Services,AMNB
2013Q3,2013,Q3,2013-11-08,2013-09-30,4243000.0,14260000.0,0.0,0.54,0.0,0.0,1324185000.0,165826000.0,910053000.0,0.0,1158359000.0,0.0,97762000.0,182767303.2,141875303.2,21.04951560066571,0.0,0.028226418514029385,0.22539891211269644,0.0,21.04951560066571,0.02558706113637186,12.816781430575034,10.76875460758897,1.1021631300278605,0.42752769267028046,0.0,0.0099251888507375,0.010768888033016535,0.0,0.0032042350577902636,28.340409861994107,0.0,0.018867924528301903,0.47577300247368315,0.23689652621972163,0.2488327948734577,0.0,0.007838479809976246,0.0,0.4807402228026109,0.23128003299615385,0.16296713055325354,Banks—Regional,Financial Services,AMNB
2013Q2,2013,Q2,2013-08-09,2013-06-30,4210000.0,14379000.0,0.0,0.53,0.0,0.0,1294017000.0,162936000.0,886751000.0,0.0,1131081000.0,0.0,95333000.0,185587766.98,166256766.98,20.71074135190287,0.0,0.02888911042126958,0.22943364265723964,0.0,20.71074135190287,0.02583836598419011,12.906861880520202,11.020651245843231,1.1390224810968725,0.42992874109263657,0.0,0.009752797985844918,0.01111190965806477,0.0,0.0032534348466828488,60.11913410430839,0.0,0.0,0.8039423225082704,0.30039804332517367,0.23947860112577973,0.0,0.01421344254396531,0.0,0.627127231433973,0.29843526340525106,0.16612937461722393,Banks—Regional,Financial Services,AMNB
2013Q1,2013,Q1,2013-05-06,2013-03-31,4151000.0,14452000.0,0.0,0.53,0.0,0.0,1294063000.0,165032000.0,885307000.0,0.0,1129031000.0,0.0,92933000.0,162821833.61,142566833.61,20.991120442646142,0.0,0.02889349282067411,0.22656212128556885,0.0,20.991120442646142,0.0251526976586359,11.26638760102408,9.806181258130572,0.9866076494861604,0.4357986027463262,0.0,0.01111030357472216,0.01116792613651731,0.0,0.0032077263626268584,11.802960029720914,0.0,0.06000000000000005,0.39906001384511824,0.2672105259198507,0.24629627944599922,0.0,0.059469116896375705,0.0,0.4786951773668239,0.2746489813157324,0.19846035065155943,Banks—Regional,Financial Services,AMNB
2012Q4,2012,Q4,2013-03-14,2012-12-31,3918000.0,14863000.0,0.0,0.5,0.0,0.0,1283687000.0,163246000.0,880195000.0,0.0,1120441000.0,0.0,90591000.0,158381363.55,148335363.55,20.810129841820018,0.0,0.029131712013909933,0.22907758842483122,0.0,20.810129841820018,0.02400058806953922,10.656083129247124,10.106008393950995,0.970200577962094,0.4606942317508933,0.0,0.011396542873115072,0.011578367623883392,0.0,0.003052145889145874,370.91654227166276,0.0,0.08695652173913039,0.09931149325267914,0.236242178408453,0.25212811391891765,0.0,0.07666941467436109,0.0,0.4091169133894187,0.30464827888561286,0.1969829654003803,Banks—Regional,Financial Services,AMNB
2012Q3,2012,Q3,2012-11-09,2012-09-30,3639000.0,14190000.0,0.0,0.46,0.0,0.0,1305707000.0,162045000.0,908704000.0,0.0,1143662000.0,0.0,88478000.0,177851344.66,120322344.66,20.673450948762707,0.0,0.007743697475773662,0.06239624795581474,0.0,20.673450948762707,0.022456724983800795,12.53356903875969,12.218421589722452,1.0975429335061249,0.49546578730420443,0.0,0.010137679889048975,0.010867675519852463,0.0,0.0027869958574167097,14.643997090160559,0.0,-0.14814814814814817,-0.02966469762807742,0.15376385371692278,0.2762554127658824,0.0,-0.14857276555919513,0.0,0.3078289326617064,0.21188937072298242,0.2030044772315588,Banks—Regional,Financial Services,AMNB
2012Q2,2012,Q2,2012-08-09,2012-06-30,4274000.0,15616000.0,0.0,0.54,0.0,0.0,1290892000.0,158424000.0,886201000.0,0.0,1132468000.0,0.0,86642000.0,184525736.72,165758736.72,20.227365062162914,0.0,0.007856582889970655,0.06401807806897945,0.0,20.227365062162914,0.026978235620865525,11.816453427254098,10.793503551708001,1.1647587279705094,0.42185306504445486,0.0,0.00977099472436129,0.012097061566730603,0.0,0.0033108889047263443,-40.59079118345799,0.0,0.018867924528301903,0.10727957367709241,0.2623518130975285,0.2792179276203904,0.0,0.0237125748502994,0.0,0.9499398271699597,0.32661600221880627,0.20160892971366845,Banks—Regional,Financial Services,AMNB
2012Q1,2012,Q1,2012-05-10,2012-03-31,4175000.0,16406000.0,0.0,0.53,0.0,0.0,1323260000.0,155024000.0,914651000.0,0.0,1168236000.0,0.0,84171000.0,166613456.4,121942456.4,19.81839445232228,0.0,0.007689342986261203,0.06563499845185261,0.0,19.81839445232228,0.026931313861079574,10.155641618919908,9.976853676646707,1.0747591108473526,0.43137724550898204,0.0,0.010809451042634992,0.012398168160452217,0.0,0.0031550866798663907,28.330803672844755,0.0,-0.1016949152542372,0.21527682065267786,0.3807772759632231,0.2626048094452737,0.0,-0.102536543422184,0.0,3.226793805648574,0.784821248453523,0.1827055430725134,Banks—Regional,Financial Services,AMNB
2011Q4,2011,Q4,2012-03-15,2011-12-31,4652000.0,17447000.0,0.0,0.59,0.0,0.0,1304706000.0,152829000.0,900172000.0,3000000.0,1151877000.0,0.0,81797000.0,152455223.72,136768223.72,19.53778386413692,300.05733333333336,0.010121820548077498,0.08641030170975404,0.0,19.53778386413692,0.030439249095394198,8.738191306241761,8.1929935361135,0.9975542843308534,0.3970335339638865,0.0,0.01211503256452668,0.013372361282925042,18.394333333333332,0.003565554232141187,46.367160498783456,0.0,0.13461538461538453,0.2552455746063937,0.47264254294362495,0.26632202867741034,0.0,0.1266650520707193,0.0,1.1491730825717779,0.5779369166615483,0.16157147982515158,Banks—Regional,Financial Services,AMNB
2011Q3,2011,Q3,2011-11-09,2011-09-30,4129000.0,15041000.0,0.0,0.52,0.0,0.0,1305139000.0,151361000.0,920125000.0,0.0,1153778000.0,0.0,77092000.0,140411052.0,97113052.0,19.403728988512956,0.0,0.007844375196818116,0.06763961654587378,0.0,19.403728988512956,0.0272791538110874,9.335220530549831,8.501516832162752,0.9276567411684647,0.4473238072172439,0.0,0.013154235180860264,0.011524442990363478,0.0,0.0031636477034246925,24.183784361005856,0.0,2.25,0.05236473986068174,0.2326582345048823,0.2607409726577787,0.0,3.0800395256916997,0.0,0.45035108100363463,0.3175657178458138,0.15119100901901064,Banks—Regional,Financial Services,AMNB
2011Q2,2011,Q2,2011-08-08,2011-06-30,1012000.0,8587000.0,0.0,0.16,0.0,0.0,846016000.0,111190000.0,569513000.0,0.0,734826000.0,0.0,74810000.0,113179342.44,74409342.44,18.066760734928334,0.0,0.00048817043649292683,0.0037143628024102885,0.0,18.066760734928334,0.00910153790808526,13.18031238383603,27.959323725296446,1.0178913790808526,1.3992094861660078,0.0,0.012511117041969624,0.010149926242529693,0.0,0.0011961948710189879,59.28724067050812,0.0,-0.44827586206896547,-0.6618985495045085,-0.13687206513171207,0.21437725936863705,0.0,-0.43082114735658045,0.0,-0.4456844872950403,-0.007283924207623467,0.08124392758860226,Banks—Regional,Financial Services,AMNB
2011Q1,2011,Q1,2011-05-09,2011-03-31,1778000.0,8576000.0,0.0,0.29,0.0,0.0,845238000.0,109372000.0,572919000.0,0.0,735866000.0,0.0,75214000.0,138292481.02,103097481.02000001,17.80258551904892,0.0,0.005264789325610065,0.04068683026734447,0.0,17.80258551904892,0.0162564458910873,16.12552250699627,19.444949524746907,1.2644230792158873,0.7952755905511811,0.0,0.010224706286059803,0.010146254664366723,0.0,0.0021035495327943136,25.007681920434,0.0,-0.03333333333333337,-0.3454357455647938,-0.04087382764914271,0.3082342430855159,0.0,-0.03943814154511075,0.0,-0.23312454668066754,-0.03768986375543688,0.0569848406869015,Banks—Regional,Financial Services,AMNB
2010Q4,2010,Q4,2011-03-11,2010-12-31,1851000.0,9295000.0,0.0,0.3,0.0,0.0,833664000.0,108087000.0,558738000.0,53194000.0,725577000.0,0.0,74850000.0,144681827.1,187849827.1,17.59342483448635,10.503778621649058,0.07398904114847228,0.5706699233025249,0.0,17.59342483448635,0.017125093674539953,15.56555428725121,19.54103553484603,1.3385682561270087,0.7617504051863857,0.0,0.009745522490709547,0.011149575848303393,0.6666917321502425,0.002220318977429756,41.62308029344074,0.0,-0.16666666666666666,-0.387544979771289,0.02837132811319739,0.30401068307202184,0.0,-0.1692100538599641,0.0,-0.3368566159493176,-0.012831795640147676,0.058581663008643696,Banks—Regional,Financial Services,AMNB
2010Q3,2010,Q3,2010-11-08,2010-09-30,2228000.0,9005000.0,0.0,0.36,0.0,0.0,824217000.0,110868000.0,566257000.0,54285000.0,713349000.0,0.0,74409000.0,134390376.46,170002376.46,18.09983708709971,10.431187252463848,0.07620565943192145,0.5665295666919219,0.0,18.09983708709971,0.02009596998232132,14.923972955024986,15.079710105475764,1.2121656064869937,0.6324057450628366,0.0,0.010484381673113143,0.010925520827646118,0.797236805747444,0.0027031716162127205,58.66013813182017,0.0,0.09090909090909081,-0.14315280026958313,0.019743496787067952,0.36959746200649896,0.0,0.10625620655412116,0.0,-0.2397681283636902,-0.06306522063696696,0.1173758609456633,Banks—Regional,Financial Services,AMNB
2010Q2,2010,Q2,2010-08-05,2010-06-30,2014000.0,8620000.0,0.0,0.33,0.0,0.0,832644000.0,108760000.0,572612000.0,61665000.0,723884000.0,0.0,73590000.0,130987868.10000001,167112868.10000002,17.7602432480539,9.285850968945107,0.08434336883470006,0.6457153365207797,0.0,17.7602432480539,0.01851783744023538,15.195808364269142,16.259665851539225,1.2043753962853991,0.6996027805362462,0.0,0.010756721369984646,0.01035256364064354,0.8166707208302927,0.00241880083204827,-6894.098321052632,0.0,-0.08333333333333326,-0.25757204385448274,-0.021027751576165394,0.3631692314597387,0.0,-0.0782608695652174,0.0,-0.33266545128201674,-0.10879165136020948,0.12319234324335533,Banks—Regional,Financial Services,AMNB
2010Q1,2010,Q1,2010-05-06,2010-03-31,2185000.0,8825000.0,0.0,0.36,0.0,0.0,810654000.0,107182000.0,570687000.0,60372000.0,703472000.0,0.0,72985000.0,123306212.24999999,155688212.25,17.515072927722667,9.452842377260982,0.08508192151028676,0.6435035733611987,0.0,17.515072927722667,0.02038588568976134,13.972375325779035,14.108262271167048,1.1504376877647364,0.6443935926773455,0.0,0.011418727202043302,0.01088627207168533,0.8786854833366461,0.002695354614915858,30.65031375838926,0.0,0.0285714285714286,-0.23824183205875663,0.003919784410592975,0.3645127035630101,0.0,0.007376671277086215,0.0,-0.18699963643216136,-0.05058475355206784,0.11586311239940035,Banks—Regional,Financial Services,AMNB
2009Q4,2009,Q4,2010-03-12,2009-12-31,2169000.0,8887000.0,0.0,0.35,0.0,0.0,808973000.0,106389000.0,570288000.0,65929000.0,702584000.0,0.0,72208000.0,134015188.49999999,184639188.5,17.38548537727871,8.650032610838933,0.09217489335243574,0.7008901296186636,0.0,17.38548537727871,0.020387446070552408,15.079913187802406,15.446656120331948,1.2596714744945436,0.6482249884739512,0.0,0.010491348150437441,0.010985533509771031,0.6097013453867038,0.0026811772457177186,85.14306766200761,0.0,0.0,1.5041194058330993,0.18930908485043987,0.34936195939193426,0.0,0.0009229349330872173,0.0,-0.25188371484187644,-0.041146350724324904,0.1268229429494493,Banks—Regional,Financial Services,AMNB
2009Q3,2009,Q3,2009-11-06,2009-09-30,2167000.0,9119000.0,0.0,0.35,0.0,0.0,810346000.0,104905000.0,578203000.0,75339000.0,705441000.0,0.0,71445000.0,133200299.10000001,190871299.10000002,17.184849549635885,7.674683762725813,0.10367670106349633,0.8008579190696344,0.0,17.184849549635885,0.020656784709975694,14.606897587454766,15.366901142131981,1.2697230742099994,0.6479003230272266,0.0,0.010540516871857385,0.011253217761301962,0.5160275554493688,0.0026741663437593326,17.407252888133822,0.0,0.2499999999999998,-0.15206966640301145,0.13366016096162778,0.34418542024831683,0.0,0.2702227432590856,0.0,-0.2942373825098805,-0.045026060811720954,0.11657114717545464,Banks—Regional,Financial Services,AMNB
2009Q2,2009,Q2,2009-08-10,2009-06-30,1706000.0,9162000.0,0.0,0.28,0.0,0.0,811483000.0,102618000.0,616799000.0,59437000.0,708865000.0,0.0,70682000.0,117348654.5,144713654.5,16.833567529314962,10.37735753823376,0.08398081044211647,0.6641037634722953,0.0,16.833567529314962,0.01662476368668265,12.808191934075529,17.19646167936694,1.1435484466662769,0.8223915592028136,0.0,0.01195582519439965,0.01129043984901717,0.8959065901711055,0.0021023237701837255,-23.99277335923124,0.0,1.153846153846154,-0.35226456534309564,0.1108170589840205,0.3366179955512458,0.0,1.2213541666666667,0.0,-0.4245817857969079,-0.0702588485439803,0.1314868172314605,Banks—Regional,Financial Services,AMNB
2009Q1,2009,Q1,2009-05-11,2009-03-31,768000.0,7147000.0,0.0,0.13,0.0,0.0,829478000.0,101915000.0,611955000.0,73208000.0,727563000.0,0.0,70379000.0,94879168.8,150017168.8,16.75682892365305,8.35912741776855,0.10483460682501525,0.8532404454692636,0.0,16.75682892365305,0.0075356915076289065,13.275383909332586,30.885146093750002,0.9309637325221999,1.8216145833333333,0.0,0.014745070152848979,0.008616262275792727,0.6100562780024041,0.0009258835074589079,129.43952087312414,0.0,-0.5357142857142857,-0.7112419783562149,-0.11134924627702744,0.2949763047180549,0.0,-0.5436720142602496,0.0,-0.7143997729076758,-0.19259478176830253,0.23138615904932175,Banks—Regional,Financial Services,AMNB
2008Q4,2008,Q4,2009-03-16,2008-12-31,1683000.0,8597000.0,0.0,0.28,0.0,0.0,789184000.0,102300000.0,606394000.0,11599000.0,686884000.0,0.0,71090000.0,103393966.0,121551966.0,16.820130490013316,52.279851711354425,0.053543913713405236,0.41305962854349954,0.0,16.820130490013316,0.016451612903225808,12.026749563801326,15.358580808080808,1.0106937047898337,0.8318478906714201,0.0,0.013540442002195757,0.010893530532803503,3.1927752392447624,0.0021325825156110617,308.63870447761195,0.0,-0.22222222222222213,-0.36628767169079907,0.08574347376992306,0.320783365970634,0.0,-0.24325539568345322,0.0,-0.4374920093016053,-0.03921925150141525,0.2466947201007081,Banks—Regional,Financial Services,AMNB
2008Q3,2008,Q3,2008-11-06,2008-09-30,2224000.0,8918000.0,0.0,0.36,0.0,0.0,800645000.0,102714000.0,617936000.0,29479000.0,697931000.0,0.0,70962000.0,109689318.0,136867318.0,16.855351402585985,20.961905084975747,0.0753942134154338,0.5876900909321028,0.0,16.855351402585985,0.021652355083046127,12.299766539582865,12.330184127697843,1.067910099889012,0.6294964028776978,0.0,0.012763321219665164,0.011138519568597818,1.5995115166728857,0.002777760430652786,-4769.100782608695,0.0,0.2,-0.13893283976457985,0.12702921713681425,0.3458709791915081,0.0,0.22940851299060255,0.0,-0.14026878706284224,0.015113050894406057,0.275428413588476,Banks—Regional,Financial Services,AMNB
2008Q2,2008,Q2,2008-08-08,2008-06-30,1809000.0,8571000.0,0.0,0.3,0.0,0.0,790695000.0,101896000.0,605844000.0,0.0,688799000.0,0.0,70233000.0,111291858.0,161536858.0,16.7092367170292,0.0,0.09939610089857658,0.7712962236005338,0.0,16.7092367170292,0.017753395619062574,12.984699334966749,15.380300995024877,1.0922102732197536,0.7761194029850746,0.0,0.012615478124194853,0.010839830781780585,0.0,0.002287860679528769,-87.70043971631206,0.0,-0.21052631578947373,-0.26496377767283763,0.08736541598275006,0.35931511325098364,0.0,-0.21518438177874186,0.0,-0.33034181317806505,-0.022505381507424267,0.28250030451173097,Banks—Regional,Financial Services,AMNB
2008Q1,2008,Q1,2008-05-09,2008-03-31,2305000.0,8860000.0,0.0,0.38,0.0,0.0,785049000.0,102873000.0,586156000.0,0.0,682176000.0,0.0,69866000.0,129852508.32000001,142068508.32,16.842801177242595,0.0,0.046804721743483525,0.357178268350296,0.0,16.842801177242595,0.022406267922584155,14.656039313769753,14.08378615184382,1.2622603435303725,0.6082429501084599,0.0,0.010796864982731047,0.01128591973239887,0.0,0.002936122458598126,45.65840658227848,0.0,-0.15555555555555556,-0.06929751690282898,0.13679647001515585,0.36707343513570856,0.0,-0.16936936936936936,0.0,-0.19488219368179174,0.009812737779142966,0.31213933648871883,Banks—Regional,Financial Services,AMNB
2007Q4,2007,Q4,2008-03-14,2007-12-31,2775000.0,9361000.0,0.0,0.45,0.0,0.0,772288000.0,101511000.0,576871000.0,0.0,670777000.0,0.0,69409000.0,121973405.03999999,140425405.04,16.619808796312668,0.0,0.04759364382199387,0.3620888376629134,0.0,16.619808796312668,0.02733693885391731,13.02995460314069,10.988595048648648,1.2015782037414664,0.5077477477477478,0.0,0.011551698499668285,0.0121211257976299,0.0,0.003593219109969338,35.95914063679245,0.0,-0.062499999999999944,0.06037324099789487,0.20781652495743036,0.3524321826647939,0.0,-0.0541922290388548,0.0,2.2098245397813066,0.25511819424469834,0.289934521553292,Banks—Regional,Financial Services,AMNB
2007Q3,2007,Q3,2007-11-08,2007-09-30,2934000.0,9622000.0,0.0,0.48,0.0,0.0,767554000.0,99334000.0,581064000.0,0.0,668220000.0,0.0,68188000.0,135094304.64000002,144648304.64000002,16.198521661083106,0.0,0.03855624490263877,0.29792417500553686,0.0,16.198521661083106,0.029536714518694506,14.040148060694245,11.511102985685072,1.3600006507338878,0.48023176550783914,0.0,0.010429751304133142,0.012535925811083,0.0,0.0038225323560296736,33.756697811094455,0.0,-0.02040816326530614,0.1264774634872278,0.23610876881198165,0.3453663543953304,0.0,-0.032002639392939625,0.0,0.14285012659941584,0.19077287319713757,0.2670356283023615,Banks—Regional,Financial Services,AMNB
2007Q2,2007,Q2,2007-08-09,2007-06-30,3031000.0,9714000.0,0.0,0.49,0.0,0.0,771137000.0,97249000.0,598898000.0,0.0,673888000.0,0.0,67122000.0,138379860.0,130222860.0,15.812290169971266,0.0,0.039721865245734546,0.31497496118212015,0.0,15.812290169971266,0.031167415603245277,14.245404570722668,11.413713295941934,1.4229437834836347,0.4665127020785219,0.0,0.010218249967878274,0.012596983415398302,0.0,0.003930559680056851,49.97466955579632,0.0,0.1136363636363636,0.22512831895552313,0.2901952042483684,0.34705293774214563,0.0,0.12093195266272189,0.0,0.14067409128877795,0.16736687086453425,0.2555265872938667,Banks—Regional,Financial Services,AMNB
2007Q1,2007,Q1,2007-05-09,2007-03-31,2704000.0,9352000.0,0.0,0.44,0.0,0.0,787544000.0,96640000.0,597574000.0,0.0,690904000.0,0.0,65726000.0,140867858.56,130875858.56,15.69643510310206,0.0,0.04529143768475158,0.36909147350993377,0.0,15.69643510310206,0.027980132450331124,15.062859127459367,13.024025384615385,1.457655821192053,0.5011094674556213,0.0,0.00961894369554048,0.011874892069522464,0.0,0.0034334589559440487,65.39826302692664,0.0,-0.06382978723404249,0.16265414714665213,0.3057397816862269,0.38968714756722117,0.0,-0.07302022625985602,0.0,0.004314898855549214,0.14868833323792713,0.2130285282300664,Banks—Regional,Financial Services,AMNB
