Quarters,Year,Quarter,FillingDate,Date,NetIncome,Revenue,OperatingIncome,EPSDiluted,GrossProfit,GrossProfitRatio,TotalAssets,CommonStockEquity,CurrentAssets,CurrentLiability,TotalLiability,Inventory,RetainedEarnings,MarketCap,EnterpriseValue,bookValuePerShare,currentRatio,debtToAssets,debtToEquity,roic,shareholdersEquityPerShare,roe,priceToSalesRatio,peRatio,pbRatio,payoutRatio,inventoryTurnover,dividendYield,assetTurnover,quickRatio,returnOnAssets,priceToFreeCashFlowsRatio,grossProfitMargin,epsdilutedGrowth,fiveYNetIncomeGrowthPerShare,fiveYRevenueGrowthPerShare,fiveYShareholdersEquityGrowthPerShare,grossProfitGrowth,netIncomeGrowth,operatingIncomeGrowth,threeYNetIncomeGrowthPerShare,threeYRevenueGrowthPerShare,threeYShareholdersEquityGrowthPerShare,Industry,Sector,Symbol
2023Q1,2023,Q1,2023-05-11,2023-03-31,5766691.0,7210634.0,333899.0,0.09,7146050.0,0.9910432287,1126423468.0,240747739.0,104511735.0,2504909.0,885576229.0,0.0,33426103.0,105506927.04,883900678.04,4.609274920836516,41.72276717437639,0.7785405186533276,3.6426772464932684,0.0002992655526126151,4.609274920836516,0.0239532509171353,14.63212902499281,4.573980426556582,0.4382468033895014,0.7482833742955882,0.0,0.040898916507766774,0.006401352781474542,41.9178153777243,0.005119469865306464,18.06024588737001,0.9910432286536801,-0.5,-0.7617533225350754,-0.7670536234855153,-0.25151795529685783,0.06018063001527504,1.7929462100202738,-0.9289480600038516,0.8498152332322347,-0.17867678179758129,0.05146157029047708,REIT—Mortgage,Real Estate,LFT
2022Q4,2022,Q4,2023-03-23,2022-12-31,2064734.0,7050205.0,4699365.0,0.18,6740408.0,0.9560584409,1127965537.0,242901997.0,1125804692.0,2360809.0,884964040.0,0.0,31250852.0,49472203.8,881895228.8,9.328749456275485,476.8724161929237,0.7768690720202385,3.6075518144052148,0.004135375775365597,9.328749456275485,0.008500275936389275,7.0171298281397485,5.990142531677204,0.20367145767023068,2.0935481277491435,0.0,0.08737472091348394,0.006250372700881552,476.8724161929237,0.0018304938690693348,10.867394217318871,0.9560584408538475,16.999999999999996,-0.7938592126922841,-0.4774477600490715,0.4788927849193514,0.23405334339556869,0.37623702321241104,10.372907525767957,0.5368611468708295,0.8032620028999365,1.0357994478875439,REIT—Mortgage,Real Estate,LFT
2022Q3,2022,Q3,2022-11-08,2022-09-30,1500275.0,5545581.0,413207.0,0.01,5462007.0,0.9849296223,1128666950.0,245167009.0,1098698032.0,372789.0,883400441.0,0.0,29186118.0,112819288.32000001,939915519.32,4.693884772060934,2947.2383358951042,0.7757660902536395,3.5713677405918838,0.000394447411885381,4.693884772060934,0.006119400020905749,20.343997918342552,18.799768095849096,0.4601732051150488,2.8762186932395726,0.0,0.038248060808189294,0.004913390083762088,2948.853115301149,0.0013292450886419594,32.78422032808837,0.9849296223425462,-0.75,1.1559473887865324,-0.9993686829910807,-0.27946146446146974,-0.14587129694945714,-0.5513333125987634,-0.9569200034071405,-0.6708661294895133,-0.35008044219219586,0.06353632046163048,REIT—Mortgage,Real Estate,LFT
2022Q2,2022,Q2,2022-08-08,2022-06-30,3343852.0,6472637.0,9591621.0,0.04,6394829.0,0.9879789335,1130311822.0,247996564.0,1076638715.0,347481.0,882215758.0,0.0,27685843.0,124298215.58,960131516.58,4.748514043953582,3098.4103159597216,0.7740178771659348,3.5277970907693703,0.008476923616603077,4.748514043953582,0.013483461004725856,19.203643828628117,9.2930410481684,0.5012094263531812,1.2925987753046486,0.0,0.034773298875060164,0.005726417147922213,3217.6503607391483,0.002958344710651005,33.238905207592374,0.9879789334702379,-0.5061728395061729,1.5324524007112654,1.2184663096169779,-0.4219218705210706,0.2406979602535321,0.13166817776776019,0.20902607916332896,0.13546933232734232,-0.2759622401492507,0.07942909036781198,REIT—Mortgage,Real Estate,LFT
2022Q1,2022,Q1,2022-05-09,2022-03-31,2954799.0,5154219.0,7933345.0,0.081,5154219.0,1.0,1129857776.0,248981343.0,48565009.0,817051.0,880776933.0,0.0,24341991.0,99913968.48,928256627.48,6.827962998552692,59.439385056746765,0.7737161247806468,3.5110629955916015,0.006941967552127027,6.827962998552692,0.011867551859096527,19.384890025045504,8.45353342816212,0.40129098540527997,1.1596589141934865,0.0,0.034295094591162215,0.004561829913006679,59.439385056746765,0.002615195525281759,21.930705253458488,1.0,-0.45999999999999996,-0.3738442264332385,-0.5765547966084814,-0.13716998180509704,0.0,-0.19353039096103053,-0.2519322749510708,0.3585039890920642,-0.21282835214324433,0.546373372944384,REIT—Mortgage,Real Estate,LFT
2021Q4,2021,Q4,2022-03-15,2021-12-31,3663869.0,0.0,10605116.0,0.15,0.0,0.0,1048923353.0,169375500.0,1020552092.0,0.0,879547853.0,0.0,0.0,95799870.72,81050824.72,6.78917325369852,0.0,0.0,0.0,0.060798710598533215,6.78917325369852,0.021631635035763732,0.0,6.536796943340496,0.5656064231249502,0.0,0.0,0.0,0.0,0.0,0.003492980673488733,0.0,0.0,2.1313278917813077,-0.8038687980598794,-1.0,-0.26572591548403224,0.0,0.5430273223307284,0.0,8.922939907684814,-1.0,0.07137167475128188,REIT—Mortgage,Real Estate,LFT
2021Q3,2021,Q3,2021-11-09,2021-09-30,2374468.0,4839371.0,0.0,0.047903,0.0,0.0,1050018047.0,169062042.0,0.0,0.0,880856505.0,0.0,17723323.0,103118997.96,931989445.96,6.492360278555989,0.0,0.8313674012500092,5.1634936185143205,0.0,6.492360278555989,0.014044950433048715,21.308347295547293,10.85706334640012,0.6099476661946387,1.3325338560047977,0.0,0.03068357007529634,0.004608845546823254,0.0,0.002261359227857157,21.20083980977448,0.0,0.250013047335734,-0.07134099386682088,-0.421041997463344,-0.33867765819029655,0.0,0.4131702457146054,0.0,-0.48208745944649667,-0.2789304802332986,0.05561613399050281,REIT—Mortgage,Real Estate,LFT
2021Q2,2021,Q2,2021-08-09,2021-06-30,1680242.0,5350213.0,0.0,0.038322,0.0,0.0,1041963035.0,170137510.0,0.0,0.0,871726025.0,0.0,15348855.0,109612300.96,960741052.96,6.534658161782283,0.0,0.8308409942776904,5.088270093996321,0.0,6.534658161782283,0.009875788119856697,20.487464884108352,16.30900503617931,0.6442571127319308,1.340522972286135,0.0,0.02054881596566386,0.005134743575620223,0.0,0.0016125735209023035,28.185671549834826,0.0,-0.6363653616229858,1.2412297850262939,43.65308639362917,-0.3458003536132527,0.0,-0.4017602094677038,0.0,1.0742346165428511,1.2516662318582912,0.07666334458813964,REIT—Mortgage,Real Estate,LFT
2021Q1,2021,Q1,2021-05-11,2021-03-31,2808643.0,4641466.0,0.0,0.105386,0.0,0.0,567406572.0,114166568.0,11717804.0,290670.0,453140504.0,0.0,13668613.0,91905152.61999999,529190752.62,4.3850423349637,40.31308356555544,0.7913257021633511,3.93287993031375,0.0,4.3850423349637,0.024601273815991385,19.800888904496983,8.180565545354108,0.8050093318036853,1.1545219524161667,0.0,0.03528246140243448,0.008180141417184714,166.61505487322393,0.004949965577769163,28.971296892490358,0.0,0.06735737441388827,1.0970397079860217,1.2335891568633461,-0.5705631176846305,-1.0,0.1378459446780204,-1.0,-0.7672116930086038,-0.6991831700664263,-0.2879302039141954,REIT—Mortgage,Real Estate,LFT
2020Q4,2020,Q4,2021-03-15,2020-12-31,2468386.0,4762243.0,7973.522,0.09873544,4762243.0,1.0,621489779.0,113603652.0,11375960.0,338423.0,507786627.0,0.0,10859970.0,81750000.0,109930238.0,4.54414608,33.61461839177597,0.06364738300869144,0.3481947745834791,5.2892849777798504e-05,4.54414608,0.021728051489048963,17.166280679083364,8.279701797044709,0.7196071478406346,0.8619753960685241,0.0,0.026026764525993885,0.007662624810439562,39.570528598824545,0.003971724207551288,22.73977739218286,1.0,0.030587547622775352,-0.4903263919389201,-0.6550484079076904,-0.6230226602169956,0.0,-0.032388740146059795,0.0,-0.743326789449044,-0.6323731966189476,-0.2796135341794629,REIT—Mortgage,Real Estate,LFT
2020Q3,2020,Q3,2020-11-06,2020-09-30,2551010.0,5019973.0,0.0,0.095805,0.0,0.0,637827526.0,114378664.0,14548916.0,480562.0,523349362.0,0.0,8391584.0,71076789.42,580574285.42,4.393188764828145,30.274794927605594,0.8140408070127723,4.539462307410759,0.0,4.393188764828145,0.022303198085964704,14.15879914493564,6.965553782619433,0.6214165031688078,0.7333385600213249,0.0,0.026320181528537028,0.007870423892618269,44.21501283913418,0.003999529490359436,20.462944482399145,0.0,0.24999999999999994,2.15393650898395,0.10256848137584994,-0.6414244549808187,0.0,0.357856989635935,0.0,1.531965962755509,-0.9988535205678212,-0.3256200455121646,REIT—Mortgage,Real Estate,LFT
2020Q2,2020,Q2,2020-08-07,2020-06-30,1878703.0,4988074.0,0.0,0.076644,0.0,0.0,655651908.0,113962019.0,0.0,0.0,541590389.0,0.0,5840574.0,68983419.35,597907487.35,4.377854174171203,0.0,0.8202232243027348,4.718948705182206,0.0,4.377854174171203,0.01648534324405046,13.829670399837692,9.179660030084584,0.6053193858385397,0.9995810939781328,0.0,0.027222715511854373,0.007607808257914808,0.0,0.002865396984401058,24.825342096266304,0.0,0.3333333333333334,-0.7250472182371112,-0.6503654773958305,-0.6547498469475858,0.0,0.21076117295483385,0.0,1.6001792334668417,2.429995634934827,-0.4670455370435563,REIT—Mortgage,Real Estate,LFT
2020Q1,2020,Q1,2020-05-11,2020-03-31,1551671.0,4369791.0,0.0,0.057483,0.0,0.0,664017213.0,113964641.0,0.0,0.0,549953072.0,0.0,3961871.0,48095301.0,582604348.0,4.383683675251351,0.0,0.8220319493434578,4.789585253903446,0.0,4.383683675251351,0.013615372157404507,11.006316091547628,7.748952741915007,0.4220195016452516,1.1451602820443252,0.0,0.03694564672752542,0.0065808399457861644,0.0,0.00233679333851847,20.27628227342519,0.0,0.11408314457230989,1.178732858276854,3.5895239128215923,-0.6771654063699136,0.0,0.2695668893516227,0.0,-0.5387898917737466,-0.496453312238628,-0.4460465198655055,REIT—Mortgage,Real Estate,LFT
2019Q4,2019,Q4,2020-03-16,2019-12-31,1222205.0,3556784.0,0.0,0.05159668762609939,0.0,0.0,657901998.0,108545212.0,0.0,0.0,549257286.0,0.0,2410200.0,76511154.72,610883145.72,4.58235189421802,0.0,0.8288682929338056,5.023843023126621,0.0,4.58235189421802,0.011259870218872483,21.511330100450294,15.650229445960376,0.7048782098283617,1.459718296030535,0.0,0.023317841777829595,0.0054062520114128,0.0,0.0018577310962961994,35.76477534581599,0.0,-0.40160408667904446,1.209619239508419,1.2059149128086128,-0.6847438011592257,0.0,-0.433573800091577,0.0,-0.9310931696684895,-0.8395525594840317,-0.5044017708306432,REIT—Mortgage,Real Estate,LFT
2019Q3,2019,Q3,2019-11-07,2019-09-30,2157748.0,4039149.0,0.0,0.086225,0.0,0.0,657351216.0,109121953.0,0.0,0.0,548129763.0,0.0,1187995.0,83075183.52,617488405.52,4.413469179899321,0.0,0.8286496301240583,4.9917897088956975,0.0,4.413469179899321,0.01977372967289176,20.567496648427674,9.625218459245472,0.7613058714225908,0.8233468412437411,0.0,0.021385146860040307,0.006144582837434046,0.0,0.0032824887936314397,29.579743722307438,0.0,0.5000086982238227,-0.7350853662975756,-0.6905207519693611,-0.6949337986387644,0.0,0.547693609818028,0.0,-0.11120389477772238,-0.4910683219093797,-0.5504368752922713,REIT—Mortgage,Real Estate,LFT
2019Q2,2019,Q2,2019-08-07,2019-06-30,1394170.0,4232180.0,0.0,0.057483,0.0,0.0,657354399.0,108766622.0,0.0,0.0,548488277.0,0.0,-969753.0,83569678.66,620581099.66,4.3990977140847125,0.0,0.8278269192810255,5.003149468041768,0.0,4.3990977140847125,0.012817994844043239,19.746248661446344,14.985561061420055,0.7683393776815097,1.194715852442672,0.0,0.0199311164851618,0.0064382013818393875,0.0,0.002120880307670992,-514.7057146904486,0.0,-0.03628626987788578,-0.8516716603757959,-0.7039305843566481,-0.7654390689987551,0.0,-0.05465066685110258,0.0,1.2107754346040474,36.52946657950902,-0.5595962179313075,REIT—Mortgage,Real Estate,LFT
2019Q1,2019,Q1,2019-05-10,2019-03-31,1474767.0,4439661.0,0.0,0.05964738096313747,0.0,0.0,659406989.0,109171387.0,0.0,0.0,550136102.0,0.0,-2363923.0,84064173.8,614184559.8,4.415468552431071,0.0,0.8246205698010883,4.980797459319629,0.0,4.415468552431071,0.01350873191709106,18.934818176432838,14.250416133531601,0.7700202050194709,1.3170711034353224,0.0,0.0231058358418078,0.006732808529574139,0.0,0.0022365049576385364,33.6673766662141,0.0,3.0301898213188054,1.2159999449383556,2.7515045208358124,-0.7429699090987946,0.0,3.206708978107395,0.0,1.0536549104967663,1.2352775227110149,-0.5675834109972729,REIT—Mortgage,Real Estate,LFT
2018Q4,2018,Q4,2019-03-18,2018-12-31,350575.0,4333722.0,0.0,0.014800141831438343,0.0,0.0,679352035.0,150103838.0,0.0,0.0,529148697.0,0.0,-3838690.0,67745600.78,583072987.78,6.336898215341209,0.0,0.7701607149818871,3.4856553701178514,0.0,6.336898215341209,0.002335549874480891,15.632198092078818,48.310347842829636,0.45132490736179576,6.5695015331954645,0.0,0.03399634771088969,0.0063791992615433914,0.0,0.0005160432028440159,57.67212589429524,0.0,-0.8970124013176834,-0.9893739829454385,-0.8849911419336934,-0.570990934391375,0.0,-0.919464069362324,0.0,-0.9236014779794883,-0.6686914882547625,-0.47429792316557806,REIT—Mortgage,Real Estate,LFT
2018Q3,2018,Q3,2018-11-14,2018-09-30,4353026.0,6372255.0,0.0,0.143708,0.0,0.0,680811728.0,152062266.0,0.0,0.0,528749462.0,0.0,-4189265.0,92469065.26,605506973.26,6.150304139453783,0.0,0.7681271304421478,3.439051467245661,0.0,6.150304139453783,0.028626602210439243,14.511199765232245,5.310619857313051,0.6081000085846413,0.20227515296255985,0.0,0.009522200722200747,0.00935979028845402,0.0,0.006393876340508635,17.542008243518243,0.0,1.1595743145182333,1.0794975401884788,1.127253236433104,-0.48353592686972136,0.0,1.202559945962001,0.0,3.0734869388749217,0.4737968660453583,-0.4980073070170848,REIT—Mortgage,Real Estate,LFT
2018Q2,2018,Q2,2018-08-09,2018-06-30,-21490063.0,-20184521.0,0.0,-0.900571,0.0,0.0,459532284.0,150034960.0,0.0,0.0,309497324.0,0.0,-6105601.0,84295404.60000001,318135364.6,6.0693606730728,0.0,0.6685504037405128,2.047659385519215,0.0,6.0693606730728,-0.14323370366479918,-4.176240030665083,-0.9806323578483693,0.5618384181926666,-0.10709596337618926,0.0,0.027302781342839654,-0.04392405431083923,0.0,-0.04676507777198957,21.520053315455996,0.0,-3.088886053928675,-1.8412388014717274,-1.6655684031979459,-0.5099008957436765,0.0,-2.8992543526292534,0.0,-4.311974625282629,-2.4898727977643125,-0.5213527865611491,REIT—Mortgage,Real Estate,LFT
2018Q1,2018,Q1,2018-05-10,2018-03-31,11315000.0,14470123.0,0.0,0.431125,0.0,0.0,2541970671.0,150361123.0,0.0,0.0,2391609548.0,0.0,15384462.0,71052166.32000001,1221751254.32,6.158163650625199,0.0,0.46930373729713265,7.933941381908939,0.0,6.158163650625199,0.07525216475005976,4.910266921711723,1.5698666884666372,0.4725434667044885,0.2823857711003093,0.0,0.04496970557674053,0.005692482279627372,0.0,0.00445127086991477,37.595747878590345,0.0,0.25,-0.27410189717643096,-0.2749849343439515,-0.873539359942683,0.0,0.27267418371139013,-1.0,2.387732947370643,10.130153237470521,-0.5464845534176999,REIT—Mortgage,Real Estate,LFT
2017Q4,2017,Q4,2018-03-16,2017-12-31,8890728.0,11975928.0,8890728.0,0.3449,0.0,0.0,2612541116.0,145791277.0,0.0,0.0,2466749839.0,0.0,4069462.0,92449548.0,1281725270.0,6.307928168561733,0.0,0.46836509232568957,8.392978552482258,0.006492357903149105,6.307928168561733,0.06098257853931823,7.719614546780843,2.599605679084997,0.6341226299842342,0.47261011696679955,0.0,0.04545017353681383,0.004584015128663721,0.0,0.003403095915141953,27.999055084056632,0.0,2.5652158128094467,-0.723816865512689,-0.6742760569502336,-0.5729522113879681,0.0,3.088821444354618,3.088821444354618,2.5627943845785515,6.612334690731872,-0.566027772879984,REIT—Mortgage,Real Estate,LFT
2017Q3,2017,Q3,2017-11-08,2017-09-30,-4256337.0,3886358000.0,-4256337.0,-0.220353,0.0,0.0,2643682747.0,150538664.0,0.0,0.0,2493144083.0,0.0,-4821266.0,103064168.67999999,1321165167.68,6.514411846901049,0.0,0.4723168343164287,8.294585808201406,-0.003041990880281672,6.514411846901049,-0.02827404526454413,0.026519473676897495,-6.0535719258132055,0.6846358665704646,-0.9870924224280173,0.0,0.04076487545390057,1.4700546063668811,0.0,-0.0016100029418545053,57.22928863861882,0.0,-0.8324859219040037,-1.3885509759354437,318.84902011559524,0.0,0.0,-0.8533443991063198,-0.8533443991063198,-1.559114066761961,317.59844292025304,-0.5497132085372195,REIT—Mortgage,Real Estate,LFT
2017Q2,2017,Q2,2017-08-07,2017-06-30,-2296571.0,1066945.0,-2296571.0,-0.12024812707485748,0.0,0.0,2633713110.0,156881865.0,0.0,0.0,2476831245.0,0.0,-564929.0,93201172.88,1329781563.88,8.214311875513815,0.0,0.48524819356653465,8.146285926674826,-0.0016005246196515261,8.214311875513815,-0.014638855804015333,87.35330582176213,-10.145688167271988,0.594085064452797,-1.5289738484026838,0.0,0.03767545934771717,0.0004051105627066571,0.0,-0.000871989812132575,212.4935828201556,0.0,-2.5689176853355447,-1.1163615368485116,-0.9544630177843032,-0.33669671170930704,0.0,-1.9693686445846827,-1.9693686445846827,-1.3163142480592347,-0.9033722371471381,-0.5620109471798836,REIT—Mortgage,Real Estate,LFT
2017Q1,2017,Q1,2017-05-10,2017-03-31,2369141.0,6110982.0,2369141.0,0.076644,0.0,0.0,2445946439.0,144872820.0,0.0,0.0,2301073619.0,0.0,1731642.0,93915735.92999999,1383275175.93,7.913450916829759,0.0,0.5405158407886135,9.125747645417546,0.0016150162447467308,7.913450916829759,0.0163532469375553,15.368354207228887,9.910315165918785,0.6482633245490769,1.482139729125451,0.0,0.037388814187829154,0.002498412026756568,0.0,0.0009685988876226574,-71.44907457379284,0.0,-0.888889372121444,-0.7972899197672286,-0.5916344037175573,-0.8374937522319895,0.0,-0.7946587585958234,-0.7946587585958234,1.4686322465269668,4.255993193102961,-0.5393478666323867,REIT—Mortgage,Real Estate,LFT
2016Q4,2016,Q4,2017-03-16,2016-12-31,11537580.0,14419747.0,11537580.0,0.689799,0.0,0.0,2299601203.0,142466865.0,0.0,0.0,2157134338.0,0.0,-637499.0,76579330.52,1388474982.52,9.246102234663411,0.0,0.5824618739338866,9.401695095908792,0.0077856833832847284,9.246102234663411,0.08098430466621133,5.310726361565151,1.6593456019373214,0.5375237990953194,1.9842656778977914,0.0,0.29895304443828924,0.006270542466749614,0.0,0.005017209064314444,39.81655033213678,0.0,17.000078284014407,-0.4623939095491828,-0.41171500395965227,-0.37403733728723215,0.0,6.710451256251854,6.710451256251854,-0.4623939095491828,-0.41171500395965227,-0.37403733728723215,REIT—Mortgage,Real Estate,LFT
2016Q3,2016,Q3,2016-11-09,2016-09-30,1496356.0,4891778.0,1496356.0,0.038322,0.0,0.0,2305574444.0,149609027.0,0.0,0.0,2155965417.0,0.0,-12175079.0,86559894.24,1454540991.24,9.81724019906797,0.0,0.6057369596693881,9.334808747870541,0.0009677756412221012,9.81724019906797,0.010001776162878194,17.694975986236496,14.461781527925174,0.5785740070350167,2.3448096575948503,0.0,0.040534592039492306,0.002121717653806541,0.0,0.0006490165623990582,63.7582297936031,0.0,1.1176463364841178,-0.7928660001984064,-0.38951721120933797,0.0,0.0,1.3670888901809175,1.3670888901809175,1.0443357278988845,1.1584889226533617,-0.17560957228381113,REIT—Mortgage,Real Estate,LFT
2016Q2,2016,Q2,2016-08-09,2016-06-30,-4076277.0,-73408.0,-4076277.0,-0.325739,0.0,0.0,2302685932.0,152199263.0,0.0,0.0,2150486669.0,0.0,-13671435.0,83498858.64,1506340444.64,9.988782778887575,0.0,0.6289951329758677,9.516328893130055,-0.0025467538948740205,9.988782778887575,-0.026782501568355162,-1137.4626558413252,-5.1210245672705765,0.548615394018038,-0.8606211010684505,0.0,0.04201410722420863,-3.187929321140266e-05,0.0,-0.0017702270827961092,-52.37523930793486,0.0,0.7213109564640074,-1.258877815778074,-1.0039270567792202,-0.19340870377615946,0.0,0.7594778238399813,0.7594778238399813,-1.258877815778074,-1.0039270567792202,-0.19340870377615946,REIT—Mortgage,Real Estate,LFT
2016Q1,2016,Q1,2016-05-10,2016-03-31,-16947614.0,-11634936.0,-16947614.0,-1.168826,0.0,0.0,2353833022.0,155668632.0,0.0,0.0,2198164390.0,0.0,-9595158.0,85371848.8,1783574553.8,10.21114514273,0.0,0.728264831862827,11.011941121188757,-0.00906346496407179,10.21114514273,-0.1088698075023875,-7.337543481115839,-1.2593490859539282,0.5484203702644473,-0.20714007293298042,0.0,0.04112046358775822,-0.004942974242970749,0.0,-0.007200006900064638,130.47375573494395,0.0,-7.033494808101324,-2.7413551000061367,-1.9336766168145596,-0.7903095754305423,0.0,-6.9412758048056435,-6.9412758048056435,-2.7413551000061367,-1.9336766168145596,-0.7903095754305423,REIT—Mortgage,Real Estate,LFT
2015Q4,2015,Q4,2016-03-23,2015-12-31,2852521.0,8131325.0,2852521.0,0.19372288154298037,0.0,0.0,2498366661.0,177494528.0,0.0,0.0,2320872133.0,0.0,7352456.0,80397135.0,1848668852.0,12.054162413623322,0.0,0.718234221986362,10.109677493832374,0.0014465799114884508,12.054162413623322,0.016071036285693268,9.88733508991462,7.046147513024444,0.45295556942465287,1.8572813311453273,0.0,0.06589704968964379,0.003254656382880703,0.0,0.0011417543487625013,-26.389159774003584,0.0,3.281475600730284,-0.8609133164682344,-0.6528647650479212,-0.18393119503739738,0.0,3.185777874497045,3.185777874497045,-0.8609133164682344,-0.6528647650479212,-0.18393119503739738,REIT—Mortgage,Real Estate,LFT
2015Q3,2015,Q3,2015-11-09,2015-09-30,-1305037.0,2687747.0,-1305037.0,-0.08491122214104375,0.0,0.0,2580602627.0,188302866.0,0.0,0.0,2392299761.0,0.0,4499936.0,97134791.28,1985687600.28,12.251780206018063,0.0,0.7424758538773665,10.175283997005122,-0.0006201651050825364,12.251780206018063,-0.006930521174329869,36.139856645733396,-18.60766998943325,0.5158434034668384,-4.059604440333875,0.0,0.05454208456296793,0.0010415191288573387,0.0,-0.0005057101726340295,-4150.88206828768,0.0,-1.4220428455599095,-1.1791224147809383,-0.6674126558492772,0.0,0.0,-1.323563881972201,-1.323563881972201,-1.1791224147809383,-0.6674126558492772,0.0,REIT—Mortgage,Real Estate,LFT
2015Q2,2015,Q2,2015-08-10,2015-06-30,4033321.0,8421343.0,4033321.0,0.201191,0.0,0.0,2694357789.0,194844895.0,0.0,0.0,2499512894.0,0.0,5804973.0,128306333.8,2044253037.8,12.680238185170559,0.0,0.7222528377429238,9.987470079726748,0.0018839789694353219,12.680238185170559,0.020700162557505036,15.23585178753555,7.952896248525718,0.6585049805898173,1.58697782794873,0.0,0.049886788987185605,0.0031255474066514185,0.0,0.0014969507822852847,-62.3228083418094,0.0,1.5121944389285187,-0.7460008313318706,-0.5532716590324417,0.023925535333625556,0.0,1.786172304416463,1.786172304416463,-0.7460008313318706,-0.5532716590324417,0.023925535333625556,REIT—Mortgage,Real Estate,LFT
2015Q1,2015,Q1,2015-05-11,2015-03-31,-5130327.0,-997219.0,-5130327.0,-0.392802,0.0,0.0,2992456404.0,208612278.0,0.0,0.0,2783844126.0,0.0,1771651.0,163617717.9,2162230210.9,13.578729670694178,0.0,0.6766693173184821,9.706540053217768,-0.0022969737696628962,13.578729670694178,-0.024592641666086403,-164.0740077154567,-7.9730647724794155,0.784314899720332,-1.2474916316250406,0.0,0.039115812652463354,-0.000333244286756199,0.0,-0.0017144199638605662,72.66789213095504,0.0,-0.5958167143221066,-1.5230819836042215,-1.079408860596179,-0.7211547235924893,0.0,-0.42367664786312265,-0.35625630500022204,-1.5230819836042215,-1.079408860596179,-0.7211547235924893,REIT—Mortgage,Real Estate,LFT
2014Q4,2014,Q4,2015-03-16,2014-12-31,-3603576.0,996528.0,-3782712.0,-0.24614480878329434,0.0,0.0,2922209557.0,212798130.0,0.0,0.0,2709411427.0,0.0,11359522.0,158112702.0,2228447849.0,14.535326858179934,0.0,0.7195272587358799,9.88077024924984,-0.001633713244303553,14.535326858179934,-0.016934246555644076,158.66358195655314,-10.969152724959875,0.7430173470039422,-1.7760247043492352,0.0,0.04047770937467124,0.00034101866432298443,0.0,-0.0012331682344162561,18.030944362412708,0.0,-1.9175777106980088,-1.1767239102038307,-0.957211032320171,-0.01595594850374914,0.0,-1.7158435979783184,0.0,-1.1767239102038307,-0.957211032320171,-0.01595594850374914,REIT—Mortgage,Real Estate,LFT
2014Q3,2014,Q3,2014-11-14,2014-09-30,5034027.0,8066388.0,0.0,0.268255,0.0,0.0,2243760924.0,221074577.0,0.0,0.0,2022686347.0,0.0,14963098.0,160450878.0,1452285193.0,14.467250584319022,0.0,0.5851295594628155,5.93867851661659,0.0,14.467250584319022,0.022770718679244607,19.891291864462755,7.968316320115089,0.7257771570902972,1.2711324353246416,0.0,0.03988083505532453,0.003595030073712078,0.0,0.002243566569929266,32.550214288583405,0.0,-0.17647257466867639,-0.30505955933878043,0.00392524578550831,0.0,0.0,0.13773375229314047,-1.0,-0.30505955933878043,0.00392524578550831,0.0,REIT—Mortgage,Real Estate,LFT
2014Q2,2014,Q2,2014-08-14,2014-06-30,4424609.0,6729052.0,4424609.0,0.325739,0.0,0.0,758203728.0,218284684.0,0.0,0.0,539919044.0,0.0,9929071.0,131404208.38999999,75589265.38999999,18.754605446468684,0.0,0.0,0.0,0.020269901300083885,18.754605446468684,0.020269901300083885,19.527893140073814,7.424622627106711,0.6019854713672902,1.0480932891471315,0.0,0.03529112999361831,0.008874991973133638,0.0,0.005835646590226209,31.305529415772714,0.0,2.0,-0.6321331158414302,-0.5287381093046992,0.5144289201290013,0.0,2.7410987559783004,2.7410987559783004,-0.6321331158414302,-0.5287381093046992,0.5144289201290013,REIT—Mortgage,Real Estate,LFT
2014Q1,2014,Q1,2014-05-09,2014-03-31,-2541274.0,-943453.0,-2541274.0,-0.325739,0.0,0.0,600868629.0,158090794.0,0.0,0.0,442777835.0,0.0,5504462.0,102609748.2,63782531.2,17.178800104491437,0.0,0.0,0.0,-0.01607477535978471,17.178800104491437,-0.01607477535978471,-108.75978792796249,-10.094321607980879,0.6490558090308535,-1.449738202177333,0.0,0.03590479525219222,-0.0015701485390744205,0.0,-0.004229333796689193,36.022999237129234,0.0,-1.2344831011698276,-1.432556832644479,-1.1254196713762998,-0.6472256698780424,0.0,-1.2365625370025461,-1.2365624709390461,-1.432556832644479,-1.1254196713762998,-0.6472256698780424,REIT—Mortgage,Real Estate,LFT
2013Q4,2013,Q4,2014-03-12,2013-12-31,10742504.0,12269443.0,10742507.0,1.389179,0.0,0.0,528201405.0,113925362.0,0.0,0.0,414276043.0,0.0,8045736.0,80367021.72,47304090.72,14.771012370918552,0.0,0.0,0.0,0.09429425381154374,14.771012370918552,0.09429422747851351,6.5501768678496655,1.8703046729142478,0.7054357371276117,0.25794442338583257,0.0,0.03447893104281132,0.02322872087021427,0.0,0.02033789364873045,26.650177581584995,0.0,1.6277055866280241,0.0,0.0,0.0,0.0,1.6313709522334037,1.6313711285528965,0.0,0.0,0.0,REIT—Mortgage,Real Estate,LFT
2013Q3,2013,Q3,2013-11-08,2013-09-30,-17014568.0,-15559931.0,-17014568.0,-2.213106,0.0,0.0,473728242.0,91488119.0,0.0,0.0,382240123.0,0.0,-2696768.0,87351162.0,71006674.0,11.908483976778694,0.0,0.0,0.0,-0.1859757112286897,11.908483976778694,-0.1859757112286897,-5.613852786365184,-1.2834760482899124,0.9547814837028182,-0.20845900994959143,0.0,0.04060438257249515,-0.03284569004015598,0.0,-0.03591630494345743,16.029106708940617,0.0,-3.138888700965208,-5.671943139717897,-4.85189563138035,0.0,0.0,-3.1347248186410184,-3.1347248186410184,-5.671943139717897,-4.85189563138035,0.0,REIT—Mortgage,Real Estate,LFT
2013Q2,2013,Q2,2013-08-07,2013-06-30,7970380.0,9462075.0,7970380.0,1.034699,0.0,0.0,659696466.0,95514475.0,0.0,0.0,564181991.0,0.0,14317800.0,102502660.14,81611248.14,12.383945655812713,0.0,0.0,0.0,0.08344682834722171,12.383945655812713,0.08344682834722171,10.833000175965632,3.215112081858079,1.0731636240475593,0.41719002105294856,0.0,0.0324397727381751,0.014343073652299965,0.0,0.012081889794449801,13.901229262616564,0.0,0.6119418098882062,0.0,0.0,0.0,0.0,4.21582813847658,4.21582813847658,0.0,0.0,0.0,REIT—Mortgage,Real Estate,LFT
2013Q1,2013,Q1,2013-05-03,2013-03-31,1528114.0,1956600.0,1528114.0,0.641896,0.0,0.0,1038363034.0,116562014.0,0.0,0.0,921801020.0,0.0,6347420.0,35258508.69,-8908516.310000002,48.69628722291828,0.0,0.0,0.0,0.013109879861890513,48.69628722291828,0.013109879861890513,18.02029474087703,5.768304702725059,0.3024871266380143,0.4339067635006289,0.0,0.018805645066549748,0.0018843120719183846,0.0,0.0014716567808788154,-14.042324979270166,0.0,0.0,0.0,0.0,0.0,0.0,0.0,0.0,0.0,0.0,0.0,REIT—Mortgage,Real Estate,LFT
2012Q3,2012,Q3,2012-09-30,2012-09-30,3656161.0,4055413.0,3656161.0,0.47404,0.0,0.0,,,,,,,,111835107.0,,,0.0,0.0,0.0,0.0,,0.0,27.57674914983998,7.647031066192107,0.0,,0.0,,0.0,0.0,0.0,0.0,0.0,0.0,0.0,0.0,0.0,0.0,0.0,0.0,0.0,0.0,0.0,REIT—Mortgage,Real Estate,LFT
