Quarters,Year,Quarter,FillingDate,Date,NetIncome,Revenue,OperatingIncome,EPSDiluted,GrossProfit,GrossProfitRatio,TotalAssets,CommonStockEquity,CurrentAssets,CurrentLiability,TotalLiability,Inventory,RetainedEarnings,MarketCap,EnterpriseValue,bookValuePerShare,currentRatio,debtToAssets,debtToEquity,roic,shareholdersEquityPerShare,roe,priceToSalesRatio,peRatio,pbRatio,payoutRatio,inventoryTurnover,dividendYield,assetTurnover,quickRatio,returnOnAssets,priceToFreeCashFlowsRatio,grossProfitMargin,epsdilutedGrowth,fiveYNetIncomeGrowthPerShare,fiveYRevenueGrowthPerShare,fiveYShareholdersEquityGrowthPerShare,grossProfitGrowth,netIncomeGrowth,operatingIncomeGrowth,threeYNetIncomeGrowthPerShare,threeYRevenueGrowthPerShare,threeYShareholdersEquityGrowthPerShare,Industry,Sector,Symbol
2023Q1,2023,Q1,2023-05-15,2023-03-31,-1154000.0,894000.0,-1611000.0,-0.0302,106000.0,0.1185682327,10167000.0,8587000.0,8860000.0,1367000.0,1580000.0,0.0,-89952000.0,30533642.580000002,25495642.580000002,0.22442215932954043,6.48134601316752,0.02852365496213239,0.033771980901362526,-0.14191944009466517,0.22442215932954043,-0.13438919296611157,34.153962617449665,-6.614740593587522,3.5557986002096196,0.0,0.0,0.0,0.08793154322809088,6.249451353328457,-0.11350447526310613,-52.82637124567474,0.1185682326621924,0.013071895424836522,0.7654303640712873,-0.21894547301073658,-0.6723685379710312,16.142857142857142,-0.066543438077634,-0.07043189368770764,0.5896640452193165,0.0,-0.21239063826597593,Pollution & Treatment Controls,Industrials,CLIR
2022Q4,2022,Q4,2023-03-31,2022-12-31,-1082000.0,50000.0,-1505000.0,-0.0306,-7000.0,-0.14,10925000.0,9552000.0,9733000.0,1147000.0,1373000.0,0.0,-88523000.0,18941549.632,12849549.632,0.2702984760734913,8.485614646904969,0.0328604118993135,0.037583752093802346,-0.12030340148317135,0.2702984760734913,-0.11327470686767169,378.83099264,-4.376513316081331,1.9829930519262984,0.0,0.0,0.0,0.004576659038901602,7.98256320836966,-0.09903890160183067,-24.503945190168174,-0.14,0.09198813056379827,0.7907962532519628,-0.8607349262380211,0.9691348455871402,-1.056910569105691,0.15270164447924825,-0.11729769858945806,0.4939831515855098,0.0,-0.21728946693528772,Pollution & Treatment Controls,Industrials,CLIR
2022Q3,2022,Q3,2022-11-14,2022-09-30,-1277000.0,324000.0,-1347000.0,-0.0337,123000.0,0.3796296296,11863000.0,10796000.0,10608000.0,828000.0,1067000.0,0.0,-87205000.0,34765845.138000004,29304845.138000004,0.28507082053262983,12.81159420289855,0.03531990221697716,0.038810670618747684,-0.11269265179436218,0.28507082053262983,-0.11828454983327158,107.30199116666668,-6.8061560567736885,3.2202524210818826,0.0,0.0,0.0,0.02731180982887971,12.20048309178744,-0.10764562083789934,-36.29002624008351,0.37962962962962965,0.3008298755186722,0.7871542795615687,0.0,-0.0839763436794291,0.0,0.20977722772277227,0.18855421686746987,0.5728713959488726,0.0,-0.2897225762565461,Pollution & Treatment Controls,Industrials,CLIR
2022Q2,2022,Q2,2022-08-15,2022-06-30,-1616000.0,0.0,-1660000.0,-0.0482,0.0,0.0,11397000.0,10193000.0,10098000.0,952000.0,1204000.0,-486000.0,-85893000.0,40585103.68,32057103.68,0.3038930267924352,10.607142857142858,0.04202860401860139,0.04699303443539684,-0.14686615708945547,0.3038930267924352,-0.15854017462964778,0.0,-6.278636089108911,3.9816642480133426,0.0,0.0,0.0,0.0,9.971638655462185,-0.1417916995700623,-21.541987091295116,0.0,-0.047826086956521754,0.6638359380421303,0.0,-0.3395806393175982,0.0,-0.10457963089542037,-0.0942649967040211,0.46975438770805383,0.0,-0.3613130203057037,Pollution & Treatment Controls,Industrials,CLIR
2022Q1,2022,Q1,2022-05-16,2022-03-31,-1463000.0,0.0,-1517000.0,-0.046,0.0,0.0,8644000.0,7564000.0,7339000.0,786000.0,1080000.0,0.0,-84255000.0,51876740.23,45715740.23,0.23766566567862393,9.337150127226463,0.05853771402128644,0.0668958223162348,-0.17368362153160372,0.23766566567862393,-0.19341618191433105,0.0,-8.864788145933014,6.85837390666314,0.0,0.0,0.0,0.0,8.826972010178118,-0.16925034706154557,-33.66433499675535,0.0,-0.17948717948717946,0.712817235158525,-1.0,-0.6182101447517124,-1.0,-0.19136807817589577,-0.23534201954397393,0.4982316425896625,0.0,-0.594932333423186,Pollution & Treatment Controls,Industrials,CLIR
2021Q4,2021,Q4,2022-03-31,2021-12-31,-1228000.0,54000.0,-1228000.0,-0.039,3000.0,0.0555555556,9363000.0,8282000.0,8024000.0,731000.0,1081000.0,0.0,-82765000.0,43457820.12,36405820.12,0.26299432342535084,10.976744186046512,0.059275873117590513,0.0670127988408597,-0.1389611859228245,0.26299432342535084,-0.14827336392175802,804.7744466666666,-8.847276083061889,5.247261545520406,0.0,0.0,0.0,0.005767382249279077,10.451436388508892,-0.1311545444836057,-37.30284988841201,0.05555555555555555,0.4428571428571429,0.7487792642735278,-0.9294021835488363,0.7418753946435097,1.0340909090909092,0.47811304717382064,0.4789987271955876,0.6098619067516379,0.0,-0.6045951815684506,Pollution & Treatment Controls,Industrials,CLIR
2021Q3,2021,Q3,2021-11-12,2021-09-30,-2353000.0,190000.0,-2357000.0,-0.07,-88000.0,-0.4631578947368421,10905000.0,9420000.0,9296000.0,1082000.0,1485000.0,0.0,-81538000.0,62982348.0,54746348.0,0.2991314328262262,8.591497227356747,0.055479138010087116,0.06422505307855626,-0.22173095014111008,0.2991314328262262,-0.24978768577494692,331.48604210526315,-6.691707182320442,6.686024203821656,0.0,0.0,0.0,0.01742320036680422,8.17097966728281,-0.2157725813846859,-32.99232477737035,-0.4631578947368421,0.0,0.7482733324470046,-0.6993253374617086,-0.10858908695010018,0.8257425742574257,-0.027510917030567687,0.07277734067663258,0.16688236292364048,0.0,-0.604525884452439,Pollution & Treatment Controls,Industrials,CLIR
2021Q2,2021,Q2,2021-08-20,2021-06-30,-2290000.0,0.0,-2542000.0,-0.07,-505000.0,0.0,13279000.0,11741000.0,11297000.0,1084000.0,1538000.0,0.0,-79185000.0,150311116.79999998,140321116.79999998,0.37493434417752924,10.421586715867159,0.04910008283756307,0.05553189677199557,-0.19486393254120352,0.37493434417752924,-0.19504301166851204,0.0,-16.40951056768559,12.802241444510688,0.0,0.0,0.0,0.0,9.916974169741698,-0.17245274493561263,-69.36369026303645,0.0,0.0,0.6114238834179904,0.0,-0.3933132097178682,-4.659420289855072,-0.13310242454230578,-0.25779317169717963,0.3460816933271911,0.0,-0.19225787402284092,Pollution & Treatment Controls,Industrials,CLIR
2021Q1,2021,Q1,2021-05-17,2021-03-31,-2021000.0,363000.0,-2021000.0,-0.07,138000.0,0.38016528925619836,13494000.0,11867000.0,11431000.0,869000.0,1626000.0,0.0,-76895000.0,173390923.28,163615923.28,0.38874330169608634,13.154200230149597,0.07040165999703572,0.08005393106935199,-0.14952648712636873,0.38874330169608634,-0.17030420493806353,477.66094567493116,-21.448654537357744,14.611184231903596,0.0,0.0,0.0,0.026900844819919965,12.874568469505178,-0.1497702682673781,-108.3016385259213,0.38016528925619836,-282.00490705779845,0.6709179869791727,0.0,-0.5097242930310966,1.4946236559139785,-292.494045890212,-0.08890086206896551,0.4850915710270915,-0.6024899044600528,-0.43247789492286376,Pollution & Treatment Controls,Industrials,CLIR
2020Q4,2020,Q4,2021-03-31,2020-12-31,-6886.0,0.0,-1856000.0,-0.0002473455344917529,-279000.0,0.0,9251000.0,9540000.0,8824000.0,1080000.0,1580000.0,0.0,0.0,81570019.21000001,72915019.21000001,0.3426773742450367,8.170370370370371,0.018268295319424928,0.017714884696016772,-0.1832724400118495,0.3426773742450367,-0.0007218029350104821,0.0,-2961.4442059976764,8.55031647903564,0.0,0.0,0.0,0.0,8.170370370370371,-0.0007443519619500594,-43.854849037634416,0.0,0.9958775744251375,0.9987556245351198,-1.0,-0.6493920611005083,-0.55,0.9958938580799046,-0.10673822301729279,0.9983099599820536,-1.0,1.4964179163064983,Pollution & Treatment Controls,Industrials,CLIR
2020Q3,2020,Q3,2020-11-13,2020-09-30,-1677000.0,0.0,-1677000.0,-0.06,-180000.0,0.0,13123000.0,10969000.0,11322000.0,1608000.0,2152000.0,0.0,-73020000.0,62917489.21999999,52695489.21999999,0.3940071402614054,7.041044776119403,0.03238588737331403,0.03874555565685112,-0.14138774133715537,0.3940071402614054,-0.15288540432126904,0.0,-9.379470664877758,5.735936659677272,0.0,0.0,0.0,0.0,6.768656716417911,-0.1277909014707003,-54.94977224454148,0.0,-0.1999999999999999,0.6064624600135892,0.0,-0.6604957762897655,-2.176470588235294,-0.20647482014388488,-0.16782729805013927,0.6197631060103391,0.0,0.26607086815941894,Pollution & Treatment Controls,Industrials,CLIR
2020Q2,2020,Q2,2020-08-14,2020-06-30,-1390000.0,0.0,-1436000.0,-0.05,153000.0,0.0,8132000.0,6340000.0,6267000.0,1203000.0,1790000.0,0.0,-71343000.0,55561571.52,50324571.52,0.23734389865580247,5.2094763092269325,0.05349237579931136,0.06861198738170347,-0.1968471555860178,0.23734389865580247,-0.2192429022082019,0.0,-9.9930884028777,8.763654813880127,0.0,0.0,0.0,0.0,4.770573566084788,-0.17092966060009837,-32.97422642136499,0.0,0.28571428571428575,0.6291520188918199,0.0,-0.8165616430208248,0.0,0.29190015282730514,0.2684666327050433,0.6369262673657597,0.0,-0.48420499322876953,Pollution & Treatment Controls,Industrials,CLIR
2020Q1,2020,Q1,2020-05-14,2020-03-31,-1963000.0,0.0,-1963000.0,-0.07,0.0,0.0,9386000.0,7610000.0,7457000.0,1395000.0,1773000.0,0.0,-69953000.0,19229247.36,12691247.36,0.28494094945170023,5.345519713261648,0.01789899850841679,0.022076215505913273,-0.2358241230177799,0.28494094945170023,-0.2579500657030223,0.0,-2.4489617116658176,2.5268393377135347,0.0,0.0,0.0,0.0,5.106093189964158,-0.20914127423822715,-13.09894234332425,0.0,-0.15687509900990104,0.47238612511264677,0.0,-0.8206058259406241,0.0,-0.21472772277227722,-0.21172839506172839,0.5408129513525162,-1.0,-0.5422663869648765,Pollution & Treatment Controls,Industrials,CLIR
2019Q4,2019,Q4,2020-03-30,2019-12-31,-1616000.0,0.0,-1620000.0,-0.06050782842496026,0.0,0.0,10942000.0,9223000.0,8982000.0,1298000.0,1716000.0,0.0,-67990000.0,20364307.099999998,12407307.099999998,0.3453364489872577,6.919876733436055,0.01617620179126302,0.01919115255339911,-0.16208104052026012,0.3453364489872577,-0.1752141385666269,0.0,-3.1504187964108907,2.2079916621489755,0.0,0.0,0.0,0.0,6.61864406779661,-0.14768780844452567,-13.362406233595799,0.0,0.24365214468799676,0.701315380026176,0.0,0.32618486300035426,0.0,0.2333965844402277,0.2422825070159027,0.6101859083571649,-1.0,1.2872473273561313,Pollution & Treatment Controls,Industrials,CLIR
2019Q3,2019,Q3,2019-11-13,2019-09-30,-2108000.0,0.0,-2138000.0,-0.08,0.0,0.0,12653000.0,10717000.0,10665000.0,1469000.0,1936000.0,0.0,-66374000.0,32843814.24,25409814.24,0.4013513748334974,7.26004084411164,0.013909744724571248,0.016422506298404405,-0.18533287101248266,0.4013513748334974,-0.19669683680134367,0.0,-3.8951392599620496,3.064646285341047,0.0,0.0,0.0,0.0,6.8951667801225325,-0.1666008061329329,-20.932959999999998,0.0,0.11111111111111106,0.5570164192800252,0.0,-0.23188918924027568,0.0,0.13107996702390767,0.12627707396812424,0.7340388012734711,-1.0,0.1960260816254591,Pollution & Treatment Controls,Industrials,CLIR
2019Q2,2019,Q2,2019-08-14,2019-06-30,-2426000.0,0.0,-2447000.0,-0.09,0.0,0.0,14240000.0,12704000.0,12316000.0,1457000.0,1536000.0,0.0,-64266000.0,32039745.599999998,22651745.599999998,0.47580902140496395,8.452985586822237,0.013342696629213483,0.014955919395465995,-0.18589987085011014,0.47580902140496395,-0.19096347607052896,0.0,-3.3017050288540806,2.5220202770780857,0.0,0.0,0.0,0.0,8.02127659574468,-0.17036516853932585,-15.636771888726207,0.0,0.0,0.4617579130674693,0.0,-0.3039217540218691,1.0,-0.04164877629884071,-0.029448885149347917,0.5171930990443636,0.0,-0.23008640721699916,Pollution & Treatment Controls,Industrials,CLIR
2019Q1,2019,Q1,2019-05-14,2019-03-31,-2329000.0,0.0,-2377000.0,-0.09,-1000.0,0.0,16489000.0,14916000.0,14232000.0,1532000.0,1573000.0,0.0,-61840000.0,21715662.032399997,15199662.032399997,0.5867307743595347,9.28981723237598,0.012978349202498636,0.01434700992223116,-0.15450113747156322,0.5867307743595347,-0.15614105658353447,0.0,-2.3310070880635463,1.4558636385358006,0.0,0.0,0.0,0.0,8.992819843342037,-0.14124567893747347,-9.97046006997245,0.0,0.09956710743801662,0.49573112636096744,0.0,-0.34160559167530286,0.6666666666666666,0.08343171979535616,0.08153013910355487,0.5446222186490549,0.0,-0.260026233392386,Pollution & Treatment Controls,Industrials,CLIR
2018Q4,2018,Q4,2019-03-12,2018-12-31,-2541000.0,0.0,-2588000.0,-0.09995192395062871,-3000.0,0.0,18637000.0,16909000.0,16411000.0,1637000.0,1728000.0,0.0,-59511000.0,25930666.44,17288666.44,0.6651267540657934,10.025045815516188,0.011589848151526532,0.012774262227216275,-0.148462597521799,0.6651267540657934,-0.15027500147850256,0.0,-2.5512265289256195,1.53354228162517,0.0,0.0,0.0,0.0,9.719609040928528,-0.13634168589365242,-11.754608540344515,0.0,-0.11057693278476352,0.21932696279629302,-1.0,0.5908544898355333,0.6666666666666666,-0.10863874345549739,-0.11792656587473002,0.497149919899279,-1.0,-0.3194802520484919,Pollution & Treatment Controls,Industrials,CLIR
2018Q3,2018,Q3,2018-11-08,2018-09-30,-2292000.0,0.0,-2315000.0,-0.09,-9000.0,0.0,20994000.0,19330000.0,18693000.0,1591000.0,1664000.0,0.0,-56970000.0,40889128.0,23047128.0,0.7563868811288907,11.749214330609679,0.0077641230827855574,0.00843248836006208,-0.11733995640934665,0.7563868811288907,-0.11857216761510606,0.0,-4.459983420593368,2.1153196068287636,0.0,0.0,0.0,0.0,11.387177875549968,-0.10917404972849386,-21.87754307116105,0.0,0.18181818181818185,0.4204358719329968,-1.0,0.3553063942063479,0.55,0.04060276266220176,0.03138075313807531,0.4140739659053314,0.0,-0.348243941132902,Pollution & Treatment Controls,Industrials,CLIR
2018Q2,2018,Q2,2018-08-13,2018-06-30,-2389000.0,0.0,-2390000.0,-0.11,-20000.0,0.0,11440000.0,9916000.0,9091000.0,1411000.0,1524000.0,0.0,-54678000.0,42725192.0,34646192.0,0.46417579586301216,6.442948263642807,0.0,0.0,-0.24102460669624848,0.46417579586301216,-0.240923759580476,0.0,-4.471033068229385,4.308712384025816,0.0,0.0,0.0,0.0,5.924167257264352,-0.20882867132867133,-15.0282068237777,0.0,0.15384615384615388,0.300405062563574,0.0,-0.34206707660705976,-1.1481481481481481,-0.048726953467954345,-0.04916593503072871,0.20300714650513477,0.0,-0.6412478019243562,Pollution & Treatment Controls,Industrials,CLIR
2018Q1,2018,Q1,2018-05-10,2018-03-31,-2278000.0,530000.0,-2278000.0,-0.13,135000.0,0.25471698113207547,14426000.0,12136000.0,12072000.0,2136000.0,2290000.0,0.0,-52289000.0,35877358.35,24995358.35,0.6849835419948079,5.651685393258427,0.0,0.0,-0.18770599868160845,0.6849835419948079,-0.18770599868160845,67.69312896226415,-3.937374709174715,2.95627540787739,0.0,0.0,0.0,0.03673922085124082,5.405430711610487,-0.15790933037571053,-18.230365015243905,0.25471698113207547,0.11174785190898563,0.16796876646027445,0.0,-0.19455291155208584,1.0454545454545454,0.12148091014269186,0.12148091014269186,0.07703764704979295,0.0,-0.568745534831406,Pollution & Treatment Controls,Industrials,CLIR
2017Q4,2017,Q4,2018-03-27,2017-12-31,-2593000.0,180000.0,-2593000.0,-0.14635483885897635,66000.0,0.36666666666666664,4161000.0,2432000.0,1797000.0,1534000.0,1729000.0,0.0,-50011000.0,63781970.4,62888970.4,0.13726763135558445,1.1714471968709257,0.03821196827685652,0.06537828947368421,-0.8804753820033956,0.13726763135558445,-1.066200657894737,354.34427999999997,-6.149437948322407,26.226139144736845,0.0,0.0,0.0,0.043258832011535686,0.9328552803129074,-0.6231675078106225,-28.172248409893992,0.36666666666666664,0.08528225713139784,-0.09625348360523252,0.0,-0.8604220889220588,5.4,-0.04894822006472492,-0.04767676767676768,0.2775490285503119,0.0,-0.4728553692564148,Pollution & Treatment Controls,Industrials,CLIR
2017Q3,2017,Q3,2017-11-09,2017-09-30,-2472000.0,0.0,-2475000.0,-0.16,-15000.0,0.0,6612000.0,4856000.0,4212000.0,1521000.0,1756000.0,0.0,-47418000.0,55393774.0,52272774.0,0.3112046491000956,2.769230769230769,0.0,0.0,-0.5096787479406919,0.3112046491000956,-0.5090609555189456,0.0,-5.602121156957928,11.407284596375618,0.0,0.0,0.0,0.0,2.3083497698882316,-0.3738656987295826,-28.42163878912263,0.0,-0.14285714285714277,-0.22459673110472683,0.0,-0.7217350935163036,0.0,-0.10554561717352415,-0.09951132829853399,0.11104175333783732,0.0,-0.40441301482613157,Pollution & Treatment Controls,Industrials,CLIR
2017Q2,2017,Q2,2017-08-14,2017-06-30,-2236000.0,0.0,-2251000.0,-0.14,0.0,0.0,8621000.0,7179000.0,6210000.0,1167000.0,1442000.0,0.0,-44946000.0,59285244.0,54255244.0,0.46015160197367155,5.32133676092545,0.0,0.0,-0.31355341969633654,0.46015160197367155,-0.3114639921994707,0.0,-6.628493291592128,8.258147931466779,0.0,0.0,0.0,0.0,4.766923736075407,-0.2593666628001392,-28.695665053242983,0.0,0.12499999999999993,-0.08294231745268031,0.0,-0.6747261132668311,-1.0,0.060109289617486336,0.05933974091099039,0.15100828064541053,0.0,-0.3268275598472738,Pollution & Treatment Controls,Industrials,CLIR
2017Q1,2017,Q1,2017-05-11,2017-03-31,-2379000.0,360000.0,-2393000.0,-0.16,109000.0,0.30277777777777776,10571000.0,9252000.0,8157000.0,1004000.0,1319000.0,0.0,-42710000.0,57963976.199999996,50907976.199999996,0.6225038785382705,8.124501992031872,0.0,0.0,-0.25864677907479466,0.6225038785382705,-0.25713359273670555,161.011045,-6.0912122950819665,6.265021206225681,0.0,0.0,0.0,0.034055434679784315,7.813745019920319,-0.22504966417557468,-24.151656749999997,0.30277777777777776,-0.030779921976592954,0.046064311226685674,0.0,41.569017301575755,2.4155844155844157,-0.031209362808842653,-0.036379385015158076,0.11893680472541944,0.0,-0.3014631399939395,Pollution & Treatment Controls,Industrials,CLIR
2016Q4,2016,Q4,2017-02-14,2016-12-31,-2307000.0,361000.0,-2309000.0,-0.15522227062124838,-77000.0,-0.21329639889196675,3786000.0,2244000.0,1897000.0,1542000.0,1542000.0,0.0,-40331000.0,50532697.199999996,49773697.199999996,0.15098343098139633,1.2302204928664073,0.0,0.0,-1.0289661319073085,0.15098343098139633,-1.0280748663101604,139.9797706371191,-5.47601833550065,22.519027272727275,0.0,0.0,0.0,0.09535129424194401,0.8832684824902723,-0.6093502377179081,-21.980294562853413,-0.21329639889196675,0.4825924312625054,-0.31651351057446314,0.0,-0.14077196776115583,-1.3615023474178405,0.4001560062402496,0.40072670646249675,-0.2123612698781221,4.117775076603687,-0.6388768492632786,Pollution & Treatment Controls,Industrials,CLIR
2016Q3,2016,Q3,2016-11-14,2016-09-30,-3846000.0,260000.0,-3853000.0,-0.3,213000.0,0.8192307692307692,6106000.0,4348000.0,4192000.0,1758000.0,1758000.0,0.0,-38024000.0,77742174.0,74184174.0,0.33557075468458086,2.38452787258248,0.0,0.0,-0.8861545538178472,0.33557075468458086,-0.8845446182152714,299.00836153846154,-5.053443447737909,17.879984820607174,0.0,0.0,0.0,0.04258106780216181,2.10580204778157,-0.6298722567965935,-42.833153719008266,0.8192307692307692,-0.5789473684210525,-0.8669720482798619,0.0,0.19168696660845003,0.0,-0.5820649938296997,-0.5778050778050778,-0.9181324791810151,2.5322364718022934,-0.3987188291078218,Pollution & Treatment Controls,Industrials,CLIR
2016Q2,2016,Q2,2016-08-11,2016-06-30,-2431000.0,0.0,-2442000.0,-0.19,0.0,0.0,9311000.0,7983000.0,5908000.0,1328000.0,1328000.0,0.0,-34178000.0,64716224.099999994,59343224.099999994,0.6180031445932272,4.448795180722891,0.0,0.0,-0.3059000375798572,0.6180031445932272,-0.3045221094826506,0.0,-6.655308936651583,8.106754866591507,0.0,0.0,0.0,0.0,4.045933734939759,-0.26108903447535176,-25.803917105263157,0.0,0.050000000000000044,-0.20039725691228077,0.0,0.43667357644615074,0.0,0.061027423715720355,0.06113033448673587,-0.1773187216686435,0.0,-0.12402882870642105,Pollution & Treatment Controls,Industrials,CLIR
2016Q1,2016,Q1,2016-05-12,2016-03-31,-2589000.0,0.0,-2601000.0,-0.2,0.0,0.0,11343000.0,10204000.0,8055000.0,1139000.0,1139000.0,0.0,-31747000.0,51347677.080000006,43466677.080000006,0.7929075338026956,7.071992976294996,0.0,0.0,-0.2549000392003136,0.7929075338026956,-0.25372402979223835,0.0,-4.958253870220163,5.032112610740886,0.0,0.0,0.0,0.0,6.919227392449517,-0.2282464956360751,-16.542421739690724,0.0,-0.006183893666927364,0.30462923230090067,0.0,0.0,-1.0,-0.012118842845973418,-0.011668611435239206,-0.30186360350000974,0.0,-0.0676490377419344,Pollution & Treatment Controls,Industrials,CLIR
2015Q4,2015,Q4,2016-03-03,2015-12-31,-2558000.0,61000.0,-2571000.0,-0.1987708223703739,11000.0,0.18032786885245902,14202000.0,12578000.0,11188000.0,1624000.0,1624000.0,0.0,-29158000.0,62415096.199999996,51430096.199999996,0.9773805331409551,6.889162561576355,0.0,0.0,-0.20440451582127525,0.9773805331409551,-0.2033709651772937,1023.1982983606557,-6.099989855355746,4.962243297821593,0.0,0.0,0.0,0.004295169694409238,6.764162561576355,-0.18011547669342345,-36.758007184923436,0.18032786885245902,-0.3251388158024928,-7.41682679249828,0.0,10.513897373874046,0.0,-0.30443651198368177,-0.3057389537836465,-0.4888691632024893,0.0,-0.006169686204694342,Pollution & Treatment Controls,Industrials,CLIR
2015Q3,2015,Q3,2015-11-12,2015-09-30,-1961000.0,0.0,-1969000.0,-0.15,0.0,0.0,16323000.0,14868000.0,12917000.0,1340000.0,1455000.0,0.0,-26600000.0,79302027.47,66619027.47,1.1605367849493646,9.63955223880597,0.0,0.0,-0.13243206887274683,1.1605367849493646,-0.13189400053806832,0.0,-10.10989641381948,5.333738732176487,0.0,0.0,0.0,0.0,9.464925373134328,-0.12013722967591742,-41.26015997398543,0.0,-0.07142857142857129,-3.215744946386954,0.0,0.0,0.0,-0.09187082405345212,-0.08784530386740332,-0.1832082333015349,0.0,0.037698700416765055,Pollution & Treatment Controls,Industrials,CLIR
2015Q2,2015,Q2,2015-08-13,2015-06-30,-1796000.0,0.0,-1810000.0,-0.14,0.0,0.0,18029000.0,16561000.0,14860000.0,1259000.0,1468000.0,0.0,-24639000.0,69246193.06,54640193.06,1.2938618867086062,11.803018268467037,0.0,0.0,-0.10929291709437836,1.2938618867086062,-0.10844755751464284,0.0,-9.638946695434297,4.18128090453475,0.0,0.0,0.0,0.0,11.601270849880859,-0.09961728326584947,-40.42393056625803,0.0,0.0,0.1049997120628592,0.0,2.0078442164376473,0.0,-0.13455464308275428,-0.13693467336683418,-0.060240123864722224,0.0,-0.08538950428406933,Pollution & Treatment Controls,Industrials,CLIR
2015Q1,2015,Q1,2015-05-14,2015-03-31,-1583000.0,0.0,-1592000.0,-0.14,0.0,0.0,19242000.0,18049000.0,16301000.0,888000.0,1193000.0,0.0,-22843000.0,60112153.24,43922153.24,1.5883511878005054,18.35698198198198,0.0,0.0,-0.08820433265000831,1.5883511878005054,-0.08770569006593162,0.0,-9.493391225521163,3.3304977140007757,0.0,0.0,0.0,0.0,18.23198198198198,-0.08226795551397983,-28.76179580861244,0.0,0.3089184013900955,0.5184885853488171,0.0,0.0,0.0,0.31233709817549954,0.308727746417716,0.1697812844272825,0.0,107.61707296222299,Pollution & Treatment Controls,Industrials,CLIR
2014Q4,2014,Q4,2015-02-26,2014-12-31,-2302000.0,0.0,-2303000.0,-0.2025809980783846,0.0,0.0,4599000.0,2959000.0,1954000.0,1235000.0,1640000.0,0.0,-21260000.0,83293399.48,81448399.48,0.2603984245499305,1.5821862348178137,0.0,0.0,-0.7783034809057114,0.2603984245499305,-0.7779655288948969,0.0,-9.045764496090356,28.14917184183846,0.0,0.0,0.0,0.0,1.4939271255060729,-0.5005435964340074,-56.54677493550577,0.0,-0.12544998932435886,-7.578166312055906,0.0,3.5347383168406514,0.0,-0.33759442184776295,-0.33739837398373984,-0.7181852828748919,0.0,0.48189522830290304,Pollution & Treatment Controls,Industrials,CLIR
2014Q3,2014,Q3,2014-11-13,2014-09-30,-1721000.0,0.0,-1722000.0,-0.18,0.0,0.0,6031000.0,5046000.0,3426000.0,949000.0,985000.0,0.0,-18958000.0,64509374.559999995,61232374.559999995,0.522517544619022,3.6101159114857744,0.0,0.0,-0.3412604042806183,0.522517544619022,-0.3410622275069362,0.0,-9.37091437536316,12.784259722552516,0.0,0.0,0.0,0.0,3.453108535300316,-0.28535897861051235,-43.0924345758183,0.0,-0.058823529411764594,-3.908229684976571,0.0,0.0,0.0,-0.05842558425584256,-0.05773955773955774,-0.1209041272870935,0.0,0.8555769209746011,Pollution & Treatment Controls,Industrials,CLIR
2014Q2,2014,Q2,2014-08-12,2014-06-30,-1626000.0,0.0,-1628000.0,-0.17,0.0,0.0,7354000.0,6584000.0,4943000.0,732000.0,770000.0,0.0,-17237000.0,88421502.96,83690502.96,0.6835568043594811,6.752732240437158,0.0,0.0,-0.24726609963547996,0.6835568043594811,-0.24696233292831105,0.0,-13.594942029520295,13.42975439854192,0.0,0.0,0.0,0.0,6.463114754098361,-0.22110416100081587,-49.89926803611738,0.0,0.055555555555555455,-0.07676470048711329,0.0,0.5890663460452558,0.0,0.012150668286755772,0.01153612629022465,-0.07676470048711329,0.0,0.5890663460452558,Pollution & Treatment Controls,Industrials,CLIR
2014Q1,2014,Q1,2014-05-08,2014-03-31,-1646000.0,0.0,-1647000.0,-0.18,0.0,0.0,8720000.0,8074000.0,6545000.0,606000.0,646000.0,0.0,-15610000.0,98846378.33,92343378.33,0.8911539450228434,10.8003300330033,0.0,0.0,-0.2039881099826604,0.8911539450228434,-0.2038642556353728,0.0,-15.013119430437424,12.24255366980431,0.0,0.0,0.0,0.0,10.731023102310232,-0.18876146788990825,-49.897212685512365,0.0,-0.4058873620689655,0.37204849641822363,0.0,0.0,1.0,-0.4189655172413793,-0.4186046511627907,0.37204849641822363,0.0,0.0,Pollution & Treatment Controls,Industrials,CLIR
2013Q4,2013,Q4,2014-03-11,2013-12-31,-1160000.0,43000.0,-1161000.0,-0.12803301662453534,-11000.0,-0.2558139534883721,4702000.0,3788000.0,2806000.0,883000.0,914000.0,0.0,-13964000.0,103738866.35,101050866.35,0.41809402325322403,3.1778029445073614,0.0,0.0,-0.30649419218585006,0.41809402325322403,-0.30623020063357975,2412.5317755813953,-22.357514299568965,27.386184358500525,0.0,0.0,0.0,0.009145044661846022,3.044167610419026,-0.24670353041259038,-79.73779119907763,-0.2558139534883721,0.14644655583643104,-4.421478423235541,0.0,5.069759418144283,-1.6875,0.14831130690161526,0.14945054945054945,-4.421478423235541,0.0,5.069759418144283,Pollution & Treatment Controls,Industrials,CLIR
2013Q3,2013,Q3,2013-11-12,2013-09-30,-1362000.0,50000.0,-1365000.0,-0.15,16000.0,0.32,5856000.0,4912000.0,4214000.0,911000.0,944000.0,0.0,-12804000.0,62049884.1,58060884.1,0.5580929038350936,4.625686059275521,0.0,0.0,-0.27789087947882735,0.5580929038350936,-0.2772801302931596,1240.997682,-11.389479460352423,12.632305394951139,0.0,0.0,0.0,0.00853825136612022,4.378704720087816,-0.23258196721311475,-51.111930889621085,0.32,0.06250000000000006,-3.262021401203044,0.0,0.0,0.0,0.030604982206405694,0.030539772727272728,-3.262021401203044,0.0,0.0,Pollution & Treatment Controls,Industrials,CLIR
2013Q2,2013,Q2,2013-08-14,2013-06-30,-1405000.0,0.0,-1408000.0,-0.16,0.0,0.0,6887000.0,6201000.0,5484000.0,653000.0,686000.0,0.0,-11441000.0,80862783.6,75698783.6,0.7055062596187945,8.398162327718223,0.0,0.0,-0.22706015158845347,0.7055062596187945,-0.22657635865183035,0.0,-14.388395658362988,13.040281180454764,0.0,0.0,0.0,0.0,7.908116385911179,-0.20400755045738347,-54.2339259557344,0.0,-0.06666666666666674,-0.019602623163018692,0.0,0.6400923038649341,0.0,-0.03537214443625645,-0.034533431300514325,-0.019602623163018692,0.0,0.6400923038649341,Pollution & Treatment Controls,Industrials,CLIR
2013Q1,2013,Q1,2013-05-06,2013-03-31,-1357000.0,0.0,-1361000.0,-0.15,0.0,0.0,8092000.0,7468000.0,6813000.0,590000.0,624000.0,0.0,-10036000.0,60591301.2,53936301.2,0.8504389075572452,11.547457627118645,0.0,0.0,-0.18224424209962506,0.8504389075572452,-0.18170862346009642,0.0,-11.162730508474578,8.11345757900375,0.0,0.0,0.0,0.0,11.279661016949152,-0.16769649036085021,-44.16275597667639,0.0,-0.12355712884377536,0.4658651138033032,0.0,0.0,0.0,-0.15750415831449652,-0.15504310831350976,0.4658651138033032,0.0,0.0,Pollution & Treatment Controls,Industrials,CLIR
2012Q4,2012,Q4,2013-02-22,2012-12-31,-1172350.0,0.0,-1178311.0,-0.13350455989217144,0.0,0.0,9115000.0,8636000.0,8087000.0,444000.0,479000.0,0.0,-8679000.0,42501724.32,34474724.32,0.9834480993123151,18.213963963963963,0.0,0.0,,0.9834480993123151,-0.13575150532654007,0.0,-9.063360839339788,4.921459509031959,0.0,0.0,0.0,0.0,18.07882882882883,-0.12861766319253978,-26.333978326466124,0.0,-0.02695815301670337,-4.653167518356059,0.0,10.572959530225779,0.0,-0.03544364169507693,-0.0317580264123386,-4.653167518356059,0.0,10.572959530225779,Pollution & Treatment Controls,Industrials,CLIR
2012Q3,2012,Q3,2012-11-08,2012-09-30,-1132220.0,0.0,-1142042.0,-0.13,0.0,0.0,10536852.0,9788039.0,9809867.0,713666.0,748813.0,0.0,-7506888.0,60388903.5,50748576.5,1.1183754826745613,13.745739603680153,0.0,0.0,,1.1183754826745613,-0.11567383415615733,0.0,-13.334180525869533,6.169663147030779,0.0,0.0,0.0,0.0,13.508177494794484,-0.10745334564820688,-54.018984811077715,0.0,0.0,-2.5629780352556013,0.0,0.0,0.0,-0.11032004738537095,-0.11375376804541451,-2.5629780352556013,0.0,0.0,Pollution & Treatment Controls,Industrials,CLIR
2012Q2,2012,Q2,2012-08-06,2012-06-30,-1019724.0,0.0,-1025399.0,-0.13,0.0,0.0,11449484.0,10900111.0,11021070.0,514311.0,549373.0,0.0,-6374668.0,52240686.480000004,41482439.480000004,1.414658909742566,21.428804750433105,0.0,0.0,,1.414658909742566,-0.09355170786792905,0.0,-12.807555397342812,4.792674724138131,0.0,0.0,0.0,0.0,20.91778515334107,-0.0890628782921571,-80.58240457573706,0.0,0.23529411764705885,0.15585133236163456,0.0,2.2886613815678922,0.0,-0.1792724926159874,-0.1864638390832261,0.15585133236163456,0.0,2.2886613815678922,Pollution & Treatment Controls,Industrials,CLIR
2012Q1,2012,Q1,2012-03-31,2012-03-31,-864706.0,0.0,-864248.0,-0.17,0.0,0.0,1486152.0,75359.0,1185890.0,1375815.0,1410793.0,0.0,-5354944.0,21643923.0,21437469.0,0.014623402605895428,0.8619545505754771,0.023562192830881363,0.46466911715919795,,0.014623402605895428,-11.47448878037129,0.0,-6.257595934340689,287.21085736275694,0.0,0.0,0.0,0.0,0.17551124242721586,-0.5818422341725477,-32.0251701213747,0.0,-0.44185042456801793,0.4200185979678651,0.0,0.0,0.0,-0.4738117720047587,-0.47139853413124716,0.4200185979678651,0.0,0.0,Pollution & Treatment Controls,Industrials,CLIR
2011Q4,2011,Q4,2011-12-31,2011-12-31,-586714.0,0.0,-587365.0,-0.11790404684378579,0.0,0.0,1636155.0,874417.0,1366924.0,744263.0,761738.0,0.0,0.0,20900035.8,20017740.8,0.17571986168559578,1.8366142076120942,0.02913354786068557,0.05451289259014864,,0.17571986168559578,-0.6709773483360914,0.0,-8.905546739978934,23.901680548296753,0.0,0.0,0.0,0.0,1.2495072306429313,-0.35859316507299127,-25.563791703157186,0.0,0.26309970722633885,-3.9925735003985117,0.0,2.7104706651518717,0.0,0.25841202590124107,0.2589651135210969,-3.9925735003985117,0.0,2.7104706651518717,Pollution & Treatment Controls,Industrials,CLIR
2011Q3,2011,Q3,2011-09-30,2011-09-30,-791159.0,0.0,-792628.0,-0.16,0.0,0.0,2109617.0,1401263.0,1926901.0,708354.0,708354.0,0.0,0.0,20900035.8,19152509.8,0.28159303918512907,2.7202514561928077,0.0,0.0,,0.28159303918512907,-0.5646042177664007,0.0,-6.604246365142784,14.915141411712147,0.0,0.0,0.0,0.0,2.4670235503717066,-0.37502494528627706,-32.23389087072998,0.0,0.0,-3.378813107643632,0.0,0.0,0.0,-0.12024892564089856,-0.12067073860423029,-3.378813107643632,0.0,0.0,Pollution & Treatment Controls,Industrials,CLIR
2011Q2,2011,Q2,2011-06-30,2011-06-30,-706235.0,0.0,-707280.0,-0.16,0.0,0.0,2553047.0,1937748.0,2478818.0,615299.0,615299.0,0.0,-3112365.0,18919689.6,16523776.600000001,0.4301625328990598,4.028639734503063,0.0,0.0,,0.4301625328990598,-0.3644617359945669,0.0,-6.6973775018230475,9.763751323701534,0.0,0.0,0.0,0.0,3.8939003638881258,-0.27662436296707427,-54.992223646462804,0.0,0.44827586206896547,0.0,0.0,0.0,0.0,0.20842267372198878,0.20725139460673603,0.0,0.0,0.0,Pollution & Treatment Controls,Industrials,CLIR
2011Q1,2011,Q1,2011-03-31,2011-03-31,-892187.0,0.0,-892187.0,-0.29,0.0,0.0,,,,,,,,12952018.8,,,0.0,0.0,0.0,0.0,,0.0,0.0,-3.6292892633495,0.0,0.0,0.0,0.0,0.0,0.0,0.0,-134.3472859854575,0.0,-11.279869553874248,0.0,0.0,0.0,0.0,-11.250772378376151,-11.292802226570036,0.0,0.0,0.0,Pollution & Treatment Controls,Industrials,CLIR
2010Q4,2010,Q4,2010-12-31,2010-12-31,-72827.0,0.0,-72578.0,-0.023615886042413714,0.0,0.0,100522.0,-316806.0,43380.0,417328.0,417328.0,0.0,-1513943.0,12952018.8,12951993.8,-0.102731876825256,0.10394701529732009,0.0,0.0,,-0.102731876825256,0.229878853304546,0.0,-44.46159666057918,-40.883123425692695,0.0,0.0,0.0,0.0,5.990491891270176e-05,-0.7244881717434989,-17019.735611038108,0.0,0.34957890130303915,0.0,0.0,0.0,0.0,0.34957890130303926,0.3518027311130759,0.0,0.0,0.0,Pollution & Treatment Controls,Industrials,CLIR
2010Q3,2010,Q3,2010-09-30,2010-09-30,-111969.0,0.0,-111969.0,-0.03630861005235724,0.0,0.0,,,,,,,,12952018.8,,,0.0,0.0,0.0,0.0,,0.0,0.0,-28.918760549795035,0.0,0.0,0.0,0.0,0.0,0.0,0.0,-133.98039536158726,0.0,0.0,0.0,0.0,0.0,0.0,0.0,0.0,0.0,0.0,0.0,Pollution & Treatment Controls,Industrials,CLIR
