Quarters,Year,Quarter,FillingDate,Date,NetIncome,Revenue,OperatingIncome,EPSDiluted,GrossProfit,GrossProfitRatio,TotalAssets,CommonStockEquity,CurrentAssets,CurrentLiability,TotalLiability,Inventory,RetainedEarnings,MarketCap,EnterpriseValue,bookValuePerShare,currentRatio,debtToAssets,debtToEquity,roic,shareholdersEquityPerShare,roe,priceToSalesRatio,peRatio,pbRatio,payoutRatio,inventoryTurnover,dividendYield,assetTurnover,quickRatio,returnOnAssets,priceToFreeCashFlowsRatio,grossProfitMargin,epsdilutedGrowth,fiveYNetIncomeGrowthPerShare,fiveYRevenueGrowthPerShare,fiveYShareholdersEquityGrowthPerShare,grossProfitGrowth,netIncomeGrowth,operatingIncomeGrowth,threeYNetIncomeGrowthPerShare,threeYRevenueGrowthPerShare,threeYShareholdersEquityGrowthPerShare,Industry,Sector,Symbol
2023Q1,2023,Q1,2023-03-20,2023-03-31,2388000000.0,27185000000.0,5077000000.0,1.44,3357000000.0,0.1234872172,141866000000.0,55082000000.0,51487000000.0,37387000000.0,86313000000.0,6452000000.0,38235000000.0,42950118624.0,64558118624.0,32.929993423805826,1.377136437799235,0.22383093905516474,0.576485966377401,0.03722483242695209,32.929993423805826,0.04335354562288951,1.5799197581018944,4.4964529547738685,0.7797487132638611,0.3203517587939699,3.693118412895226,0.01781135942131083,0.1916244907165917,0.9961751410918234,0.016832785868354645,49.768387745075316,0.12348721721537613,2.7894736842105265,1.7454461001525432,0.6488089756370694,0.2433792835257719,1.8570212765957448,3.341818181818182,0.24466781073792596,1.870641041464722,1.0925851351862474,0.2991408607741934,Oil & Gas Integrated,Energy,E
2022Q4,2022,Q4,2022-12-31,2022-12-31,550000000.0,31250000000.0,4079000000.0,0.38,1175000000.0,0.0376,152167000000.0,54759000000.0,61863000000.0,48826000000.0,96937000000.0,7709000000.0,37342000000.0,45254915281.659996,66967915281.659996,32.47961090186542,1.2670093802482285,0.20942779972004444,0.5819682609251448,0.057419500791437476,32.47961090186542,0.010044011030150296,1.4481572890131198,20.57041603711818,0.826437942286382,1.3418181818181818,3.901284213257232,0.01630762084973081,0.2053664723626016,0.8410887641830173,0.0036144499135817884,24.78363377966046,0.0376,-0.8855421686746988,-0.7114896073823034,0.9125520534483568,0.22422018762532755,-0.8564973131411823,-0.9061753667690208,-0.5668011894647409,1.3085514243774359,1.0445110570239795,0.21431066867056994,Oil & Gas Integrated,Energy,E
2022Q3,2022,Q3,2022-09-30,2022-09-30,5862000000.0,37302000000.0,9416000000.0,3.32,8188000000.0,0.2195056565,178098000000.0,57361000000.0,85684000000.0,72378000000.0,120253000000.0,10159000000.0,38241000000.0,37505303237.64,58427303237.64,32.89236768163312,1.1838403934897344,0.18193354220709945,0.5648785760359827,0.06277631005940067,32.89236768163312,0.10219487107965343,1.0054501967090237,1.5995096911310134,0.6538467467031608,0.12811327192084612,2.865833251304262,0.020023834902534607,0.20944648451975878,0.589654314847053,0.03291446282383856,10.755750856793805,0.21950565653316176,0.5514018691588783,15.807156373645276,1.3457523136829381,0.21590561611917214,0.2391041162227603,0.5365661861074705,0.07636031092821216,10.538450279077127,1.3013529834378874,0.1485426464211747,Oil & Gas Integrated,Energy,E
2022Q2,2022,Q2,2022-06-30,2022-06-30,3815000000.0,31556000000.0,8748000000.0,2.14,6608000000.0,0.2094055013,163377000000.0,51917000000.0,83460000000.0,63942000000.0,111365000000.0,8820000000.0,34216000000.0,40371994566.6,62093994566.6,29.357346829144166,1.3052453786243783,0.19967314860720908,0.6283490956719379,0.058188859365906745,29.357346829144166,0.07348267426854402,1.2793761746292305,2.6456090803800785,0.7776257211818863,0.3905635648754915,2.8285714285714287,0.036906772033321496,0.1931483623765891,0.6221575803071534,0.023350900065492695,17.150380019796092,0.20940550133096716,0.05940594059405946,213.172055759909,1.0384622359541837,0.07327317550244754,-0.028949301983835416,0.06297018668152689,0.2037979909178478,8.159690129454585,0.7421001846721786,0.03735169476355265,Oil & Gas Integrated,Energy,E
2022Q1,2022,Q1,2022-03-31,2022-03-31,3589000000.0,32129000000.0,7267000000.0,2.02,6805000000.0,0.2118024215,159402000000.0,47366000000.0,75430000000.0,61403000000.0,111936000000.0,6952000000.0,32129000000.0,46851465375.0,68665465375.0,26.761963952765694,1.2284416070876016,0.22131466355503696,0.7447958451209729,0.05036214226594597,26.761963952765694,0.07577165055102816,1.4582298040710884,3.263545930273057,0.9891370471435207,0.008358874338255782,3.642692750287687,0.000640321487489867,0.2015595789262368,0.7412829992019934,0.022515401312405113,27.019299524221452,0.211802421488375,-0.06046511627906972,2.755181816011384,0.7975335891825894,-0.09902562562025559,0.3124397299903568,-0.06218970472955317,0.10895772928429727,2.379663634480291,0.7820100026982432,-0.07605329702493432,Oil & Gas Integrated,Energy,E
2021Q4,2021,Q4,2021-12-31,2021-12-31,3827000000.0,26761000000.0,6553000000.0,2.15,5185000000.0,0.1937521019,138046000000.0,44741000000.0,57856000000.0,43313000000.0,93223000000.0,6077000000.0,28687000000.0,43323108027.49999,68200108027.49999,25.214009974921808,1.3357652436912706,0.2399997102415137,0.7405064705750877,0.05591644626175575,25.214009974921808,0.08553675599561923,1.6188897286162696,2.830095899366344,0.968308889553206,0.0020904102430101905,3.5504360704294884,0.00018465895833054915,0.19385567129797313,0.8745873063514419,0.027722643176912042,10.369341318214454,0.1937521019393894,2.257575757575757,10.421442683979956,0.7178858570220918,-0.1440110552945027,0.5099009900990099,2.181213632585204,1.3462226996061581,8.633061087923675,0.340098635263596,-0.11919853039960696,Oil & Gas Integrated,Energy,E
2021Q3,2021,Q3,2021-09-30,2021-09-30,1203000000.0,19021000000.0,2793000000.0,0.66,3434000000.0,0.18053730087797698,134897000000.0,40192000000.0,55172000000.0,44732000000.0,94617000000.0,5648000000.0,25194000000.0,41174900451.25,65234900451.25,22.51589591327974,1.233389966914066,0.23294810114383566,0.7818471337579618,0.01591360484110648,22.51589591327974,0.029931329617834394,2.1647074523552914,8.556712479478387,1.0244551266732185,1.256026600166251,2.7597379603399435,0.03669711361631546,0.14100387703210598,0.6632388446749531,0.008917915150077466,23.759319360213503,0.18053730087797698,4.500000000000001,3.106033444441332,0.4265981971974472,-0.2106447181871299,0.21989342806394316,3.8704453441295548,0.4,-0.1977015450796748,-0.01518382198943688,-0.19344488754267333,Oil & Gas Integrated,Energy,E
2021Q2,2021,Q2,2021-06-30,2021-06-30,247000000.0,16294000000.0,1995000000.0,0.12,2815000000.0,0.17276298023812448,119989000000.0,40496000000.0,42624000000.0,31257000000.0,79409000000.0,4593000000.0,25633000000.0,36776777045.625,59023777045.625,22.670958712386284,1.3636625395911315,0.2663577494603672,0.7892137495061241,0.0054072109310457014,22.670958712386284,0.006099367838798894,2.2570748156146436,37.22345854820344,0.9081582636711033,3.396761133603239,2.934683213585892,0.02281330957737658,0.13579578127995065,0.9858591675464696,0.002058522031186192,25.06937767254601,0.17276298023812448,-0.75,1.57616048508443,0.26353139553252675,-0.1937884251622904,0.11089187056037884,-0.7114485981308412,0.07142857142857142,-0.8024592621739995,-0.10054711664616506,-0.1957509417070742,Oil & Gas Integrated,Energy,E
2021Q1,2021,Q1,2021-03-31,2021-03-31,856000000.0,14494000000.0,1862000000.0,0.48,2534000000.0,0.17483096453704983,115634000000.0,39875000000.0,35961000000.0,25723000000.0,75677000000.0,4414000000.0,26250000000.0,37468949813.75,61302949813.75,22.32330300909727,1.398009563425728,0.27927772108549387,0.8098808777429467,0.011742761826860527,22.32330300909727,0.021467084639498434,2.585135215520215,10.94303440822138,0.9396601834169279,0.0,2.7095604893520617,0.0,0.1253437570264801,1.1047700501496716,0.007402667035646955,158.096834657173,0.17483096453704983,2.1999999999999997,2.0894605961645847,0.18232848928197626,-0.23500774174888495,1.2484472049689441,2.0740276035131746,5.65,-0.07843031717562952,-0.17680053841888044,-0.15711090056536725,Oil & Gas Integrated,Energy,E
2020Q4,2020,Q4,2020-12-31,2020-12-31,-797000000.0,11631000000.0,280000000.0,-0.4,1127000000.0,0.09689622560398933,109648000000.0,37415000000.0,32902000000.0,23691000000.0,72155000000.0,3893000000.0,25408000000.0,30235889475.000004,52526889475.0,20.946116165150453,1.3887974336245832,0.2891434408288341,0.8473606842175598,0.009975246957941787,20.946116165150453,-0.02130161699853,2.5995950025793144,-9.484281516624845,0.8081221294935188,-0.010037641154328732,2.698176213716928,0.0002645862297722266,0.10607580621625566,1.1282343505972732,-0.00726871443163578,-151.9391430904523,0.09689622560398933,-0.4285714285714285,0.910931012589314,-0.156128458460086,-0.2714816706805245,0.10707269155206287,-0.584493041749503,0.2727272727272727,-1.3946022366387103,-0.3281338716708111,-0.21049983205772813,Oil & Gas Integrated,Energy,E
2020Q3,2020,Q3,2020-09-30,2020-09-30,-503000000.0,10326000000.0,220000000.0,-0.28,1018000000.0,0.09858609335657563,110102000000.0,36460000000.0,30401000000.0,23535000000.0,73569000000.0,4031000000.0,26640000000.0,23690620054.499996,49504620054.5,20.41147655703289,1.2917357127682176,0.2969337523387404,0.8966812945693912,-0.493280165411313,20.41147655703289,-0.013795940756993965,2.294268841226031,-11.774662054920475,0.6497701605732309,-0.8409542743538767,2.309104440585463,0.0178551679536835,0.09378576229314635,1.0146165285744635,-0.004568491035585185,41.78239868518518,0.09858609335657563,0.8861788617886178,0.4584701511940535,-0.4372649589495269,-0.36829172107355873,0.5354449472096531,0.8858374943259192,1.0820895522388059,-2.4079776067179846,-0.3660405321402814,-0.2454654155882015,Oil & Gas Integrated,Energy,E
2020Q2,2020,Q2,2020-06-30,2020-06-30,-4406000000.0,8157000000.0,-2680000000.0,-2.46,663000000.0,0.08127988230967267,115085000000.0,38767000000.0,31908000000.0,25604000000.0,76246000000.0,4158000000.0,27145000000.0,30555899199.125,57058899199.125,21.70300909727082,1.2462115294485236,0.2870052569839684,0.8520133102896794,-0.0463789878474001,21.70300909727082,-0.11365336497536564,3.7459726859292632,-1.7337664093920224,0.7881935460346429,-0.34816159782115297,1.8023088023088023,0.050203071753945554,0.07087804666116349,0.9628964224339946,-0.03828474605726202,71.89623340970589,0.08127988230967267,-0.5000000000000001,-29.832750174947513,-0.7093564671552889,-0.504685651388812,1.0462962962962963,-0.504267668146125,-1.447488584474886,-245.88562895644196,-0.47832295315221585,-0.2065612186499685,Oil & Gas Integrated,Energy,E
2020Q1,2020,Q1,2020-03-31,2020-03-31,-2929000000.0,13873000000.0,-1095000000.0,-1.64,324000000.0,0.02335471779715995,120006000000.0,45277000000.0,32450000000.0,28224000000.0,74621000000.0,3803000000.0,33090000000.0,32355589837.25,58745589837.25,25.347515745276418,1.1497307256235827,0.2502458210422812,0.6632727433354684,-0.016521113965245342,25.347515745276418,-0.064690681803123,2.332270585832192,-2.7616584019503243,0.7146142597179583,0.0,3.5627136471206944,0.0,0.11560255320567304,0.8617488662131519,-0.02440711297768445,-52.61071518252032,0.02335471779715995,-0.5471698113207546,-5.204649468795726,-0.41057024623042754,-0.3043037246339933,-0.845861084681256,-0.5489159175039662,-5.151685393258427,-4.036570510265449,-0.23094627571120474,-0.14664476116219333,Oil & Gas Integrated,Energy,E
2019Q4,2019,Q4,2019-12-31,2019-12-31,-1891000000.0,16215000000.0,-178000000.0,-1.06,2102000000.0,0.12963305581251927,123440000000.0,47839000000.0,34927000000.0,29644000000.0,75540000000.0,4734000000.0,37584000000.0,49433038061.76,73605038061.76001,26.74736518408767,1.17821481581433,0.24437783538561245,0.6305733815506177,-0.009325951866736647,26.74736518408767,-0.039528418236167144,3.048599325424607,-6.535303815674246,1.0333208901055624,0.0,2.9811998310097167,0.0,0.13135936487362282,0.9097625151801376,-0.015319183408943617,33.3106725483558,0.12963305581251927,-4.533333333333334,0.20103504421910892,-0.3880801229670886,-0.19358692077026393,-0.13711001642036125,-4.615678776290631,-1.0956475013433637,-6.599080507213368,0.03269387222390507,-0.09195526929862072,Oil & Gas Integrated,Energy,E
2019Q3,2019,Q3,2019-09-30,2019-09-30,523000000.0,16686000000.0,1861000000.0,0.3,2436000000.0,0.14599065084501978,122346000000.0,51413000000.0,32308000000.0,27181000000.0,70875000000.0,4679000000.0,39644000000.0,50038533612.6,75548533612.6,28.63835120456761,1.1886244067547185,0.24474032661468295,0.5824013381829498,0.006100159305611097,28.63835120456761,0.010172524458794468,2.9988333700467456,23.918993122657746,0.9732661702798903,2.950286806883365,3.045522547552896,0.030836235369044937,0.1363836986905988,0.9439682130900261,0.004274761741291092,320.75983085,0.14599065084501978,0.25,-0.6965371581850004,-0.3761427135818518,-0.16657610216566093,-0.21571152607855762,0.23349056603773585,-0.16584491259524878,1.9103885252750314,0.24435992058543995,0.003994416780219238,Oil & Gas Integrated,Energy,E
2019Q2,2019,Q2,2019-06-30,2019-06-30,424000000.0,18440000000.0,2231000000.0,0.24,3106000000.0,0.16843817787418655,124883000000.0,50949000000.0,40156000000.0,30573000000.0,73877000000.0,4569000000.0,39303000000.0,52663905855.0,73131905855.0,28.30028328611898,1.3134465050861872,0.2484085103657023,0.6088833931971187,0.0055053139350729275,28.30028328611898,0.008322047537733811,2.8559601873644254,31.051831282429244,1.0336592642642641,3.4787735849056602,3.3560954256949005,0.028007797295953145,0.14765820808276547,1.0560298302423707,0.0033951778865017657,20.914974525416998,0.16843817787418655,-0.6,-0.3516501049217228,-0.3216943522001503,-0.12373708344200335,-0.04636168252993552,-0.6117216117216118,-0.11397934868943606,1.9813179283173783,0.4187850466468005,0.006398372733560575,Oil & Gas Integrated,Energy,E
2019Q1,2019,Q1,2019-03-31,2019-03-31,1092000000.0,18540000000.0,2518000000.0,0.6,3257000000.0,0.17567421790722762,127802000000.0,52716000000.0,42414000000.0,31977000000.0,75026000000.0,4630000000.0,40112000000.0,57761886000.0,79114886000.0,28.964835164835165,1.3263908434187073,0.24731224863460666,0.599571287654602,0.012857396328210084,28.964835164835165,0.020714773503300705,3.11552783171521,13.223875000000001,1.0957183018438426,0.0,3.300863930885529,0.0,0.1450681522980861,1.0930668918285018,0.008544467222735169,-406.7738450704225,0.17567421790722762,1.1428571428571426,-0.16589409056024562,-0.368133636729329,0.0,0.06716906946264745,1.736842105263158,0.6831550802139037,2.36405303030303,0.484330054504854,-0.007410567621256264,Oil & Gas Integrated,Energy,E
2018Q4,2018,Q4,2018-12-31,2018-12-31,399000000.0,20056000000.0,1496000000.0,0.28,3052000000.0,0.15217391304347827,118373000000.0,51016000000.0,39745000000.0,28382000000.0,67300000000.0,4651000000.0,40828000000.0,49037228996.06916,64066228996.06916,28.626212427144385,1.4003593827073497,0.21850421971226547,0.5069978046103183,0.0040869252032585965,28.626212427144385,0.007821075740944018,2.4450154066647967,30.725080824604735,0.9612127371034412,0.010025062656641603,3.655987959578585,8.157067766452793e-05,0.16943052892129118,1.1465365372419138,0.0033707010889307528,31.883763976637944,0.15217391304347827,-0.6666666666666666,1.6268165636256193,-0.2158913755801925,-0.10919908623038417,-0.2633357470432054,-0.7390451275343362,-0.566251087271673,1.0446931347481745,0.45848959071722234,-0.004363372773367827,Oil & Gas Integrated,Energy,E
2018Q3,2018,Q3,2018-09-30,2018-09-30,1529000000.0,19695000000.0,3449000000.0,0.84,4143000000.0,0.21035795887281036,123188000000.0,50814000000.0,47610000000.0,30327000000.0,72320000000.0,5070000000.0,3727000000.0,59604234847.20351,75313234847.2035,27.916128192009957,1.5698882184192304,0.21135175504107542,0.5123784783721022,0.020795227907456967,27.916128192009957,0.030090132640610855,3.0263637901601173,9.74562374872523,1.1729884450585175,0.9875735775016351,3.067455621301775,0.02533377039183393,0.1598775854791051,1.091601543179345,0.012411923239276553,26.234258295424077,0.21035795887281036,0.20000000000000004,-0.6181818181701618,-0.33322057606121835,-0.151902282614653,0.5054505813953488,0.22124600638977635,0.30693444486547933,2.6153846157995346,0.053275218231873644,-0.13603265078888532,Oil & Gas Integrated,Energy,E
2018Q2,2018,Q2,2018-06-30,2018-06-30,1252000000.0,18139000000.0,2639000000.0,0.7,2752000000.0,0.15171729422790672,118323000000.0,50418000000.0,42954000000.0,27024000000.0,67852000000.0,4719000000.0,2198000000.0,57417595698.329636,73977595698.32964,28.1889776290282,1.5894760213143873,0.20275855074668492,0.4758419612043318,0.016835701582244518,28.1889776290282,0.024832401126581777,3.1654223330023505,11.465174859890103,1.1388312844287682,1.1493610223642172,3.2606484424666244,0.025062003772510152,0.15330071076629226,1.1176731793960923,0.010581205682749761,53.56119001709854,0.15171729422790672,0.34615384615384603,3.6108363625315305,-0.3467330983277978,-0.13421309871269,-0.1571209800918836,0.32346723044397463,0.1000416840350146,9.749999997903354,-0.354524897479313,-0.35666040456605425,Oil & Gas Integrated,Energy,E
2018Q1,2018,Q1,2018-03-31,2018-03-31,946000000.0,17932000000.0,2399000000.0,0.52,3265000000.0,0.18207673432968993,114324000000.0,48181000000.0,36171000000.0,24762000000.0,66092000000.0,4326000000.0,946000000.0,52242723738.75763,70155723738.75763,26.48427061646735,1.4607463048219045,0.20676323431650398,0.49060833108486746,0.014117895337983605,26.48427061646735,0.019634295676719038,2.913379641911534,13.806216632864068,1.0843013581859577,0.0010570824524312897,3.3904299583911235,1.9141421588211026e-05,0.15685245442776669,1.198933850254422,0.008274727966131346,-147.57831564620798,0.18207673432968993,-0.5517241379310345,-0.3953488369680182,-0.432532124302575,-0.23078141604821115,0.602847324496809,-0.5378602833414753,-0.44723502304147467,0.33338636380550346,-0.25192550550125314,-0.273103975599847,Oil & Gas Integrated,Energy,E
2017Q4,2017,Q4,2017-12-31,2017-12-31,2047000000.0,17545000000.0,4340000000.0,1.16,2037000000.0,0.11610145340552865,114928000000.0,48030000000.0,36756000000.0,24735000000.0,66849000000.0,4621000000.0,3374000000.0,49997616295.91078,67341616295.91078,26.530857136792946,1.4859915100060643,0.21497807322845608,0.5144076618779929,0.034926619671281814,26.530857136792946,0.04261919633562357,2.8496788997384317,6.106206191488859,1.040966402163456,0.0,3.355983553343432,0.0,0.15266079632465543,1.22251869820093,0.01781115132952805,44.245678137974146,0.11610145340552865,4.8,0.40191177830477093,-0.4602211904019062,-0.18819583747045157,0.21105826397146255,4.950581395348837,3.3486973947895793,1.8544641075044863,-0.34585991928908144,-0.20011447665830423,Oil & Gas Integrated,Energy,E
2017Q3,2017,Q3,2017-09-30,2017-09-30,344000000.0,15684000000.0,998000000.0,0.2,1682000000.0,0.10724305024228513,115882000000.0,46529000000.0,34441000000.0,27077000000.0,69305000000.0,4638000000.0,1327000000.0,48278377108.0,69923377108.0,27.051744186046513,1.2719651364626805,0.23737940318599954,0.5912011863568957,0.004599913532687502,27.051744186046513,0.007393238625373423,3.0781928786023975,35.086029875,1.0375975651314235,4.186046511627907,3.0189736955584303,0.02982701752336625,0.13534457465352687,1.0535509842301585,0.002968536960011046,81.68930136717428,0.10724305024228513,18.855967077777777,-0.8550724637937979,-0.482791731774295,-0.17261275560820974,0.34345047923322686,18.11111111111111,0.7726465364120781,-0.7916666666277712,-0.38795079985076064,-0.21274901890453632,Oil & Gas Integrated,Energy,E
2017Q2,2017,Q2,2017-06-30,2017-06-30,18000000.0,15643000000.0,563000000.0,0.010072538860312385,1252000000.0,0.08003579875982868,117820000000.0,48881000000.0,34461000000.0,25919000000.0,68891000000.0,4858000000.0,983000000.0,46949823332.36028,69085823332.36029,27.353098446162758,1.3295651838419693,0.22979969444915974,0.5538961968863158,0.00040186550615543435,27.353098446162758,0.00036824123892719053,3.001331159774997,652.080879616115,0.9604922839622815,80.0,2.9623301770275834,0.030671041929298943,0.13277032761840096,1.073189552066052,0.00015277542013240536,76.46551031329037,0.08003579875982868,-0.9813471502586808,-0.9196238022397804,-0.48144863850039754,-0.15368686437135168,-0.517533718689788,-0.9813471502590674,-0.7333017527238276,-0.9722714332954865,-0.4203098917144428,-0.15306480931627603,Oil & Gas Integrated,Energy,E
2017Q1,2017,Q1,2017-03-31,2017-03-31,965000000.0,18047000000.0,2111000000.0,0.54,2595000000.0,0.14379121183576218,125203000000.0,53081000000.0,38581000000.0,28571000000.0,72070000000.0,4728000000.0,965000000.0,54729417979.421265,76549417979.42126,29.70335751356898,1.3503552553288298,0.21792608803303434,0.5140257342551949,0.012674902788803103,29.70335751356898,0.01817976300371131,3.0326047531124987,14.178605694150587,1.0310547649709174,0.0,3.2681895093062607,0.0,0.14414191353242334,1.126631899478492,0.00770748304753081,-60.87810676242632,0.14379121183576218,2.0000000000000004,-0.7299999999944041,-0.46352511408992586,-0.0756513453791706,0.7346256684491979,1.838235294117647,0.2871951219512195,-0.24930468148866253,-0.37359046501660564,0.0,Oil & Gas Integrated,Energy,E
2016Q4,2016,Q4,2016-12-31,2016-12-31,340000000.0,15807000000.0,1640000000.0,0.18,1496000000.0,0.09464161447459986,124545000000.0,53037000000.0,37985000000.0,27696000000.0,71459000000.0,4637000000.0,-1464000000.0,54891826579.200005,76456826579.20001,29.455999555691317,1.3714976891969959,0.2187080974748083,0.5135848558553463,0.006724387734901462,29.455999555691317,0.006410619001828912,3.4726277332321125,40.36163719058824,1.0349723132756379,0.09705882352941177,3.0862626698296314,0.0006011823992117725,0.12691798145248706,1.1100158867706529,0.002729936970572885,55.001830239679364,0.09464161447459986,1.5625,-0.735413303197439,-0.47821770298399846,-0.040937012271630505,1.7003610108303249,1.604982206405694,7.541666666666667,1.5286689620040108,-0.38832787219931886,-0.08337746787185618,Oil & Gas Integrated,Energy,E
2016Q3,2016,Q3,2016-09-30,2016-09-30,-562000000.0,13118000000.0,192000000.0,-0.32,554000000.0,0.04223204756822686,119988000000.0,50096000000.0,37487000000.0,23589000000.0,69844000000.0,4558000000.0,-1804000000.0,45191528193.75,67968528193.75,28.5244128113879,1.5891729195811608,0.22984798479847984,0.5505229958479719,0.005354057906359161,28.5244128113879,-0.011218460555732992,3.4450013869301723,-20.102992968749998,0.9020985346883983,-2.505338078291815,2.75647213690215,0.03115628207931961,0.10932759942660933,1.3056085463563525,-0.004683801713504684,-62.247284013429756,0.04223204756822686,-0.3333333333333334,-1.3265306122485876,-0.4844849450706841,-0.026959877550884158,-0.1192368839427663,-0.2600896860986547,-0.12727272727272726,-1.1454545454399598,-0.5397055981498678,-0.1334224707415042,Oil & Gas Integrated,Energy,E
2016Q2,2016,Q2,2016-06-30,2016-06-30,-446000000.0,13416000000.0,220000000.0,-0.24,629000000.0,0.04688431723315444,122341000000.0,52257000000.0,39621000000.0,25247000000.0,70038000000.0,4413000000.0,-1242000000.0,53960492819.48766,74649492819.48767,28.12035874943863,1.5693349704915436,0.2107878797786515,0.4934841265285034,-0.010012684989429173,28.12035874943863,-0.008534741757085176,4.022099941822277,-30.24691301540788,1.0325983661420988,-3.2286995515695067,2.897575345569907,0.026686190669480848,0.10966070246278843,1.2839545292510002,-0.0036455480991654473,-77.75287149782083,0.04688431723315444,0.4545454545454546,-1.346660287143521,-0.46561304195618725,-0.00014907536299729328,0.792022792022792,0.43686868686868685,1.6853582554517135,-2.5808581821017436,-0.5349677891770577,-0.13632063620168655,Oil & Gas Integrated,Energy,E
2016Q1,2016,Q1,2016-03-31,2016-03-31,-792000000.0,12357000000.0,-321000000.0,-0.44,351000000.0,0.028404952658412235,122978000000.0,52542000000.0,42413000000.0,26694000000.0,70389000000.0,3392000000.0,-792000000.0,47747074927.5,65635074927.5,29.181083557801784,1.5888589196074023,0.19443315064483077,0.4550835522058544,-0.007616613150171583,29.181083557801784,-0.015073655361425145,3.8639698088128185,-15.071677691761362,0.9087411009763616,0.0,3.5395047169811322,0.0,0.10048138691473271,1.247321495467146,-0.0064401762916944496,-44.006520670506916,0.028404952658412235,0.9063829787234041,-1.3585439102628434,-0.5045601691191433,0.03215987462193088,1.065326633165829,0.91216590883886,0.9472906403940887,-1.511471624119749,-0.6048989312416941,-0.1524542209384356,Oil & Gas Integrated,Energy,E
2015Q4,2015,Q4,2015-12-31,2015-12-31,-9017000000.0,13889000000.0,-6090000000.0,-4.7,-5373000000.0,-0.3868529051767586,134792000000.0,51753000000.0,57498000000.0,29565000000.0,81123000000.0,3910000000.0,-8783000000.0,49360600800.0,71936600800.0,28.751666666666665,1.9447995941146625,0.20606564187785625,0.5367031862887176,-0.07796452130050387,28.751666666666665,-0.17423144552006647,3.553934826121391,-1.368542774758789,0.9537727436090662,-0.002550737495841189,4.926342710997442,0.00046595867204274387,0.10304023977684136,1.0970065956367325,-0.06689566146358834,30.620720099255582,-0.3868529051767586,-8.038461538461538,-17.416290717417883,-0.5107217423655591,0.008342799267761589,-4.739039665970773,-8.471638655462185,-100.8360655737705,-7.210888204426191,-0.5702437147044656,-0.12024241963546696,Oil & Gas Integrated,Energy,E
2015Q3,2015,Q3,2015-09-30,2015-09-30,-952000000.0,18807000000.0,61000000.0,-0.52,1437000000.0,0.07640772052959005,144585000000.0,59155000000.0,49189000000.0,36934000000.0,83411000000.0,7642000000.0,-361000000.0,51366492806.47476,75215492806.47476,32.311554617775855,1.3318080901066767,0.20251755022996853,0.49498774406220947,0.009677924409481693,32.311554617775855,-0.01609331417462598,2.731243303369743,-13.489100001700306,0.8683372970412436,-1.4884453781512605,2.2729651923580216,0.027586076498128886,0.13007573399730263,1.0275085287269183,-0.006584362139917695,-72.75707196384528,0.07640772052959005,-5.5,-1.5416666664978482,-0.19493288612618664,0.16354856273615306,-0.26194144838212635,-7.424778761061947,-0.8451776649746193,-1.3768115940886283,-0.41732955195941795,-0.011739577553521676,Oil & Gas Integrated,Energy,E
2015Q2,2015,Q2,2015-06-30,2015-06-30,-113000000.0,22193000000.0,394000000.0,-0.08,1947000000.0,0.08773036543054116,148369000000.0,61891000000.0,51512000000.0,38106000000.0,84497000000.0,7386000000.0,591000000.0,45378327277.5,67372327277.5,43.81663716814159,1.3518081142077363,0.185079093341601,0.44368324958394595,-0.005132307008152983,43.81663716814159,-0.0018257905026578985,2.0447135257738926,-100.39452937499999,0.7331975130067376,-17.849557522123895,2.7411318711075006,0.04444853129260434,0.1495797639668664,1.066262530835039,-0.0007616146230007616,1260.5090910416666,0.08773036543054116,-1.2,-1.0966644429619745,0.47980362642727925,0.4867810200789908,-0.19843557019349525,-1.1605113636363635,-0.7459703417150225,-1.6383788546255507,-0.06925043107514986,0.35570000113368644,Oil & Gas Integrated,Energy,E
2015Q1,2015,Q1,2015-03-31,2015-03-31,704000000.0,23786000000.0,1551000000.0,0.4,2429000000.0,0.10211889346674514,156617000000.0,65772000000.0,57467000000.0,41932000000.0,88415000000.0,7590000000.0,704000000.0,58013296120.88,78904296120.88,36.434744072678924,1.370480778403129,0.1798080668126704,0.4281609195402299,0.007643650380973194,36.434744072678924,0.010703642887550933,2.4389681375969054,20.601312542926134,0.8820363698972208,0.0,2.8138339920948616,0.0,0.151873679102524,1.0955833253839549,0.004495042045244131,-97.50133801828571,0.10211889346674514,1.3076923076923077,-0.7226700407695397,-0.17738463066804352,0.0,6.912052117263844,1.2953020134228188,3.7548845470692718,-0.8050077553733659,-0.30003871308159413,0.13382491018566345,Oil & Gas Integrated,Energy,E
2014Q4,2014,Q4,2014-12-31,2014-12-31,-2384000000.0,26691000000.0,-563000000.0,-1.3,307000000.0,0.01150200442096587,146207000000.0,59754000000.0,54863000000.0,37174000000.0,83998000000.0,7555000000.0,1291000000.0,52176847466.136475,71453847466.13647,33.16831766870154,1.4758433313606283,0.17708454451565248,0.43329316865816514,-0.01648982645152289,33.16831766870154,-0.03989691066706831,1.9548479811972752,-5.4715653802576005,0.8731942207406446,-0.014681208053691275,3.4922567835870284,0.0006707956057083652,0.18255623875737823,1.1423844622585677,-0.0163056488403428,29.764316866021947,0.01150200442096587,-2.3541666666666665,-7.171613603498157,0.20821120102760482,0.312773268843716,-0.9165534112530579,-2.3908984830805133,-1.218301667312912,-2.854201746667678,-0.11942494272929556,0.0799329956916137,Oil & Gas Integrated,Energy,E
2014Q3,2014,Q3,2014-09-30,2014-09-30,1714000000.0,26600000000.0,2579000000.0,0.96,3679000000.0,0.13830827067669174,144959000000.0,61351000000.0,53192000000.0,34555000000.0,80935000000.0,8793000000.0,3675000000.0,66641766199.941864,87570766199.94186,34.362287041425944,1.5393430762552454,0.18212046164777626,0.43031083437922774,0.019750065526318784,34.362287041425944,0.027937604929015012,2.505329556388792,9.720210939314741,1.0862376521970607,1.1581096849474912,2.606732628226999,0.029786125326338238,0.18350016211480488,1.1659383591376067,0.011824033002435171,73.96422441724957,0.13830827067669174,1.642772036474164,0.4117647058009429,0.3950101199706502,0.3821996974373908,0.06854487365669475,1.6048632218844985,0.14368070953436807,-0.02040816343712488,0.028258043591203583,0.1721848302893738,Oil & Gas Integrated,Energy,E
2014Q2,2014,Q2,2014-06-30,2014-06-30,658000000.0,27353000000.0,2255000000.0,0.36325494092966765,3443000000.0,0.125872847585274,140076000000.0,58502000000.0,53926000000.0,33608000000.0,78815000000.0,8257000000.0,1961000000.0,72704868246.0,92448868246.0,32.29656619189577,1.6045584384670317,0.1874839372911848,0.4489077296502684,0.006424149110808777,32.29656619189577,0.011247478718676285,2.65802172507586,27.623430184650456,1.2427757725547843,3.0182370820668694,2.8957248395300956,0.02731591498495376,0.19527256632113996,1.2394370388002856,0.004697449955738313,119.1883086,0.125872847585274,-0.4954792487087949,-0.8763991454045061,-0.13708850275924211,0.20584499457352332,-0.24808910242411006,-0.4950115118956255,-0.38151398793198027,-0.47530807455669294,0.11775602584891337,0.14834066866987577,Oil & Gas Integrated,Energy,E
2014Q1,2014,Q1,2014-03-31,2014-03-31,1303000000.0,29203000000.0,3646000000.0,0.72,4579000000.0,0.1567989590110605,,,,,,,,65837430963.479996,,,0.0,0.0,0.0,0.0,,0.0,2.2544749157100297,12.63189389168841,0.0,0.0,0.0,0.0,0.0,0.0,0.0,-167.10007858751268,0.1567989590110605,3.1176470588235294,-0.3157268207050955,0.21155867570428383,0.0,2.8739424703891707,3.0139103554868623,11.486301369863014,-0.41365610559068494,0.16384772781493664,0.0,Oil & Gas Integrated,Energy,E
2013Q4,2013,Q4,2013-12-31,2013-12-31,-647000000.0,25998000000.0,292000000.0,-0.34,1182000000.0,0.04546503577198246,138341000000.0,58210000000.0,52757000000.0,32869000000.0,77292000000.0,7939000000.0,5160000000.0,63898050119.28001,84027050119.28,32.13536491111847,1.6050686056770818,0.184760844579698,0.43909981102903284,-0.0011645080337689725,32.13536491111847,-0.011114928706407833,2.4578063743087935,-24.690127557681613,1.0977160302229858,0.0,3.1258344879707773,0.0,0.18792693416991346,1.2533694362469197,-0.0046768492348616825,-110.55025972193772,0.04546503577198246,-1.1545454545454545,-3.6049916721285284,0.03185972723145607,0.3146384261336914,-0.717967072297781,-1.1621960391075457,-0.911595519224947,-2.170510697507634,-0.08991277037398088,0.12701166807610706,Oil & Gas Integrated,Energy,E
2013Q3,2013,Q3,2013-09-30,2013-09-30,3989000000.0,29423000000.0,3303000000.0,2.2,4191000000.0,0.14243958807735446,137815000000.0,59683000000.0,50525000000.0,32653000000.0,75206000000.0,8690000000.0,5807000000.0,61729246632.628235,81659246632.62823,32.91616946933228,1.5473310262456743,0.1882668795123898,0.43473015766633716,0.023337801753167433,32.91616946933228,0.06683645259119012,2.097992952201619,3.8687168859756977,1.0342852509530056,0.49962396590624214,2.903567318757192,0.03228615459801448,0.21349635380764068,1.2277585520472851,0.028944599644450893,-3631.132154860484,0.14243958807735446,14.714285714285714,0.35983339013975857,0.04750370629952423,0.0,0.5301204819277109,13.505454545454546,1.2454112848402448,1.291666666471098,0.2717207664383448,0.18532092094854286,Oil & Gas Integrated,Energy,E
2013Q2,2013,Q2,2013-06-30,2013-06-30,275000000.0,28121000000.0,1471000000.0,0.14,2739000000.0,0.09740051918495075,137585000000.0,58977000000.0,48457000000.0,33221000000.0,75740000000.0,8035000000.0,1818000000.0,57851577356.159996,74576577356.16,32.558794302749256,1.4586255681647151,0.17861685503506922,0.4166878613696865,-0.0013595214188856484,32.558794302749256,0.004662834664360683,2.057237557560542,52.59234305105454,0.9809176010336232,7.112727272727272,3.158929682638457,0.03381065978474529,0.20439001344623323,1.1602600764576623,0.001998764400188974,-70.20822494679611,0.09740051918495075,-0.8372093023255813,-0.9193191688793205,0.036979173953514737,0.4432078465718605,-0.4280643140530382,-0.8217757615035645,-0.6163275952008347,-0.8165595546639131,0.46215336340110974,0.10478120948040592,Oil & Gas Integrated,Energy,E
2013Q1,2013,Q1,2013-03-31,2013-03-31,1543000000.0,31165000000.0,3834000000.0,0.86,4789000000.0,0.1536659714423231,147415000000.0,61774000000.0,55214000000.0,40026000000.0,82158000000.0,8275000000.0,1543000000.0,62870877068.27606,79106877068.27606,34.43009720384923,1.3794533553190427,0.1786249703218804,0.42626347654352964,0.01783975271773643,34.43009720384923,0.02497814614562761,2.017355272526105,10.186467444633191,1.0177562901589028,0.0,3.1874320241691843,0.0,0.21140996506461351,1.1208714335681806,0.010467048807787538,-195.85943011924007,0.1536659714423231,0.07499999999999993,-0.5270000001287491,0.11389817272443352,0.0,1.1274988893824966,0.05612594113620808,1.3236363636363637,-0.38842756200392403,0.08442715955259435,0.0,Oil & Gas Integrated,Energy,E
2012Q4,2012,Q4,2012-12-31,2012-12-31,1461000000.0,32523000000.0,1650000000.0,0.8,2251000000.0,0.06921255726716477,139641000000.0,59199000000.0,49258000000.0,33986000000.0,76928000000.0,8496000000.0,7788000000.0,67115195784.0,83813195784.0,32.681351440874465,1.4493615017948567,0.1751849385209215,0.41323333164411563,-0.028677249149873574,32.681351440874465,0.02467947093700907,2.0636225374042985,11.484461975359345,1.1337217821922667,0.0,3.5630885122410545,0.0,0.23290437622188326,1.1364091096333784,0.010462543235869122,-37.641725061132924,0.06921255726716477,-0.4202898550724637,-0.42916646306158845,0.4258954506756054,0.4803672112577204,-0.7035427367311998,-0.4115988723318566,-0.5947937131630648,2.761593554733067,0.46419118072549154,0.29349956756328355,Oil & Gas Integrated,Energy,E
2012Q3,2012,Q3,2012-09-30,2012-09-30,2483000000.0,31722000000.0,4072000000.0,1.38,7593000000.0,0.23936069604690752,155599000000.0,58828000000.0,44580000000.0,34430000000.0,91358000000.0,9435000000.0,6327000000.0,61958971918.006065,81673971918.00607,32.6953846211784,1.2948010455997676,0.16440979697812969,0.43486095056775687,0.02597435142569835,32.6953846211784,0.04220779220779221,1.9531861773534476,6.238317752517727,1.053222477697798,0.7877567458719291,2.5573926868044516,0.03156927785355266,0.20387020482136775,0.9136218414173686,0.01595768610338113,-37.66502852158423,0.23936069604690752,10.499999999999998,-0.018497739455337878,0.40706878589148465,0.0,-0.018738692168519,9.938325991189428,0.46474820143884893,1.029411765327364,0.6508143442044394,0.31514967779969316,Oil & Gas Integrated,Energy,E
2012Q2,2012,Q2,2012-06-30,2012-06-30,227000000.0,30578000000.0,2780000000.0,0.12,7738000000.0,0.2530577539407417,150515000000.0,58545000000.0,40694000000.0,33515000000.0,86941000000.0,7900000000.0,3844000000.0,61909261166.4,89223261166.4,32.32030473666777,1.2142025958526033,0.21229777763013652,0.545802374242036,0.002725842090402876,32.32030473666777,0.0038773592962678283,2.024634088769704,68.18200568986785,1.0574645343991802,8.299559471365638,2.891139240506329,0.030431634371086678,0.20315583164468656,0.8797851708190363,0.0015081553333554795,64.62344589394573,0.2530577539407417,-0.94,-0.9051793120691796,0.4719590727937953,0.47585844966460455,-0.2629072204229377,-0.9372408072988665,-0.5932104184957565,-0.9573595835969952,-0.035348672444415696,0.2067313118749261,Oil & Gas Integrated,Energy,E
2012Q1,2012,Q1,2012-03-31,2012-03-31,3617000000.0,34044000000.0,6834000000.0,2.0,10498000000.0,0.30836564446011044,145222000000.0,58115000000.0,41397000000.0,35536000000.0,81894000000.0,7737000000.0,60843000000.0,63598618867.0,91087618867.0,32.13436549626763,1.1649313372354795,0.20299265951439865,0.5072528607072184,0.04005059162457418,32.13436549626763,0.062238664716510364,1.868130033691693,4.39581275,1.0943580636152457,0.0,3.043298436086338,0.0,0.23442729063089615,0.8502363800090049,0.02490669457795651,48.03521062462236,0.30836564446011044,1.8023622172226532,0.42250140017626114,0.6418458803234606,0.0,0.3658600052042675,1.8060512024825446,0.9621016365202412,0.9025210084033615,0.41466437029119835,0.18975781980089376,Oil & Gas Integrated,Energy,E
2011Q4,2011,Q4,2011-12-31,2011-12-31,1289000000.0,30388000000.0,3483000000.0,0.7136836158111448,7686000000.0,0.2529287876793471,142945000000.0,55472000000.0,38195000000.0,35632000000.0,82552000000.0,7575000000.0,6860000000.0,57531929731.26232,85628929731.26233,30.713310734116234,1.071929726088909,0.20705166322711532,0.5335484568791462,0.014208995413641201,30.713310734116234,0.023236948370349005,1.893245022089717,11.158248590237068,1.0371345855794332,0.0,2.996963696369637,0.0,0.21258526006505998,0.7867085765603952,0.00901745426562664,-80.2397904201706,0.2529287876793471,-0.2717514124376073,-0.32807975183253696,0.47757285302883157,0.4493701711470627,0.005362982341399608,-0.27175141242937856,-0.2266873889875666,10.201203978739642,0.2096229376830302,0.2564630461340623,Oil & Gas Integrated,Energy,E
2011Q3,2011,Q3,2011-09-30,2011-09-30,1770000000.0,26169000000.0,4504000000.0,0.98,7645000000.0,0.2921395544346364,137371000000.0,52946000000.0,36590000000.0,34953000000.0,79715000000.0,8159000000.0,5571000000.0,46702331027.05833,75043331027.05832,29.314734462945598,1.0468343203730723,0.21752771691259437,0.5643863559097949,0.02303606955587036,29.314734462945598,0.03343028746269784,1.7846433194641877,6.596374438850047,0.8820747748093969,1.064406779661017,2.270376271601912,0.04034059882168303,0.190498722437778,0.7236288730581066,0.012884815572427951,-145.94478445955727,0.2921395544346364,0.4000000000000001,-0.07261355958819658,0.27784011926306,0.0,0.14480383348307876,0.41148325358851673,0.24972253052164262,-0.39425603536896636,-0.06470220934081779,0.0,Oil & Gas Integrated,Energy,E
2011Q2,2011,Q2,2011-06-30,2011-06-30,1254000000.0,24470000000.0,3604000000.0,0.7,6678000000.0,0.27290559869227626,130679000000.0,50942000000.0,33378000000.0,31697000000.0,74975000000.0,6911000000.0,3801000000.0,59484691377.899994,85604691377.9,28.12455142715177,1.0530334101019023,0.21115864063851117,0.541674845903184,0.017237974426492584,28.12455142715177,0.0246162302226061,2.4309232275398442,11.858989509150717,1.1676944638588984,0.0,2.574446534510201,0.0,0.18725273379808538,0.7576111303908887,0.009596033027494854,288.7606377567961,0.27290559869227626,-0.42622950819672134,-0.5130488543654718,0.12159671531759635,0.37927299295245753,-0.1691963174919134,-0.43564356435643564,-0.2564472869816381,-0.6320750984577295,-0.09760387939442391,0.24665468025490975,Oil & Gas Integrated,Energy,E
2011Q1,2011,Q1,2011-03-31,2011-03-31,2222000000.0,25089000000.0,4847000000.0,1.22,8038000000.0,0.3203794491609869,131860000000.0,51206000000.0,34911000000.0,34847000000.0,76132000000.0,6589000000.0,55768000000.0,63014200886.4,89248200886.4,28.271863957597173,1.0018365999942607,0.2107007432124981,0.5425731359606296,0.030751405746135014,28.271863957597173,0.04339335234152248,2.5116266446012196,7.0898065803780375,1.2306018999023551,0.0,2.5877978448930037,0.0,0.1902699833156378,0.7740121100812122,0.01685120582435917,35.50095824585915,0.3203794491609869,2.9980231136131383,-0.23082748781371054,0.095182947691219,0.0,0.0921195652173913,3.0547445255474455,0.6859130434782609,-0.3252539752650176,-0.11169362836880328,0.0,Oil & Gas Integrated,Energy,E
2010Q4,2010,Q4,2010-12-31,2010-12-31,548000000.0,28321000000.0,2875000000.0,0.3051508121216057,7360000000.0,0.2598778291726987,131860000000.0,51206000000.0,34911000000.0,34847000000.0,76132000000.0,6589000000.0,55768000000.0,59054487536.538605,85288487536.5386,28.513781907844784,1.0018365999942607,0.2107007432124981,0.5425731359606296,0.010322401635616337,28.513781907844784,0.010701870874506894,2.0851836988997072,26.940915846961044,1.1532728105405345,0.0,3.181211109424799,0.0,0.2147808281510693,0.763049903865469,0.004155922948581829,-77.09463124874492,0.2598778291726987,-0.6821345707066606,-0.6931298727229915,0.4870666454572431,0.5974607147002924,0.021229360344109893,-0.6821345707656613,-0.29603330068560235,-0.7840326208709273,0.2524315612650582,0.2915888096516726,Oil & Gas Integrated,Energy,E
2010Q3,2010,Q3,2010-09-30,2010-09-30,1724000000.0,22915000000.0,4084000000.0,0.96,7207000000.0,0.3145101461924504,125418000000.0,49870000000.0,32395000000.0,32580000000.0,71302000000.0,6797000000.0,5770000000.0,56900297457.77179,82279297457.77179,27.769837592161455,0.9943216697360344,0.21441100958395126,0.5392219771405655,0.02673074046767749,27.769837592161455,0.03456988169240024,2.483102660168963,8.251203227635122,1.1409724775971886,1.0504640371229699,2.311019567456231,0.03182760162798837,0.18270902103366343,0.7131368937998772,0.013746033264762633,-128.73370465559228,0.3145101461924504,0.15997331554369582,-0.1630041420038928,0.3203496126515357,0.0,0.04935934769947583,0.15010006671114076,0.1622083096186682,-0.31721581874579735,0.01837149446376969,0.0,Oil & Gas Integrated,Energy,E
2010Q2,2010,Q2,2010-06-30,2010-06-30,1499000000.0,19231000000.0,3514000000.0,0.8276052449965493,6868000000.0,0.357131714419427,128813000000.0,53379000000.0,33390000000.0,33155000000.0,71438000000.0,6641000000.0,44323000000.0,54130062971.25,77606062971.25,29.47080745341615,1.0070879203740009,0.19525203201540217,0.47117780400532044,0.01853757040882358,29.47080745341615,0.028082204612300717,2.814729497751027,9.027695625625418,1.0140703829455404,0.0,1.861617226321337,0.0,0.14929393772367697,0.7664304026541999,0.01163702421339461,74.97238638677285,0.357131714419427,-0.4088533964310362,-0.28099438696085727,0.22078543719348173,0.6070385538999027,-0.22909417443035132,-0.4114644680015705,-0.37672933664420005,-0.37379743470000093,-0.07418440662594696,0.3457404115753132,Oil & Gas Integrated,Energy,E
2010Q1,2010,Q1,2010-03-31,2010-03-31,2547000000.0,29012000000.0,5638000000.0,1.4,8909000000.0,0.30707982903626085,,,,,,,,62926952838.74999,,,0.0,0.0,0.0,0.0,,0.0,2.16899740930477,6.176575661439928,0.0,0.0,0.0,0.0,0.0,0.0,0.0,48.03584186164122,0.30707982903626085,5.52926132173913,0.22326660815712626,0.8623414917270654,0.0,-0.09221520277155085,5.514066496163683,1.286293592862936,0.00016868633511032857,0.39704240664282453,0.0,Oil & Gas Integrated,Energy,E
2009Q4,2009,Q4,2009-12-31,2009-12-31,391000000.0,22361000000.0,2466000000.0,0.21441935481104266,9814000000.0,0.43888913733732837,117529000000.0,46073000000.0,31129000000.0,30488000000.0,67478000000.0,5495000000.0,4367000000.0,64415753055.37054,87607753055.37054,25.265838706417313,1.021024665442141,0.21101175029141744,0.5382762138345669,0.010142201607300203,25.265838706417313,0.008486532242311115,2.880718798594452,41.18654287427784,1.3981236962075518,4.209718670076726,2.2833484986351227,0.025552755683615622,0.190259425333322,0.7865061663605353,0.0033268384824171058,6.696720350906595,0.43888913733732837,-0.6649697581077458,-0.752041241918344,1.7584762614686296,0.570381512610166,0.8629460895975702,-0.6846774193548387,-0.23344731115946535,-0.7981280459510118,0.07689268115614341,0.19230236320362798,Oil & Gas Integrated,Energy,E
2009Q3,2009,Q3,2009-09-30,2009-09-30,1240000000.0,19475000000.0,3217000000.0,0.64,5268000000.0,0.27050064184852374,98596000000.0,45334000000.0,20890000000.0,45132000000.0,49571000000.0,5659000000.0,0.0,62028530949.180145,82568530949.18015,24.860580641953472,0.4628644863954622,0.20832488133392835,0.45308157232981866,0.022471041937086843,24.860580641953472,0.027352538933250983,3.1850336816010345,12.505752207495998,1.3682562965804947,0.07661290322580645,2.5105142251281145,0.0015315532795357237,0.19752322609436487,0.33747673491092794,0.012576575114609112,-18.58811236115677,0.27050064184852374,-0.7822340785271463,-0.43918008504356015,0.4631994863914006,0.0,-0.5658480303280039,-0.7670486567724967,-0.5980257403473698,-0.35650736795328436,-0.05810763503032604,0.0,Oil & Gas Integrated,Energy,E
2009Q2,2009,Q2,2009-06-30,2009-06-30,5323000000.0,31695000000.0,8003000000.0,2.938935512367491,12134000000.0,0.38283640952831677,116673000000.0,48510000000.0,36649000000.0,34895000000.0,68163000000.0,6082000000.0,8825000000.0,61165341691.51999,80063341691.51999,26.783348056537104,1.0502650809571572,0.17859316208548678,0.4295403009688724,0.06844321782645296,26.783348056537104,0.10972995258709545,1.929810433554819,2.8726912310501596,1.2608810903219951,0.5209468344918279,3.216211772443275,0.04533613192231134,0.27165668149443317,0.7296460811004442,0.045623237595673376,-59.26874194914728,0.38283640952831677,1.998913788130093,2.2408279422379502,0.7261400237502743,0.6362343394353668,0.9800913838120104,1.7956932773109244,1.017393496344845,1.0671324242536389,0.4528390120276832,0.31349823412875905,Oil & Gas Integrated,Energy,E
2009Q1,2009,Q1,2009-03-31,2009-03-31,1904000000.0,24101000000.0,3967000000.0,0.98,6128000000.0,0.2542633085764076,68534000000.0,48919000000.0,24290000000.0,28012000000.0,16528000000.0,4533000000.0,0.0,52393279349.759995,52393279349.759995,27.00916519434629,0.867128373554191,0.0,0.0,0.041927647009902744,27.00916519434629,0.03892148245058157,2.1739047902477076,6.879369662521008,1.0710210623634988,0.0010504201680672268,3.9649238914626075,3.817283485251361e-05,0.3516648670732775,0.7053048693417107,0.027781830916041673,12.406649147468622,0.2542633085764076,13.634702127659574,0.15923418856298133,0.3128433958950731,0.0,0.0,14.50354609929078,7.549568965517241,-0.340907082267014,0.052054853613379186,0.0,Oil & Gas Integrated,Energy,E
2008Q4,2008,Q4,2008-12-31,2008-12-31,-141000000.0,25285000000.0,464000000.0,-0.07756415545837116,0.0,0.0,116590000000.0,44436000000.0,37128000000.0,35351000000.0,68080000000.0,6082000000.0,8825000000.0,62181602876.96999,81079602876.97,24.444261077646672,1.0502673191706033,0.17872030191268548,0.4689215951030696,,24.444261077646672,-0.0031731028895490144,2.4592289055554675,-110.25106893079786,1.399351941600729,-3.2624113475177303,0.0,0.0073976864332387406,0.21687108671412642,0.811773358603717,-0.0012093661549017927,43.5750545739103,0.0,-1.0478791083076366,-1.1403866438720018,1.2272950316411717,0.7284988841263077,0.0,-1.0479428765725944,-0.9260675589547482,-1.0780011761795956,0.3115739745600791,0.3694692236063853,Oil & Gas Integrated,Energy,E
2008Q3,2008,Q3,2008-09-30,2008-09-30,2941000000.0,28161000000.0,6276000000.0,1.62,0.0,0.0,,,,,,,,68283408730.5,,,0.0,0.0,0.0,0.0,,0.0,2.424750851550016,5.804438008373002,0.0,1.0595035702142128,0.0,0.045633339898103,0.0,0.0,0.0,26.05242607039298,0.0,-0.1390715740471341,1.047164952266485,0.947659285220524,0.0,-1.0,-0.14431189991271456,0.09643605870020965,0.4105518526405055,0.6029690503907913,0.0,Oil & Gas Integrated,Energy,E
2008Q2,2008,Q2,2008-06-30,2008-06-30,3437000000.0,27345000000.0,5724000000.0,1.8816895239659468,10138000000.0,0.37074419455110624,109044000000.0,41207000000.0,36388000000.0,36678000000.0,65155000000.0,6213000000.0,43580000000.0,86085505342.98001,105890505342.98001,22.56001751936711,0.9920933529636294,0.19554491764792195,0.5174606256218603,0.05448598831852746,22.56001751936711,0.08340815880796952,3.14812599535491,6.261674814007856,2.0890990691625215,0.6843177189409368,2.7695155319491387,0.027321672686118438,0.25077033124243425,0.7809313484922842,0.03151938666960126,95.86359169596884,0.37074419455110624,0.13354790600358246,1.4420251076754738,1.2778992134022642,0.7928613736307057,0.2479074347612014,0.0349292381812707,-0.0733365711510442,0.6347713332025939,0.721322450650836,0.2301942519758706,Oil & Gas Integrated,Energy,E
2008Q1,2008,Q1,2008-03-31,2008-03-31,3321000000.0,28483000000.0,6177000000.0,1.66,8124000000.0,0.2852227644559913,,,,,,,,78948250989.30002,,,0.0,0.0,0.0,0.0,,0.0,2.771767404743181,5.943108325000001,0.0,0.059921710328214396,0.0,0.0025206384879504274,0.0,0.0,0.0,34.43011382001745,0.2852227644559913,0.17484809187200293,1.2288631892664568,1.2410468321823656,0.0,0.0,0.2814656392237115,1.1336174707731699,0.581640892332937,0.8130685043238184,0.0,Oil & Gas Integrated,Energy,E
2007Q4,2007,Q4,2007-12-31,2007-12-31,2591563830.0,23095325640.0,-46228984610.0,1.4129486284094448,0.0,0.0,101619870940.0,40491707190.0,33867574730.0,30290762680.0,58685094810.0,5507536100.0,34664555670.0,90984729239.77281,108728186139.77281,22.076516686091946,1.1180826012136582,0.19544147622197325,0.4904890153632468,,22.076516686091946,0.06400233553600386,3.939530044217762,8.77701025405313,2.24699662113142,,0.0,,0.22727174740889314,0.8497418712073181,0.025502530223937715,0.0,0.0,0.004974290364517164,1.2700186904144053,0.920743618595323,0.5862020554304972,0.0,0.004936429399710008,-3.0115517871860784,0.6339615770336319,1.8325615404476523,0.3721513095016757,Oil & Gas Integrated,Energy,E
2007Q3,2007,Q3,2007-09-30,2007-09-30,2578833600.0,22981752150.0,22981752150.0,1.405955,0.0,0.0,,,,,,,,96602909794.11429,,,0.0,0.0,0.0,0.0,,0.0,4.2034614751562485,9.36498091560796,0.0,,0.0,,0.0,0.0,0.0,0.0,0.0,1.1304188392027799,1.300401683593694,0.9465453995943174,0.0,-1.0,0.06229835676844416,3.9307542524303885,0.15958422042849826,0.7166685273578214,0.0,Oil & Gas Integrated,Energy,E
2007Q2,2007,Q2,2007-06-30,2007-06-30,2427598220.0,21065287780.0,4660899930.0,0.659943,7203007500.0,0.3419372939608613,94928989920.0,40225287730.0,33548284470.0,28775830270.0,52635884960.0,4935722370.0,29610640370.0,98178457640.71309,107950907200.71309,21.899325605387634,1.1658494005288695,0.1700208566803636,0.4012378556080001,0.04342555475443505,21.899325605387634,0.06035005234255909,4.660674882112296,10.110657607162965,2.4407148632399127,,2.8085615925759617,,0.22190574025650603,0.9496546943595799,0.02557278047565683,0.0,0.3419372939608613,0.0002455360187698577,1.2639579836750032,0.8170772574108739,0.0,0.0,-0.059992975885681185,-0.7786845774811075,0.45738504922407186,0.1312293230389258,0.3378621855031939,Oil & Gas Integrated,Energy,E
2007Q1,2007,Q1,2007-03-31,2007-03-31,2582532000.0,21059987040.0,21059987040.0,0.659781,0.0,0.0,,,,,,,,89139677086.24695,,,0.0,0.0,0.0,0.0,,0.0,4.232655837676477,8.629097053419565,0.0,,0.0,,0.0,0.0,0.0,0.0,0.0,-0.3788280921199003,1.1128677094869668,0.5936727177768194,0.0,0.0,0.32014587418375934,1.4520392185552267,0.5504149220009329,0.13118581847582916,0.0,Oil & Gas Integrated,Energy,E
