Quarters,Year,Quarter,FillingDate,Date,NetIncome,Revenue,OperatingIncome,EPSDiluted,GrossProfit,GrossProfitRatio,TotalAssets,CommonStockEquity,CurrentAssets,CurrentLiability,TotalLiability,Inventory,RetainedEarnings,MarketCap,EnterpriseValue,bookValuePerShare,currentRatio,debtToAssets,debtToEquity,roic,shareholdersEquityPerShare,roe,priceToSalesRatio,peRatio,pbRatio,payoutRatio,inventoryTurnover,dividendYield,assetTurnover,quickRatio,returnOnAssets,priceToFreeCashFlowsRatio,grossProfitMargin,epsdilutedGrowth,fiveYNetIncomeGrowthPerShare,fiveYRevenueGrowthPerShare,fiveYShareholdersEquityGrowthPerShare,grossProfitGrowth,netIncomeGrowth,operatingIncomeGrowth,threeYNetIncomeGrowthPerShare,threeYRevenueGrowthPerShare,threeYShareholdersEquityGrowthPerShare,Industry,Sector,Symbol
2023Q1,2023,Q1,2023-05-19,2023-03-31,-2841999.0,447767.0,-1946005.0,-1.52,154468.0,0.3449740602,21009341.0,12404587.0,7545756.0,7184564.0,8604754.0,2558481.0,-120286301.0,1781866.2292,4644432.2292,6.652476568076596,1.0502733360020176,0.25000536666047735,0.4234278819601168,-0.10721017166016603,6.652476568076596,-0.22910871599352722,3.9794496450162695,-0.1567440936115741,0.14364575210766792,0.0,0.11463794337343135,0.0,0.02131275797751105,0.6034676564924468,-0.13527311494444305,-0.59605132487537,0.34497406016968646,0.22051282051282048,0.7439937776790394,-0.955019569925727,1.246260262786696,0.5230826874913723,0.17546021347522464,0.26653118007140936,0.5926520286572519,-0.7292579077809358,3.125187741227984,Real Estate—Diversified,Real Estate,VINO
2022Q4,2022,Q4,2023-04-17,2022-12-31,-3446770.0,371845.0,-2653153.0,-1.95,101418.0,0.272742675,18692985.0,10791681.0,5018874.0,4423754.0,7901304.0,2448449.0,-117479571.0,2029555.65,5508333.65,6.114852356967891,1.1345282762106572,0.2021594196967472,0.3501737125105903,-0.059565454523203026,6.114852356967891,-0.3193913904608559,5.458068953461791,-0.14720706995244823,0.1880666830311237,0.0,0.11044828787530392,0.0,0.019892221600776975,0.47669648900006645,-0.1843884216458741,-1.6525724705830622,0.2727426750393309,0.9535603715170278,0.7967272480908609,-0.9015581062900989,-0.6346614022488246,13.492426407545013,0.5426397168343567,-0.38526968387076227,0.6729797008645234,-0.7876999377128554,77.00799161257277,Real Estate—Diversified,Real Estate,VINO
2022Q3,2022,Q3,2022-11-18,2022-09-30,-7536225.0,440939.0,-1915261.0,-41.99,6998.0,0.015870676,25393241.0,18527068.0,4684212.0,5308710.0,6866173.0,2303647.0,-107944916.0,482455.68000000005,3946896.68,103.22348942808591,0.882363512039648,0.1467093152859062,0.20108011694025196,-0.1281679995791854,103.22348942808591,-0.40676835643934595,1.0941551552482318,-0.01600455400415991,0.026040584511267516,0.0,0.18837130862497597,0.0,0.017364423863814784,0.3561878497789482,-0.2967807457110339,-0.24509544614009066,0.015870675989195785,-4.6897018970189706,-4.359713838305111,1.1504930502708703,9.78936103618677,1.0546159789590341,0.07487449615862188,0.21487452207131738,-9.265177722395856,2.4195365889154283,314.09704885198363,Real Estate—Diversified,Real Estate,VINO
2022Q2,2022,Q2,2022-08-15,2022-06-30,-8146165.0,405335.0,-2439433.0,-7.38,-128131.0,-0.3161113647,25007353.0,14753410.0,4146394.0,8619198.0,10253943.0,2118441.0,-103219173.0,7943859.756,14615599.756000001,13.374135414683673,0.48106494362932606,0.2769755359553648,0.469479598275924,-0.1611111196127286,13.374135414683673,-0.5521547221964278,19.598257628874883,-0.24379139619686074,0.5384422825638276,0.0,0.25182008845183795,0.0,0.016208632716945292,0.16673627871177807,-0.32575079017759295,-5.074898076053264,-0.316111364673665,-1.3806451612903223,0.0858748514011748,-0.7877387881369201,4.624955674240403,-1.6834746892836188,-2.021419897646189,-0.3737069933996057,-0.1017581304180714,-0.6028954217062318,6.546949139537947,Real Estate—Diversified,Real Estate,VINO
2022Q1,2022,Q1,2022-05-16,2022-03-31,-2696138.0,425597.0,-1775803.0,-3.1,187470.0,0.4404871275,25164072.0,15160133.0,5518207.0,8307141.0,10003939.0,2126089.0,-97926374.0,26928946.080000002,33463614.080000002,17.429487076309673,0.6642727022449721,0.2985319307622391,0.49552856825200675,-0.08657417408779797,17.429487076309673,-0.17784395427137745,63.27334562978593,-2.4969925575026206,1.7763001208498632,0.0,0.11200236678709123,0.0,0.0169128827798617,0.29925530335888123,-0.10714235756438784,-9.281641132825035,0.44048712749384983,-1.0,0.5916998955822758,-0.8113046842309249,2.7977243848597637,-0.8345201242489322,-1.4030435805655777,-2.2433277019314186,0.41221052409197434,-0.7049048519753828,4.41244314370614,Real Estate—Diversified,Real Estate,VINO
2021Q4,2021,Q4,2022-04-14,2021-12-31,-1121968.0,1694683.0,-547525.0,-1.55,1132887.0,0.6684949339,24313732.0,14261726.0,7981940.0,8481359.0,10221888.0,2033524.0,-95726534.0,18442383.48,22552179.48,19.765867950599628,0.941115686766708,0.31912842503980876,0.5440577809446066,-0.030032168651805434,19.765867950599628,-0.07866986085695378,10.882497481829935,-4.109382682928568,1.2931382554958635,0.0,0.2762672090420374,0.0,0.06970065311240578,0.6172798486657621,-0.04614544570944518,-7.517699767038495,0.668494933860787,-2.1455331758328016,0.8575882819536683,0.34584306546493254,0.9430734777902594,-0.5269231781071783,-2.149212377841488,-1.6171221891226895,0.12329793958249742,-0.3667403134556955,5.90550086089368,Real Estate—Diversified,Real Estate,VINO
2021Q3,2021,Q3,2021-11-15,2021-09-30,976293.0,2605158.0,887223.0,1.3530817201109444,2394721.0,0.9192229415643888,17613893.0,13708593.0,6655914.0,2341579.0,4031728.0,1387362.0,-94919120.0,26581275.720000003,25828113.720000003,18.999259909110187,2.84248961918432,0.11827811148847106,0.15197314560290762,0.05062535702019752,18.999259909110187,0.07121759322783892,10.20332575605779,6.806685011569273,1.939022897535874,0.0,0.15168139245561,0.0,0.147903589513119,1.7324800914254868,0.055427440146252734,-12.575726662809288,0.9192229415643888,1.6836914188675198,1.1460497243305303,1.5558338861632097,0.3212814467909865,38.73981081978095,1.7824528304911142,1.6850825444380955,1.2720740684001812,1.1044185189076896,12.20843386878349,Real Estate—Diversified,Real Estate,VINO
2021Q2,2021,Q2,2021-08-16,2021-06-30,-1247734.0,340360.0,-1295060.0,-1.9790824965336202,60260.0,0.17704783170760371,13958303.0,9426917.0,7805980.0,2857638.0,4623939.0,1322374.0,-95895413.0,38811179.160000004,37776766.160000004,14.952418944232871,2.7316196103215313,0.15626305002835947,0.23137649350259476,-0.09659404299690205,14.952418944232871,-0.1323586491744862,114.02978951698204,-7.7763327680419065,4.11705960283728,0.0,0.21181602179111206,0.0,0.024384052989822616,1.9168103167721033,-0.08939009276414189,-18.513136085303803,0.17704783170760371,0.059953108984095234,0.8629893172463221,-0.6368288916513063,-0.09068171604783191,-0.4785979424259992,-0.12120490523888643,0.072220192424796,0.8087610470008325,-0.6700992243009625,4.036494405594391,Real Estate—Diversified,Real Estate,VINO
2021Q1,2021,Q1,2021-05-17,2021-03-31,-1112851.0,275039.0,-1395870.0,-2.1053018902012792,115573.0,0.4202058617141569,11460086.0,8349578.0,8084906.0,2935100.0,3177619.0,1398092.0,-94647679.0,22264421.4,17326826.4,15.795794511866363,2.7545589588088992,0.046234644312442334,0.06345865623388391,-0.1572026405746044,15.795794511866363,-0.1332823048063028,80.9500521744189,-5.0016627113602805,2.666532536135359,0.0,0.11405973283589349,0.0,0.023999732637259442,2.0819018091376784,-0.09710668837912735,-10.642949012424346,0.4202058617141569,0.4547114728779409,0.7630966141948036,-0.7363989635999095,-0.16604089179328127,17.70718679184202,0.45471147287794095,0.15797620397694231,0.6463777966726514,-0.9025365667882178,1.5847260742087106,Real Estate—Diversified,Real Estate,VINO
2020Q4,2020,Q4,2021-04-12,2020-12-31,-2040848.0,161243.0,-1657756.0,-3.8608952609230704,6178.0,0.03831484157451796,5970536.0,500624.0,2523342.0,5096441.0,5576710.0,1312267.0,-93534828.0,44719135.94281,46603275.94281,0.9470842516482373,0.4951184561932533,0.33810632747210634,4.032319665058008,-0.6580224665581709,0.9470842516482373,-4.076608392725878,277.3400144056486,-5.478009134292461,89.32679204914267,0.0,0.11816573913692868,0.0,0.027006453021973235,0.1366000312767282,-0.34181989690707837,-33.455128670679066,0.03831484157451796,-0.4670084419168134,0.5025891626361936,-0.8805797258656202,-0.9319680542315762,1.2974912120190687,-1.2639337697360173,-0.6460901590428633,0.5981559007016547,-0.8574789687498968,-0.9434154069059226,Real Estate—Diversified,Real Estate,VINO
2020Q3,2020,Q3,2020-11-16,2020-09-30,-901461.0,60228.0,-1007087.0,-2.631815298812031,-20767.0,-0.3448064023377831,6882950.0,-385141.0,3566856.0,7018676.0,7370082.0,1251290.0,-91493980.0,28977529.714952,31972183.714952,-1.1244204785650056,0.5081949929017952,0.6109766887744353,-10.91891541020042,-0.26362284928384283,-1.1244204785650056,2.3405999361272882,481.1305325588099,-8.03626826755456,-75.23875597495983,0.0,0.06472919946615094,0.0,0.008750317814309272,0.25199866755496336,-0.13097015088007322,-17.360733667328482,-0.3448064023377831,0.39365564295994515,0.658725535666013,-0.9364373283950841,-1.042334314709377,0.8323524900502934,0.3797421845166218,0.2983727415928698,0.6640521690164052,-0.8460799752289889,0.9042568934905556,Real Estate—Diversified,Real Estate,VINO
2020Q2,2020,Q2,2020-08-19,2020-06-30,-1453365.0,117332.0,-1435359.0,-4.340463085464444,-123873.0,-1.0557477925885521,5622341.0,-2124371.0,2247107.0,7412925.0,7815865.0,1146082.0,-90592519.0,28327547.930317998,32648641.930317998,-6.344417200999877,0.3031336483237049,0.7953633548729968,-2.1050014333654525,-0.6114589851978736,-6.344417200999877,0.6841389757250499,241.43070884599254,-4.872751843191146,-13.33455781985256,0.0,0.2104605080613778,0.0,0.020868887177067346,0.08183207033660803,-0.258498194968964,-29.006473447838097,-1.0557477925885521,-0.16004987041514238,0.6801468443762249,-0.7294986441795859,-1.18682591261172,-3.604288867865027,-0.16004987041514246,-0.13402210908539303,0.4627020084768916,-0.7975764335653822,-0.7196050749764953,Real Estate—Diversified,Real Estate,VINO
2020Q1,2020,Q1,2020-07-06,2020-03-31,-1252847.0,296986.0,-1265724.0,-3.7416176633088543,47565.0,0.16015906473705832,5986624.0,-1048153.0,2576073.0,6878687.0,7051058.0,1316200.0,-89139154.0,28327547.930317998,32047629.930317998,-3.1303006501593296,0.37450068595939895,0.6534607819031227,-3.7323024405788088,-0.42724687697467556,-3.1303006501593296,1.1952901914128948,95.38344544967775,-5.652635144259035,-27.026157374274554,0.0,0.18950083573924936,0.0,0.04960826001432527,0.08803366107514414,-0.20927437567483778,-26.307500218537385,0.16015906473705832,0.37349442777003783,0.637062026509106,-0.6899673893322076,-1.114944487358102,-0.8015512090919711,0.3734944277700379,0.3204885174561402,0.5071495183491013,-0.657958885600132,-1.682063623502195,Real Estate—Diversified,Real Estate,VINO
2019Q4,2019,Q4,2020-03-30,2019-12-31,-1999738.0,332313.0,-1862697.0,-5.972201731568117,239684.0,0.7212597761748712,5920360.0,-26938.0,2428747.0,5737953.0,5920934.0,1302752.0,-87886307.0,28327547.930317998,31159783.930317998,-0.0804501240887466,0.42327760440003603,0.48520934537764593,-106.63798351770733,-0.6201750489928091,-0.0804501240887466,74.23483554829609,85.24357437210702,-3.541407415661202,-1051.5831884445022,0.0,0.07110255827663285,0.0,0.056130539359093026,0.08545242528128062,-0.33777304082859827,-30.28731920692103,0.7212597761748712,-0.46007413548829823,0.486529701297278,-0.6615271695484858,-1.0027824670989725,3.7750518113718723,-0.5189760152646706,-0.13845859535484675,0.4530395513026828,-0.4313162117278836,-1.007908608050629,Real Estate—Diversified,Real Estate,VINO
2019Q3,2019,Q3,2019-11-14,2019-09-30,-1316504.0,231231.0,-1636157.0,-4.09034143295115,-86371.0,-0.37352690599443844,7018178.0,105438.0,3521881.0,4746962.0,4961647.0,1361628.0,-85886569.0,27229101.556286,29112327.556286,0.3275926886785125,0.7419231500062566,0.3407719211453457,22.682505358599368,-0.6036922793100268,0.3275926886785125,-12.486048673153892,117.75714137068991,-5.170721387152262,258.24751566120375,0.0,0.23325166638758899,0.0,0.032947440204565914,0.28870844131467666,-0.18758486889332246,-15.619044250611617,-0.37352690599443844,0.3897344981750355,0.6385136176786543,-0.7541683051139615,-0.9810213703053845,0.3494445072119911,0.3236936642129981,0.12618195781615585,0.5584946313321204,-0.49144508832158446,-0.9772179472397372,Real Estate—Diversified,Real Estate,VINO
2019Q2,2019,Q2,2019-08-19,2019-06-30,-1946609.0,268733.0,-1872423.0,-6.702560476905896,-132765.0,-0.4940405532629041,6714228.0,-700245.0,3212937.0,5014373.0,5354274.0,1353276.0,-84570065.0,24570208.219144,26811864.219144,-2.4110795102400595,0.6407455129484783,0.38869993691009597,-3.7270098322729903,-0.8596284874920633,-2.4110795102400595,2.779897036037387,91.42981405016876,-3.155514052789235,-35.08801665009247,0.0,0.2966859679769685,0.0,0.04002440786937828,0.24180450875912102,-0.2899229814656279,-12.66134222444242,-0.4940405532629041,-0.27098193974596807,0.6700707664223531,-0.7304920383689136,-1.0631690128801778,-1.6265898954621612,-0.38948518762531614,-0.41117166356284063,0.5359862069801122,-0.37753703194745475,-1.1466276922082461,Real Estate—Diversified,Real Estate,VINO
2019Q1,2019,Q1,2019-05-15,2019-03-31,-1400957.0,440495.0,-1326857.0,-5.273529282599831,211885.0,0.481015675546828,6255276.0,-1356882.0,2745328.0,7226036.0,7612158.0,1411366.0,-82623456.0,22474666.268684,27269901.268684,-5.1076270995038735,0.3799217164154732,0.7768077699529166,-3.5811124327686565,-0.34677703048464636,-5.1076270995038735,1.0324825592792888,51.02138791287983,-4.010591736342372,-16.563464080652555,0.0,0.16197782857175247,0.0,0.07041975446007498,0.09881032975756002,-0.22396405850037632,-14.042348395795793,0.481015675546828,-1.973237915146576,0.6527044359600284,-0.6006796917243942,0.0,-0.7388027963269548,-1.973237915146576,-0.7039561212905745,0.4065840641110921,-0.15997160147175152,-1.2696636840745676,Real Estate—Diversified,Real Estate,VINO
2018Q4,2018,Q4,2019-04-01,2018-12-31,-471189.0,985311.0,-778692.0,-1.7736654223783683,811207.0,0.823300460463752,5647491.0,-1070423.0,2236413.0,6425337.0,6717914.0,1173387.0,-81222499.0,22474666.268684,26254729.268684,-4.029327180058572,0.3480615880536694,0.6796913886184148,-3.586013192915324,-0.2813063557754555,-4.029327180058572,0.4401895325492819,22.809718219611877,-11.92444341266668,-20.996060686928438,-0.003809511682148777,0.1483773043335234,7.986770430941336e-05,0.1744688039343489,0.09149450059973507,-0.08343333349269613,-3267.6164973370164,0.823300460463752,0.6433563874502501,0.89983907157683,-0.24829305385651565,-1.1138860484794566,5.04363568634755,0.6305385230605172,0.3725018070876516,0.7714928054687596,0.4520135772777181,-1.289438841074505,Real Estate—Diversified,Real Estate,VINO
2018Q3,2018,Q3,2018-11-19,2018-09-30,-1275340.0,439982.0,-1240947.0,-4.973215164847377,134225.0,0.3050692982894755,5260133.0,368871.0,1861411.0,4020990.0,4891262.0,1071532.0,-80751310.0,21694992.687116,24330110.687116,1.4384188237496198,0.4629235586261095,0.5089567126914851,7.257767620658712,-0.4073953456458871,1.4384188237496198,-3.4574146517346174,49.30881874057575,-4.252786058446375,58.81457931666084,-0.001085200809195979,0.2853456546328061,6.379352230996214e-05,0.08364465309147126,0.08322428058761648,-0.24245394555612948,-20.778693845899525,0.3050692982894755,0.519436899155541,0.5399582052228471,-0.6546512329143267,0.0,11.772385574269673,0.49124273219574954,0.4281842993253577,0.355111423296987,-0.3797875750982379,-0.9458436800740037,Real Estate—Diversified,Real Estate,VINO
2018Q2,2018,Q2,2018-08-14,2018-06-30,-2506775.0,396392.0,-2170187.0,-10.348724561058276,10509.0,0.02651163494722396,5395170.0,719136.0,2036096.0,3632668.0,4676034.0,1127068.0,-79475970.0,20492657.51554,22835833.51554,2.9688147628287167,0.5604960321174409,0.46158137741720834,3.4629193921594803,-0.6761874167691246,2.9688147628287167,-3.485814922351266,51.69795938247997,-2.0437272507045905,28.496219790887952,0.0,0.3423777447323498,0.0,0.07347164222814109,0.14179055173773106,-0.46463318116018587,-9.479705013341105,0.02651163494722396,-0.738250585114035,0.6333749042113352,-0.7533252114289924,0.0,-0.985029082812293,-0.7589996309067204,-0.6016672140403186,0.23739087342553775,0.2632478120917243,-0.9125764416386095,Real Estate—Diversified,Real Estate,VINO
2018Q1,2018,Q1,2018-05-15,2018-03-31,-1425114.0,1277923.0,-1354955.0,-5.953528593450389,701961.0,0.5492983536566757,7789903.0,-6466424.0,2857653.0,3979816.0,14256327.0,1433712.0,-76969195.0,20250955.321254,22539672.321254,-27.0140074277383,0.7180364619871874,0.3349573158998257,-0.4035128225430315,0.3512849809146105,-27.0140074277383,0.22038672379045976,15.846772709509102,-3.552514977969131,-3.1317085488446166,0.0,0.4017278226031448,0.0,0.1640486409137572,0.2414684497976791,-0.18294374140473893,-14.206909719350651,0.5492983536566757,0.38035288797676403,0.6079226328826541,0.28567984936104873,0.0,11.038052338052339,0.38035288797676403,0.3895411179112332,0.4225060395625423,0.8661199443787971,-1.991953036559377,Real Estate—Diversified,Real Estate,VINO
2017Q4,2017,Q4,2018-03-30,2017-12-31,-2299880.0,512335.0,-2219568.0,-9.607934061067873,-69930.0,-0.13649272448690797,8344806.0,4006504.0,3381919.0,3444383.0,4338302.0,1388666.0,-75544081.0,20250955.321254,20804306.321254,16.737493368090803,0.9818649668169886,0.10924807598882466,0.22754351424583627,-0.4513006698849447,16.737493368090803,-0.5740366164616334,39.52678486001152,-2.201305646517862,5.054520180500007,0.0,0.41929808895731585,0.0,0.061395675345837876,0.4056999468409872,-0.2756061674771109,-9.3371857533965,-0.13649272448690797,-0.22644061803696908,0.45742958274260814,-0.5662125395226784,-0.5269267309498398,-0.3219281663516068,-0.22788031706591766,-0.25476238259045797,0.17394137137473745,-0.2700485506798485,-0.42111307914693724,Real Estate—Diversified,Real Estate,VINO
2017Q3,2017,Q3,2017-11-14,2017-09-30,-1873049.0,273135.0,-1768915.0,-7.833998580743562,-52900.0,-0.19367711937320373,8845038.0,-2807930.0,4160575.0,2985081.0,11652968.0,1314698.0,-73244201.0,20227182.721816,19800419.721816,-11.744140330918642,1.3937896492590989,0.1124865715670187,-0.3543350439647712,0.975693636230255,-11.744140330918642,0.6670568710758459,74.0556234895418,-2.699766893687245,-7.203592226948678,0.0,0.24799231458479437,0.0,0.030880025614361407,0.8185024124973493,-0.2117626854740477,-8.171932117789174,-0.19367711937320373,0.030243296780656993,0.27532286742769035,-0.7700547378294156,0.0,0.62381419692509,0.028853143415921,0.056689851489504436,0.3076641644121839,-0.6090987249310017,-1.6803805399968457,Real Estate—Diversified,Real Estate,VINO
2017Q2,2017,Q2,2017-08-14,2017-06-30,-1928698.0,413295.0,-1875221.0,-8.078313410710852,-140622.0,-0.34024607120821687,8071762.0,-880859.0,3763325.0,3460184.0,8952621.0,1227324.0,-71371152.0,20198249.5225,19465335.5225,-3.689461780104712,1.087608346839359,0.06585315572981464,-0.6034461815114565,5.368388356407526,-3.689461780104712,2.1895649587504926,48.87126513144364,-2.6181197785371273,-22.930173299585974,0.0,0.45132092259256723,0.0,0.05120257510070292,0.586052071219334,-0.23894386380569696,-9.174758652274674,-0.34024607120821687,-0.06408723935954068,0.7138092362320659,-0.7390576412145957,0.0,-2.0505625532296383,-0.06505824500175329,-0.029387611256824722,0.6023496168834725,-0.4957965022862434,-1.0966619548291687,Real Estate—Diversified,Real Estate,VINO
2017Q1,2017,Q1,2017-05-15,2017-03-31,-1810885.0,618537.0,-1821686.0,-7.5917773580041015,133854.0,0.2164041924735303,7455913.0,1094732.0,2976802.0,3985749.0,6361181.0,1282977.0,-69442454.0,20179806.722936,20534374.722936,4.589455502825617,0.7468613803829594,0.08941306047964884,0.6089673088938663,-1.0342332297029388,4.589455502825617,-1.6541811146472378,32.6250599769068,-2.785903953444863,18.433558828038276,0.0,0.3777799602019366,0.0,0.08295925663295696,0.2511748732797775,-0.242879041104691,-9.342014386717732,0.2164041924735303,0.3047104920128777,0.5000327568777974,-0.3755145166187645,0.0,2.9404473695655327,0.3047104920128777,-5.568847765413491,0.5000327568777974,-0.3755145166187645,0.0,Real Estate—Diversified,Real Estate,VINO
2016Q4,2016,Q4,2017-03-31,2016-12-31,-2604505.0,416279.0,-277322.0,-10.918872312603215,-68981.0,-0.16570857525842042,6949809.0,2426461.0,2536187.0,4179221.0,4523348.0,1186189.0,-67631569.0,20179806.722936,20242428.722936,10.17247581037345,0.6068563974003768,0.027887385106554727,0.07987435198834847,-0.1058370635426156,10.17247581037345,-1.073375999037281,48.476638799785725,-1.9370097890900573,8.316559270038134,0.0,0.40909163716743285,0.0,0.05989790510789577,0.19246601220658108,-0.3747592200015857,-10.229520978543654,-0.16570857525842042,-0.17856901936831213,0.38339840620871557,-0.6462992474359911,-0.7124822528610224,0.6693271590734775,-0.21325875692108173,0.8675430832931728,0.38339840620871557,-0.6462992474359911,-0.7124822528610224,Real Estate—Diversified,Real Estate,VINO
2016Q3,2016,Q3,2016-11-14,2016-09-30,-2146702.0,327336.0,-2093677.0,-9.264516658053253,-208608.0,-0.6372901239093776,7698762.0,3331884.0,3452049.0,4022108.0,4366878.0,1182668.0,-65027064.0,19602834.736576,19200399.736576,14.379419279105097,0.8582685994508352,0.024354565058641895,0.05627446813874673,-0.5948987095468979,14.379419279105097,-0.644290737612714,59.885972629273894,-2.282901252313549,5.88340852700034,0.0,0.4531652162737133,0.0,0.042518004842856554,0.31818688110811544,-0.2788372987760889,-15.708305877082651,-0.6372901239093776,0.3586224839010656,0.14299432393398553,-0.7156472707903442,0.0,-2.1866063790785777,0.3484316633931967,0.05725429558061427,0.14299432393398553,-0.7156472707903442,0.0,Real Estate—Diversified,Real Estate,VINO
2016Q2,2016,Q2,2016-08-15,2016-06-30,-3294669.0,339056.0,-2220829.0,-14.444716918676916,-65464.0,-0.19307724977584823,7729064.0,3750576.0,3337018.0,3645843.0,3978488.0,1134325.0,-62880362.0,19296244.343824,18924526.343824,16.44354810424047,0.9152939388777849,0.027493626653887198,0.05665796400339575,-0.5603801188773568,16.44354810424047,-0.8784434710828417,56.91167342216035,-1.4642020445622914,5.144874905567571,0.0,0.3566173715645869,0.0,0.04386766625299001,0.35298310980478315,-0.42627011498416884,-9.856986793574444,-0.19307724977584823,-0.6254245561031726,0.48826618441209374,-0.7759232432750753,0.0,-1.6023721670638682,-0.6504166530996636,-0.12787227094583511,0.48826618441209374,-0.7759232432750753,0.0,Real Estate—Diversified,Real Estate,VINO
2016Q1,2016,Q1,2016-05-16,2016-03-31,-1996265.0,443404.0,-1969043.0,-8.886734769964955,108677.0,0.24509702212880352,8426856.0,4254732.0,4045610.0,3823533.0,4172124.0,1204863.0,-59585693.0,19004035.950732,17921008.950732,18.940730254547397,1.0580816224157081,0.02927651783773213,0.05798461571727667,-0.43742503789342124,18.940730254547397,-0.46918701342411223,42.85941477914498,-2.3799490486899284,4.466564745025539,0.0,0.2778133281543213,0.0,0.052617963330570734,0.49859776285440716,-0.23689321379171543,-10.327483395700984,0.24509702212880352,-0.14490732987536165,0.414751874636228,-0.5246347516640802,0.0,2.255873346044953,-0.14490732987536162,-0.2215172165648758,0.414751874636228,-0.5246347516640802,0.0,Real Estate—Diversified,Real Estate,VINO
2015Q4,2015,Q4,2016-03-30,2015-12-31,-1743604.0,573793.0,-1611965.0,-7.761968622327183,-86535.0,-0.1508122267089351,7657495.0,3127168.0,2654025.0,4131208.0,4530327.0,1184268.0,-57589428.0,19004035.950732,19180890.950732,13.921169546907414,0.6424331575655353,0.037544915145226995,0.09193621832917195,-0.47207078404108394,13.921169546907414,-0.5575664626908436,33.120020548755384,-2.724821110574993,6.077075472354539,0.0,0.5575832497373905,0.0,0.07493220694234864,0.16395809651801604,-0.22769900600653348,-21.084905249838567,-0.1508122267089351,-0.006514599170616187,0.5616727577062062,-0.48230033251286203,-0.6065281077803203,-1.5835131490222523,-0.05453945048677686,0.004369258553994067,0.5616727577062062,-0.48230033251286203,-0.6065281077803203,Real Estate—Diversified,Real Estate,VINO
2015Q3,2015,Q3,2015-11-16,2015-09-30,-1653427.0,593114.0,-1619039.0,-7.711729793808423,148300.0,0.25003624935509866,10238639.0,5694677.0,3387734.0,4285981.0,4543962.0,1477430.0,-55845824.0,18138577.971192,18053986.971192,26.560497938471297,0.7904220760661328,0.02807990397942539,0.050485743089555384,-0.27064378068385475,26.560497938471297,-0.29034605474551056,30.581942040133935,-2.7425731482538995,3.185181173785976,0.0,0.3010728088640409,0.0,0.05792898841340143,0.26283947595661294,-0.1614889439895283,-11.257038044319218,0.25003624935509866,0.4317149869859066,0.28663367379042065,-0.4431766388098811,0.0,1.4037164783291636,0.413845692984804,0.40334230816572164,0.28663367379042065,-0.4431766388098811,0.0,Real Estate—Diversified,Real Estate,VINO
2015Q2,2015,Q2,2015-08-13,2015-06-30,-2820805.0,269275.0,-2713514.0,-13.570179781632167,-367337.0,-1.364170457710519,11620880.0,7058985.0,4697366.0,4076465.0,4561895.0,1361116.0,-54192397.0,17585632.384264,16143427.384264,33.95897877499182,1.152313585422664,0.024739950847095918,0.04072823500829085,-0.36936221880259745,33.95897877499182,-0.39960490070456306,65.30733407952465,-1.5585650536162547,2.491240933967702,0.0,0.46771325882584586,0.0,0.0231716530933974,0.5788640402898099,-0.2427359201712779,-6.517749948395064,-1.364170457710519,-0.31630854051768914,0.5192490057973795,-0.8047296926146613,0.0,-5.178842828540225,-0.36857342193206827,-0.3467352694920747,0.5192490057973795,-0.8047296926146613,0.0,Real Estate—Diversified,Real Estate,VINO
2015Q1,2015,Q1,2015-05-15,2015-03-31,-2061128.0,571963.0,-2014883.0,-10.30926972204797,87904.0,0.15368826305198063,10390559.0,5444724.0,3130194.0,4874981.0,4945835.0,1538512.0,-51371592.0,16914077.60014,17032078.60014,27.23315160306107,0.6420935794416429,0.04727147018750387,0.09021155158645323,-0.33944012880268726,27.23315160306107,-0.37855509296706313,29.57197860725257,-2.051555944140781,3.106507804645378,0.0,0.3146280302006094,0.0,0.055046412806086756,0.1970651783053103,-0.19836545848976941,-9.410218669545616,0.15368826305198063,0.11364468088674749,0.3210710518594112,-0.3110411507932134,0.0,0.08433764663796613,0.1136446808867475,0.06789754512054196,0.3210710518594112,-0.3110411507932134,0.0,Real Estate—Diversified,Real Estate,VINO
2014Q4,2014,Q4,2015-03-31,2014-12-31,-2325397.0,586223.0,-2161654.0,-11.631080109455203,81067.0,0.13828696588158432,10828824.0,5780623.0,3150857.0,5048201.0,5048201.0,1487166.0,-49310464.0,16914077.60014,16908852.60014,28.91323463212124,0.624154426497677,0.04040143232543072,0.07568388389971116,-0.34763770353207873,28.91323463212124,-0.40227446072854084,28.852633895531227,-1.8184075235475918,2.925995623679316,0.0,0.33967694258744485,0.0,0.054135425970539365,0.1982242783122146,-0.21474141605773628,-7.734310063354839,0.13828696588158432,-0.027904011576384315,0.34318170834878325,-0.4057310785788089,-0.18278811973670567,83.97589098532495,-0.15513926862611074,-0.08840885609153362,0.34318170834878325,-0.4057310785788089,-0.18278811973670567,Real Estate—Diversified,Real Estate,VINO
2014Q3,2014,Q3,2014-11-14,2014-09-30,-2013088.0,519925.0,-1986068.0,-11.3153368198436,954.0,0.0018348800307736693,10577253.0,3070894.0,2684090.0,6084359.0,7506359.0,1290010.0,-46985067.0,15051016.444184,15153066.444184,17.261134968635474,0.44114589556599143,0.04136234615925326,0.1424666562896668,-0.5660903535919853,17.261134968635474,-0.6555380941185205,28.948437648091552,-1.8691453682332813,4.9011839692884225,0.0,0.40229998217068086,0.0,0.04915501217565657,0.12963945750078193,-0.19032238332580304,-8.36563088670477,0.0018348800307736693,0.4430077843976345,-0.04671330779380318,-0.41175617262953,0.0,1.0069807261711377,0.2577853548611644,0.22122401669174271,-0.04671330779380318,-0.41175617262953,0.0,Real Estate—Diversified,Real Estate,VINO
2014Q2,2014,Q2,2014-08-14,2014-06-30,-2712272.0,458379.0,-2550243.0,-20.315071742262145,-136662.0,-0.2981419305858253,11453582.0,5095904.0,3260009.0,4935678.0,6357678.0,1192809.0,-44971979.0,11294945.73298,10843223.73298,38.16870646393529,0.6604987197300959,0.04474582711329958,0.1005709683698908,-0.4547181337150462,38.16870646393529,-0.5322455054098351,24.641062816970237,-1.0410963329802467,2.2164753757095896,0.0,0.49885689997308874,0.0,0.040020580461204186,0.29046384306269574,-0.23680556877315762,-5.157664903590701,-0.2981419305858253,-0.33787041923700817,0.28029551606374603,-0.48246618683009435,0.0,-4.218075211340571,-0.34759896058469597,-0.3861447649485545,0.28029551606374603,-0.48246618683009435,0.0,Real Estate—Diversified,Real Estate,VINO
2014Q1,2014,Q1,2014-03-31,2014-03-31,-2012670.0,550385.0,-1839810.0,-15.184633317364096,42467.0,0.0771587161714073,,,,,,,,11213475.934906,,,0.0,0.0,0.0,0.0,,0.0,20.373876350020442,-1.3928607192070732,0.0,0.0,0.0,0.0,0.0,0.0,0.0,-7.32813526047726,0.0771587161714073,0.14251058510561238,0.0,0.0,0.0,-0.6541042891817486,0.14251058510561246,0.13469610822307015,0.0,0.0,0.0,Real Estate—Diversified,Real Estate,VINO
2013Q4,2013,Q4,2013-12-31,2013-12-31,-2347166.0,653991.0,-2126201.0,-17.708245785441335,122774.0,0.1877304121922167,12486714.0,4689558.0,2658801.0,6133275.0,7797156.0,1258281.0,-40247037.0,11213475.934906,13674539.934906,35.38034055844342,0.4335042860461988,0.21370570351815538,0.569026334678023,-0.2889629575267327,35.38034055844342,-0.5005090031939045,17.14622362525784,-1.194363323142249,2.3911583852691445,0.0,0.4221767633779736,0.0,0.052374948285033196,0.13190864587027323,-0.18797307281963854,-5.883327921355737,0.1877304121922167,-0.6380782152554,0.0,0.0,0.0,1.2394206916678827,-0.643520596471057,-0.6912045790245234,0.0,0.0,0.0,Real Estate—Diversified,Real Estate,VINO
2013Q3,2013,Q3,2013-09-30,2013-09-30,-1428133.0,656322.0,-1257211.0,-10.810378662340225,54824.0,0.08353216866111451,,,,,,,,11176336.535784,,,0.0,0.0,0.0,0.0,,0.0,17.02873975850878,-1.9564593311309242,0.0,0.0,0.0,0.0,0.0,0.0,0.0,-20.212127880510426,0.08353216866111451,0.6170208552430194,0.0,0.0,0.0,3.601376037959668,0.6188019377365083,0.6538221451109139,0.0,0.0,0.0,Real Estate—Diversified,Real Estate,VINO
2013Q2,2013,Q2,2013-06-30,2013-06-30,-3746433.0,880491.0,-3631691.0,-28.22706878516831,-21075.0,-0.023935508710480856,,,,,,,,11228534.73455,,,0.0,0.0,0.0,0.0,,0.0,12.752583200225782,-0.7492816990554749,0.0,,0.0,,0.0,0.0,0.0,0.0,-0.023935508710480856,0.0,0.0,0.0,0.0,0.0,0.0,0.0,0.0,0.0,0.0,Real Estate—Diversified,Real Estate,VINO
