Quarters,Year,Quarter,FillingDate,Date,NetIncome,Revenue,OperatingIncome,EPSDiluted,GrossProfit,GrossProfitRatio,TotalAssets,CommonStockEquity,CurrentAssets,CurrentLiability,TotalLiability,Inventory,RetainedEarnings,MarketCap,EnterpriseValue,bookValuePerShare,currentRatio,debtToAssets,debtToEquity,roic,shareholdersEquityPerShare,roe,priceToSalesRatio,peRatio,pbRatio,payoutRatio,inventoryTurnover,dividendYield,assetTurnover,quickRatio,returnOnAssets,priceToFreeCashFlowsRatio,grossProfitMargin,epsdilutedGrowth,fiveYNetIncomeGrowthPerShare,fiveYRevenueGrowthPerShare,fiveYShareholdersEquityGrowthPerShare,grossProfitGrowth,netIncomeGrowth,operatingIncomeGrowth,threeYNetIncomeGrowthPerShare,threeYRevenueGrowthPerShare,threeYShareholdersEquityGrowthPerShare,Industry,Sector,Symbol
2023Q1,2023,Q1,2023-05-04,2023-03-31,-1082000000.0,7265000000.0,-1263000000.0,-1.66,627000000.0,0.0863041982,56561000000.0,21851000000.0,12657000000.0,11295000000.0,34218000000.0,1085000000.0,13463000000.0,16821840000.0,31963840000.0,33.565284178187405,1.1205843293492697,0.30499814359717825,0.789483318841243,-0.023063821169084325,33.565284178187405,-0.04951718456821198,2.315463179628355,-3.886746765249538,0.769843027779049,-0.16635859519408502,6.117972350230414,0.010700375226491277,0.12844539523700077,0.8461266046923418,-0.019129789077279396,-37.46512249443207,0.08630419821059876,-119.28985507246377,-2.2424780782838987,0.13348208286925672,5.465929680316485,-0.7632175226586103,-119.22222222222223,-3.4911242603550297,-2.9777206206313482,0.027453755240965192,0.5323878716192333,Entertainment,Communication Services,PARAA
2022Q4,2022,Q4,2023-02-16,2022-12-31,-9000000.0,8131000000.0,507000000.0,-0.0138,2648000000.0,0.3256671996,58393000000.0,23036000000.0,13734000000.0,11191000000.0,34787000000.0,1342000000.0,14737000000.0,12726890000.0,27115890000.0,35.494607087827426,1.2272361719238674,0.2958231294846985,0.749869769057128,0.002376626866977647,35.494607087827426,-0.00039069282861607917,1.5652305989423194,-353.5247222222222,0.5524782948428547,-19.444444444444443,4.085692995529061,0.013750413494577231,0.13924614251708253,0.9201143776248771,-0.000154128063295258,-53.699957805907175,0.32566719960644447,-1.0418181818181818,0.8677515126460973,0.24933578388897204,6.016375819686817,0.0781758957654723,-1.0389610389610389,-0.10424028268551237,-1.0088143249528658,-0.5349433340639578,0.6501619407833754,Entertainment,Communication Services,PARAA
2022Q3,2022,Q3,2022-11-02,2022-09-30,231000000.0,6916000000.0,566000000.0,0.33,2456000000.0,0.3551185656,57287000000.0,22647000000.0,13524000000.0,10326000000.0,34148000000.0,1492000000.0,14889000000.0,13979460000.0,27898460000.0,34.89522342064715,1.3097036606624055,0.30202314661266955,0.7639863999646752,0.009392652289546829,34.89522342064715,0.010200026493575308,2.021321573163678,15.129285714285714,0.6172764604583388,0.7359307359307359,2.9892761394101877,0.012160698624982653,0.12072547000192016,0.9656207631222158,0.004032328451481139,-40.87561403508772,0.3551185656448814,-0.46774193548387094,-0.7589040311497939,0.34759198223111126,3.673675548323149,-0.08118219229330341,-0.4486873508353222,-0.3089133089133089,-0.5827001753360608,0.20955736735166275,1.5832964290027778,Entertainment,Communication Services,PARAA
2022Q2,2022,Q2,2022-08-04,2022-06-30,419000000.0,7779000000.0,819000000.0,0.62,2673000000.0,0.3436174315,56961000000.0,22776000000.0,14182000000.0,9636000000.0,33681000000.0,1347000000.0,14829000000.0,17691740000.0,30978740000.0,35.0939907550077,1.4717725197177252,0.3041379189269851,0.7606252195293292,0.014789098044205333,35.0939907550077,0.018396557780119425,2.274294896516262,10.5559307875895,0.7767711626273271,0.4105011933174224,3.7906458797327396,0.009722051081465136,0.1365671248749144,1.141137401411374,0.007355910184161093,186.22884210526317,0.3436174315464713,-0.07462686567164185,3.5081292173635834,0.4904463209027564,4.4103792370681845,0.05568720379146919,-0.0389908256880734,0.0567741935483871,-0.4512326656394453,0.17690038312471365,1.7614459378019944,Entertainment,Communication Services,PARAA
2022Q1,2022,Q1,2022-05-03,2022-03-31,436000000.0,7328000000.0,775000000.0,0.67,2532000000.0,0.3455240175,58043000000.0,22664000000.0,15354000000.0,9723000000.0,34886000000.0,950000000.0,14599000000.0,26226089999.999996,39315090000.0,34.92141756548536,1.5791422400493675,0.3168512998983512,0.8114631133074479,0.016862977206285264,34.92141756548536,0.019237557359689374,3.5788878275109166,15.037895642201832,1.1571695199435226,0.3944954128440367,5.048421052631579,0.00655835467658351,0.12625122753820445,1.2922966162706984,0.007511672380821116,76.01765217391304,0.3455240174672489,-0.790625,2.0930124489446524,0.38480379165443307,3.962835771871404,-0.006279434850863423,-0.7906865098415746,-0.7056589441701481,-0.841704084324297,0.010708912162219553,1.9950997360142653,Entertainment,Communication Services,PARAA
2021Q4,2021,Q4,2022-02-15,2021-12-31,2083000000.0,8000000000.0,2633000000.0,3.2,2548000000.0,0.3185,58620000000.0,22402000000.0,16676000000.0,9479000000.0,35650000000.0,1504000000.0,14343000000.0,21657130000.0,34697130000.0,34.517719568567024,1.759257305622956,0.32935858068918455,0.8618426926167306,0.052396874117101755,34.517719568567024,0.09298276939558968,2.70714125,2.5992714834373496,0.9667498437639497,0.08353336533845415,3.625,0.008034305561263196,0.13647219379051517,1.3979322713366389,0.035533947458205394,-26.346873479318734,0.3185,3.0000000000000004,13.042925126470948,0.9842453725315393,2.967338871529525,0.0007855459544383347,2.8717472118959106,1.9954493742889647,1.1397021058038008,0.1456683627051252,3.6040039652796247,Entertainment,Communication Services,PARAA
2021Q3,2021,Q3,2021-11-04,2021-09-30,538000000.0,6610000000.0,879000000.0,0.8,2546000000.0,0.38517397881996973,55912000000.0,20559000000.0,14798000000.0,8913000000.0,34843000000.0,1563000000.0,12456000000.0,27177220000.0,41590220000.0,31.825077399380806,1.6602715135195782,0.34404063528401774,0.9356486210418795,0.017128902075659095,31.825077399380806,0.026168587966340775,4.111531013615734,12.62881970260223,1.321913517194416,0.31784386617100374,2.600127959053103,0.006292034284595702,0.11822149091429389,1.2771233030405027,0.009622263557018172,-117.14318965517242,0.38517397881996973,-0.48717948717948717,-0.22990530720105704,0.33175252619180456,1.630270046844861,-0.05668766209707299,-0.4806949806949807,-0.2830342577487765,-0.36002766076232046,0.1759345091650546,3.747177416375419,Entertainment,Communication Services,PARAA
2021Q2,2021,Q2,2021-08-05,2021-06-30,1036000000.0,6564000000.0,1226000000.0,1.56,2699000000.0,0.4111822059719683,55204000000.0,20098000000.0,15254000000.0,8586000000.0,34548000000.0,1419000000.0,12007000000.0,31298700000.0,45115700000.0,31.111455108359134,1.7766130910784999,0.34765596695891604,0.9549208876505125,0.03108156996254746,31.111455108359134,0.05154741765349786,4.768235831809872,7.552775096525097,1.557304209374067,0.14575289575289574,2.723749119097956,0.004824481527986786,0.11890442721541918,1.4208013044491032,0.01876675603217158,-3912.3375,0.4111822059719683,0.08333333333333341,0.7098712572001553,0.3941608795696717,1.6041696833463193,-0.11479173499508036,0.13721185510428102,-0.19764397905759162,0.5155108359133128,0.10815190108600309,4.4269174116104075,Entertainment,Communication Services,PARAA
2021Q1,2021,Q1,2021-05-06,2021-03-31,911000000.0,7412000000.0,1528000000.0,1.44,3049000000.0,0.4113599568267674,54773000000.0,19171000000.0,15487000000.0,8701000000.0,34930000000.0,1137000000.0,11144000000.0,29339740000.0,43144740000.0,30.821543408360128,1.779910355131594,0.35243641940372084,1.0069375619425174,0.03073151426822161,30.821543408360128,0.04751969120025038,3.9584106853750676,8.051520307354556,1.530423034792134,0.16575192096597147,3.837291116974494,0.005146603207799387,0.13532214777353807,1.4721296402712332,0.016632282328884668,17.663901264298616,0.4113599568267674,0.12499999999999993,0.42127964759386277,0.4210514444391535,1.5801729754581977,0.2614811750103434,0.12469135802469136,0.563971340839304,0.09488991385657018,0.21033350403660503,4.937382542608962,Entertainment,Communication Services,PARAA
2020Q4,2020,Q4,2021-02-24,2020-12-31,810000000.0,6225000000.0,977000000.0,1.28,2417000000.0,0.38827309236947793,52663000000.0,15371000000.0,13779000000.0,8296000000.0,36607000000.0,1757000000.0,10375000000.0,23524040000.0,41856040000.0,24.712218649517684,1.660920925747348,0.40476235687294687,1.38676728905081,0.02095588867024904,24.712218649517684,0.05269663652332314,3.7789622489959838,7.260506172839506,1.5304170190618698,0.18518518518518517,2.1673306772908365,0.006376455744846549,0.11820443195412339,1.2055207328833173,0.015380817651861839,-61.581256544502615,0.38827309236947793,0.28,1.3400598736001774,0.2004527100928448,1.08341372400212,-0.026188557614826753,0.3170731707317073,0.018769551616266946,13.419025958748334,-0.002003803413231243,3.884973453974426,Entertainment,Communication Services,PARAA
2020Q3,2020,Q3,2020-09-30,2020-09-30,615000000.0,6116000000.0,959000000.0,1.0,2482000000.0,0.4058207979071288,51425000000.0,14556000000.0,13157000000.0,7763000000.0,36180000000.0,1869000000.0,9704000000.0,18658640000.0,37062640000.0,23.62987012987013,1.694834471209584,0.4178901312591152,1.4763671338279747,0.023924104585564713,23.62987012987013,0.04225061830173125,3.050791366906475,7.584813008130081,1.28185215718604,0.24227642276422764,1.9443552701979667,0.007985576655104553,0.11893048128342246,1.292283910859204,0.011959163830821585,13.99747936984246,0.4058207979071288,0.282051282051282,0.1249314066215475,0.4632220711434713,0.9292971019455116,-0.11039426523297491,0.2785862785862786,-0.25427682737169516,-0.32373475342225344,0.25555255214668654,2.164855685396768,Entertainment,Communication Services,PARAA
2020Q2,2020,Q2,2020-06-30,2020-06-30,481000000.0,6275000000.0,1286000000.0,0.78,2790000000.0,0.4446215139442231,51188000000.0,13874000000.0,12439000000.0,7985000000.0,36638000000.0,1837000000.0,9150000000.0,15744000000.0,35340000000.0,22.559349593495934,1.5577958672510959,0.4275220754864421,1.5773389073086348,0.026847341417028135,22.559349593495934,0.03466916534525011,2.509003984063745,8.182952182952183,1.1347844889721783,0.3097713097713098,1.8971148611867175,0.009463922764227643,0.12258732515433304,1.1805886036318096,0.009396733609439713,22.050420168067227,0.4446215139442231,-0.07142857142857137,0.15432461553531193,0.553151132629686,0.853778517661078,0.07142857142857142,-0.06782945736434108,0.11826086956521739,4.461312026913372,0.268749485161416,2.477935510226819,Entertainment,Communication Services,PARAA
2020Q1,2020,Q1,2020-03-31,2020-03-31,516000000.0,6669000000.0,1150000000.0,0.84,2604000000.0,0.3904633378317589,49045000000.0,13449000000.0,10406000000.0,8531000000.0,35524000000.0,1431000000.0,8827000000.0,10947619999.999998,30736620000.0,21.903908794788272,1.2197866604149572,0.4154959730859415,1.5152055914937914,0.025518612456599154,21.903908794788272,0.03836716484496989,1.641568451042135,5.30407945736434,0.8140099635660644,0.29457364341085274,2.840670859538784,0.01388429631280589,0.1359771638291365,0.9129058726995662,0.010520950147823428,35.893836065573765,0.3904633378317589,-0.4649681528662421,0.06221994411283266,0.5454453234062353,0.7051972142886601,-0.6085976251315196,-0.4658385093167702,-0.3780421849648459,2.3673026213742827,0.3321091960350812,2.112860521962978,Entertainment,Communication Services,PARAA
2019Q4,2019,Q4,2019-12-31,2019-12-31,966000000.0,16541000000.0,1849000000.0,1.57,6653000000.0,0.40221268363460494,49519000000.0,13207000000.0,11902000000.0,9048000000.0,36230000000.0,2876000000.0,8494000000.0,27550180000.0,47546180000.0,21.509771986970684,1.3154288240495138,0.41656737817807304,1.5618989929582796,0.038347338257812745,21.509771986970684,0.07314303021125161,1.6655691917054591,7.129963768115942,2.0860286211857346,0.40372670807453415,3.4381084840055633,0.014155987365599788,0.3340334013207052,0.8662687886825818,0.019507663725034836,43.730444444444444,0.40221268363460494,0.8470588235294119,0.961850604538177,2.769075196426407,0.58931600764561,4.466721446179129,2.0282131661442007,2.69061876247505,6.90331786342279,3.336541196431531,1.472253543636641,Entertainment,Communication Services,PARAA
2019Q3,2019,Q3,2019-09-30,2019-09-30,319000000.0,3295000000.0,501000000.0,0.85,1217000000.0,0.3693474962063733,24476000000.0,5052000000.0,6273000000.0,4122000000.0,19424000000.0,1964000000.0,-14683000000.0,14728723252.762201,25020723252.7622,13.508021390374331,1.5218340611353711,0.4285013891158686,2.0760095011876483,0.027493350983813707,13.508021390374331,0.06314330958036421,4.4700222314908045,11.542886561725863,2.915424238472328,0.21003134796238246,1.0580448065173116,0.004548934680230001,0.13462167020755025,0.9415332362930616,0.013033175355450236,-2104.1033218231714,0.3693474962063733,-0.2735042735042735,-0.7231453899436528,0.39204198027727455,-0.04514119323955031,-0.06384615384615384,-0.275,-0.27913669064748203,-0.21129707112970708,0.1466698790020345,0.11640715305636773,Entertainment,Communication Services,PARAA
2019Q2,2019,Q2,2019-06-30,2019-06-30,440000000.0,3809000000.0,695000000.0,1.17,1300000000.0,0.3412969283276451,23835000000.0,4753000000.0,6336000000.0,3843000000.0,19082000000.0,1945000000.0,-15002000000.0,17104687373.4572,27251687373.4572,12.70855614973262,1.648711943793911,0.4347807845605202,2.1803071744161584,0.034128884504569496,12.70855614973262,0.09257311171891437,4.490597892742767,9.7185723712825,3.5987139435003574,0.15454545454545454,1.289974293059126,0.003975518436280887,0.15980700650304175,1.0437158469945356,0.018460247535137402,-108.94705333412229,0.3412969283276451,-0.7220902612826603,0.5275358434945734,0.8209411630512818,-0.19521419782828645,-0.08386187455954898,-0.7220467466835123,-0.43403908794788276,0.25434570991517186,0.3973854220726927,0.06376370147167998,Entertainment,Communication Services,PARAA
2019Q1,2019,Q1,2019-03-31,2019-03-31,1583000000.0,4167000000.0,1228000000.0,4.21,1419000000.0,0.34053275737940963,24075000000.0,4349000000.0,6732000000.0,4492000000.0,19726000000.0,1533000000.0,-15442000000.0,16252247385.6078,25976247385.6078,11.659517426273458,1.4986642920747997,0.42467289719626167,2.3508852609795357,0.11527366700741863,11.659517426273458,0.36399172223499654,3.9002273543575234,2.5666846787125395,3.737007906555024,0.04421983575489577,1.7925636007827788,0.004307096633416286,0.1730841121495327,1.0345057880676758,0.06575285565939772,39.543180986880294,0.34053275737940963,1.8255033557046978,4.304959785522788,0.6948587487346068,-0.19442332651825048,0.0,1.82174688057041,0.8979907264296755,3.118353558655323,0.3322307176335624,-0.023943370662134304,Entertainment,Communication Services,PARAA
2018Q4,2018,Q4,2018-12-31,2018-12-31,561000000.0,4024000000.0,647000000.0,1.49,1419000000.0,0.35263419483101394,21859000000.0,2804000000.0,6752000000.0,4573000000.0,19055000000.0,1988000000.0,-17201000000.0,14786216356.236599,24616216356.2366,7.497326203208556,1.4764924557183468,0.4644311267670067,3.6205420827389445,0.05364089864848208,7.497326203208556,0.20007132667617689,3.674507046778479,6.58922297515,5.273258329613624,0.12121212121212122,1.3103621730382293,0.004598877654817937,0.1840889336200192,0.9540782855893287,0.025664486024063314,82.14564642353666,0.35263419483101394,0.15503875968992245,0.9117021276595745,0.6478792163061269,-0.5493780457834713,0.058165548098434,0.14959016393442623,-0.06231884057971015,1.6954022988505746,0.2905726438447968,-0.3679227054997641,Entertainment,Communication Services,PARAA
2018Q3,2018,Q3,2018-09-30,2018-09-30,488000000.0,3263000000.0,690000000.0,1.29,1341000000.0,0.410971498620901,21068000000.0,2514000000.0,6040000000.0,3993000000.0,18554000000.0,1828000000.0,-17762000000.0,18764903121.0,28435903121.0,6.704,1.5126471324818431,0.4676760964495918,3.919252187748608,0.0495290948321722,6.704,0.19411296738265713,5.750813092552866,9.613167582479509,7.464161941527446,0.13934426229508196,1.0514223194748358,0.0036237863612469438,0.15487943801025253,0.97145003756574,0.023163090943611162,187.64903121,0.410971498620901,0.22857142857142856,0.5884696356275302,0.44383709411117217,-0.5819964843346086,0.046021840873634944,0.22,0.04704097116843703,0.4662910798122065,0.28235799815781387,-0.45264160571525774,Entertainment,Communication Services,PARAA
2018Q2,2018,Q2,2018-06-30,2018-06-30,400000000.0,3466000000.0,659000000.0,1.05,1282000000.0,0.3698788228505482,20385000000.0,2167000000.0,6048000000.0,3784000000.0,18218000000.0,1876000000.0,-18250000000.0,19122311050.831802,28720311050.831802,5.732804232804233,1.5983086680761098,0.4831984302182978,4.545454545454546,0.04321270320454403,5.732804232804233,0.18458698661744347,5.517112247787594,11.951444406769877,8.824324435086202,0.1725,1.164179104477612,0.00360835046645675,0.1700269806230071,1.0171775898520083,0.019622271277900418,65.04187432255715,0.3698788228505482,-0.20454545454545456,0.36534839924670415,0.5096272265777538,-0.636363110324156,-0.05804555473916238,-0.2172211350293542,-0.14637305699481865,0.5618027666220436,0.39576357967162556,-0.5289159694660281,Entertainment,Communication Services,PARAA
2018Q1,2018,Q1,2018-03-31,2018-03-31,511000000.0,3761000000.0,772000000.0,1.32,1361000000.0,0.3618718425950545,20591000000.0,1983000000.0,6191000000.0,4069000000.0,18608000000.0,1593000000.0,-18650000000.0,17535783257.973602,27094783257.973602,5.19109947643979,1.5215040550503809,0.4713709873245593,4.894604135148764,0.05253579511428771,5.19109947643979,0.25769036812909735,4.662532107942995,8.579150321904892,8.843057618746144,0.13894324853228962,1.5065913370998116,0.004048863911893755,0.18265261522024184,0.9749324158269845,0.024816667476081782,25.525157580747603,0.3618718425950545,14.200000000000001,0.8751905735525275,0.5133877196620188,-0.6568370475974974,-0.04356992269852424,13.463414634146341,1.250728862973761,0.6907938448454568,0.40088107703814513,-0.5958781398675917,Entertainment,Communication Services,PARAA
2017Q4,2017,Q4,2017-12-31,2017-12-31,-41000000.0,3921000000.0,343000000.0,-0.1,1423000000.0,0.36291762305534303,20843000000.0,1978000000.0,6273000000.0,3972000000.0,18865000000.0,1828000000.0,-18900000000.0,20787918140.4327,30664918140.4327,5.0588235294117645,1.5793051359516617,0.48754977690351675,5.137512639029323,0.004860852774972984,5.0588235294117645,-0.020728008088978768,5.301687870551569,-126.75559841727257,10.50956427726628,-1.7560975609756098,1.3665207877461707,0.0034635502946280755,0.1881207119896368,1.0025176233635449,-0.0019670872715060214,-120.16137653429307,0.36291762305534303,-1.0684931506849316,-1.1691623878227029,0.943698048650428,-0.6859596477384649,0.08708938120702826,-1.0692567567567568,-0.5148514851485149,-1.130756797929194,0.40301235833974297,-0.6262131825470504,Entertainment,Communication Services,PARAA
2017Q3,2017,Q3,2017-09-30,2017-09-30,592000000.0,3171000000.0,707000000.0,1.46,1309000000.0,0.41280353200883,23894000000.0,2994000000.0,6294000000.0,4052000000.0,20900000000.0,1830000000.0,-18859000000.0,20774440995.1428,30319440995.1428,7.466334164588528,1.5533070088845016,0.4054992885243157,3.2361389445557784,0.03992220557701911,7.466334164588528,0.19772879091516365,6.551384735144371,8.77299028511098,6.938691047141884,0.12331081081081081,1.0174863387978141,0.0035139332999173305,0.1327111408721855,0.9234945705824285,0.024776094417008454,4154.88819902856,0.41280353200883,9.428571428571427,1.4164652307849301,0.4806751407029529,-0.5355764539472585,0.0446927374301676,9.206896551724139,0.05680119581464873,-0.5208074992506532,0.24945432676106,-0.47221767531742,Entertainment,Communication Services,PARAA
2017Q2,2017,Q2,2017-06-30,2017-06-30,58000000.0,3257000000.0,669000000.0,0.14,1253000000.0,0.38470985569542526,22653000000.0,2627000000.0,5686000000.0,3230000000.0,20026000000.0,1560000000.0,-19451000000.0,23203014231.339,32217014231.339,6.48641975308642,1.7603715170278638,0.40542091555202403,3.49600304529882,0.040080664936416384,6.48641975308642,0.022078416444613627,7.124044897555726,100.01299237646121,8.832513982237915,1.2758620689655173,1.2846153846153847,0.0031892408142409523,0.1437778660663047,1.0739938080495357,0.0025603672802719285,130.35401253561236,0.38470985569542526,1.2295081967213115,-0.7833405614826381,0.4945673329639574,-0.5858640877155735,-0.01260835303388495,1.2301587301587302,-0.04971590909090909,-0.814055513372142,0.43786886007714115,-0.5892390557427776,Entertainment,Communication Services,PARAA
2017Q1,2017,Q1,2017-03-31,2017-03-31,-252000000.0,3343000000.0,704000000.0,-0.61,1269000000.0,0.379599162428956,23022000000.0,2885000000.0,5620000000.0,3424000000.0,20137000000.0,1201000000.0,-19509000000.0,25429659044.614002,34219659044.614002,7.036585365853658,1.641355140186916,0.3888888888888889,3.1032928942807625,0.04599365656394162,7.036585365853658,-0.08734835355285962,7.606837883521987,-25.22783635378373,8.814439876815944,-0.3055555555555556,1.7268942547876769,0.0030279603774832596,0.14520893058813308,1.063376168224299,-0.0109460516028147,36.748062203199424,0.379599162428956,-1.259259259259259,-2.100584559564604,0.35063151090226513,-0.5428048292877972,0.6022727272727273,-1.2300884955752212,1.6171003717472119,-1.768292682926829,0.23700473130249988,-0.5138298761043593,Entertainment,Communication Services,PARAA
2016Q4,2016,Q4,2016-12-31,2016-12-31,-113000000.0,2634000000.0,269000000.0,-0.27,792000000.0,0.30068337129840544,24238000000.0,3689000000.0,6063000000.0,3708000000.0,20549000000.0,1427000000.0,-19257000000.0,24162305739.6144,32939305739.6144,8.700471698113208,1.6351132686084142,0.3867893390543774,2.541339116291678,0.018594240011876265,8.700471698113208,-0.030631607481702357,9.173236803194532,-53.456428627465485,6.549825356360639,-0.6991150442477876,1.2908199018920812,0.0032695555155764174,0.10867233270071788,1.0550161812297734,-0.004662100833402096,78.44904460913766,0.30068337129840544,-1.2523364485981308,-1.4681922488526264,0.06711725637241214,-0.4292181465710955,-0.47164776517678453,-1.2364016736401673,-0.6629072681704261,-1.3396577679646728,-0.048543537096626434,-0.4770637620740706,Entertainment,Communication Services,PARAA
2016Q3,2016,Q3,2016-09-30,2016-09-30,478000000.0,3396000000.0,798000000.0,1.07,1499000000.0,0.44140164899882217,23848000000.0,5348000000.0,5457000000.0,3098000000.0,18500000000.0,1459000000.0,-19144000000.0,21461093886.31,30239093886.31,12.099547511312217,1.7614590058102002,0.3755870513250587,1.674831712789828,0.04181867991724686,12.099547511312217,0.0893792071802543,6.319521167935807,11.224421488655858,4.0129195748522815,0.1401673640167364,1.3002056202878685,0.0031219284699527455,0.1424018785642402,1.1384764364105875,0.02004360952700436,2384.565987367778,0.44140164899882217,0.15053763440860216,1.1085035743928886,0.5046855775113794,-0.19442293292031212,0.05119214586255259,0.13002364066193853,0.08867667121418826,0.320067048931064,0.274904932550049,-0.24557676048792607,Entertainment,Communication Services,PARAA
2016Q2,2016,Q2,2016-06-30,2016-06-30,423000000.0,3287000000.0,733000000.0,0.93,1426000000.0,0.43383024034073625,23138000000.0,5388000000.0,5096000000.0,3087000000.0,17750000000.0,1224000000.0,-19622000000.0,22927203900.2193,31160203900.2193,11.946784922394679,1.6507936507936507,0.36342812689082893,1.5606904231625836,0.03602994712863318,11.946784922394679,0.07850779510022271,6.975115272351475,13.550356915023228,4.2552345768781175,0.16312056737588654,1.5204248366013071,0.0030095252914525703,0.14206067940184977,1.1075477810171688,0.018281614659866885,125.97364780340274,0.43383024034073625,-0.08823529411764702,0.5885205871621432,0.3596871549002464,-0.19658231673883791,-0.044876088412592094,-0.10570824524312897,-0.1071863580998782,0.21014976135893856,0.1999305859017449,-0.24220476848886996,Entertainment,Communication Services,PARAA
2016Q1,2016,Q1,2016-03-31,2016-03-31,473000000.0,3849000000.0,821000000.0,1.02,1493000000.0,0.38789295921018446,23501000000.0,5483000000.0,5534000000.0,3384000000.0,18018000000.0,822000000.0,-20045000000.0,23601101553.018,31439101553.018,11.94553376906318,1.6353427895981087,0.35100634015573806,1.5044683567390116,0.0407378687586006,11.94553376906318,0.08626664234907896,6.1317489095915825,12.474155154872093,4.304413925409083,0.1543340380549683,2.8661800486618003,0.00309307596664551,0.16378026466958853,1.2083333333333333,0.020126803114761074,23.8394965182,0.38789295921018446,0.8545454545454544,2.4384046247762026,0.6102303409492953,-0.17675973820566626,0.010832769126607989,0.8122605363984674,1.1835106382978724,0.44456247510290803,0.28897786837507294,-0.21032824456161006,Entertainment,Communication Services,PARAA
2015Q4,2015,Q4,2015-12-31,2015-12-31,261000000.0,3910000000.0,376000000.0,0.55,1477000000.0,0.37774936061381076,23765000000.0,5563000000.0,5747000000.0,3560000000.0,18202000000.0,1271000000.0,-20518000000.0,21247039518.404,29372039518.404,11.861407249466952,1.6143258426966292,0.3554807490006312,1.5186050692072623,0.0260006937295238,11.861407249466952,0.046917131044400505,5.434025452277238,20.351570419927203,3.819349185404278,0.27586206896551724,1.914240755310779,0.003388707397924037,0.1645276667367978,1.1098314606741573,0.010982537344834842,31.154016889155425,0.37774936061381076,-0.37499999999999994,0.3253821754428263,0.44063732788654986,-0.1859368586297451,0.04381625441696113,-0.3873239436619718,-0.50066401062417,-0.10223148163218801,0.6158931072896858,-0.26367059667462567,Entertainment,Communication Services,PARAA
2015Q3,2015,Q3,2015-09-30,2015-09-30,426000000.0,3257000000.0,753000000.0,0.88,1415000000.0,0.43444887933681303,24239000000.0,5879000000.0,5555000000.0,3432000000.0,18360000000.0,1420000000.0,-20779000000.0,18679261584.528,27345261584.528,12.247916666666667,1.6185897435897436,0.3630100251660547,1.4966831093723423,0.03472459433928996,12.247916666666667,0.07246130294267733,5.735112552817931,10.962007972140844,3.1772855221173666,0.17136150234741784,1.2971830985915493,0.003908077397474094,0.13437022979495855,1.0285547785547786,0.01757498246627336,-62.68208585412081,0.43444887933681303,0.31343283582089543,0.9023856466876972,0.39845029572338475,-0.12643441009761727,0.07850609756097561,0.28313253012048195,0.28498293515358364,0.45268542199488476,0.2705285742149404,-0.23815077590954747,Entertainment,Communication Services,PARAA
2015Q2,2015,Q2,2015-06-30,2015-06-30,332000000.0,3219000000.0,586000000.0,0.67,1312000000.0,0.40757999378689036,23662000000.0,5963000000.0,5232000000.0,3467000000.0,17699000000.0,1156000000.0,-21205000000.0,24302015692.864,32082015692.864,12.16938775510204,1.5090856648399191,0.3423210210464035,1.3583766560456145,0.028000665565025545,12.16938775510204,0.0556766728156968,7.549554424623795,18.299710612096383,4.075468001486501,0.22590361445783133,1.6496539792387543,0.0030861637548042103,0.13604090947510777,0.9933660224978368,0.014030935677457527,58.278215090800956,0.40757999378689036,-0.141025641025641,2.0654556826061534,0.3393188905703381,-0.10005104818797834,-0.033873343151693665,-0.15736040609137056,-0.16524216524216523,0.025053768580031617,0.220893121345201,-0.22302584603716966,Entertainment,Communication Services,PARAA
2015Q1,2015,Q1,2015-03-31,2015-03-31,394000000.0,3500000000.0,702000000.0,0.78,1358000000.0,0.388,23786000000.0,6397000000.0,5220000000.0,3092000000.0,17389000000.0,764000000.0,-21537000000.0,26459012914.756798,33842012914.756798,12.845381526104418,1.6882276843467012,0.32430841671571514,1.2058777551977489,0.033192800408006304,12.845381526104418,0.06159137095513522,7.5597179756448,16.788713778398986,4.136159592739847,0.20304568527918782,2.803664921465969,0.003023544387605713,0.14714537963507945,1.1727037516170764,0.016564365593206086,66.14753228689199,0.388,-0.012658227848101276,21.422315215058706,0.34614756855169976,-0.03966001634909872,-0.061506565307532825,-0.04600484261501211,-0.007072135785007072,0.41668602785798836,0.16418784209211987,-0.16538404718433902,Entertainment,Communication Services,PARAA
2014Q4,2014,Q4,2014-12-31,2014-12-31,413000000.0,3681000000.0,707000000.0,0.79,1447000000.0,0.39309970116816084,24072000000.0,6970000000.0,5589000000.0,4033000000.0,17102000000.0,922000000.0,-21931000000.0,24899778709.6465,31617778709.6465,13.533980582524272,1.3858170096702207,0.2968594217347956,1.025251076040172,0.0333900066118825,13.533980582524272,0.05925394548063128,6.764406060756995,15.07250527218311,3.572421622617862,0.18886198547215496,2.422993492407809,0.0031325579600344714,0.1529162512462612,0.9637986610463675,0.01715686274509804,27.883290828271555,0.39309970116816084,-0.7392739273927392,8.223693943596855,0.38174694007135557,0.014815959815637917,0.011180992313067784,-0.7480170835875534,0.058383233532934134,0.40881658357386524,0.2277807426260802,-0.11212279182067253,Entertainment,Communication Services,PARAA
2014Q3,2014,Q3,2014-09-30,2014-09-30,1639000000.0,3367000000.0,668000000.0,3.03,1431000000.0,0.425007425007425,23455000000.0,7526000000.0,5404000000.0,3397000000.0,15929000000.0,1136000000.0,-22344000000.0,24463124123.8636,31244124123.8636,14.146616541353383,1.5908154253753313,0.29669580046898314,0.9246611745947383,0.021960320199878362,14.146616541353383,0.21777836832314643,7.26555513034262,3.7314100249944477,3.2504815471516877,0.042098840756558877,1.704225352112676,0.0028205718799705964,0.14355148156043487,1.046806005298793,0.0698784907269239,-64.5465016460781,0.425007425007425,2.9868421052631575,9.014171990670317,0.27485781618224653,0.07912288237946953,0.029496402877697843,2.733485193621868,-0.08493150684931507,5.006701294656761,0.23945804332525206,-0.05813090515741774,Entertainment,Communication Services,PARAA
2014Q2,2014,Q2,2014-06-30,2014-06-30,439000000.0,3188000000.0,730000000.0,0.76,1390000000.0,0.4360100376411543,26316000000.0,9001000000.0,5392000000.0,3321000000.0,17042000000.0,940000000.0,-23983000000.0,30279560133.882,36265560133.882,15.791228070175439,1.6236073471845829,0.2373841009271926,0.694033996222642,0.03176830409071313,15.791228070175439,0.048772358626819244,9.4979799667133,17.243485269864465,3.3640217902324183,0.15945330296127563,1.9127659574468086,0.002311790517778094,0.12114303085575315,0.9825353809093647,0.01668186654506764,336.43955704313333,0.4360100376411543,-0.025641025641025664,32.67767145135566,0.25280723346469486,0.23503942839875736,-0.11577608142493638,-0.06196581196581197,-0.10757946210268948,0.3044237175216522,0.043420318783573435,0.061955325587793444,Entertainment,Communication Services,PARAA
2014Q1,2014,Q1,2014-03-31,2014-03-31,468000000.0,3856000000.0,818000000.0,0.78,1572000000.0,0.40767634854771784,26115000000.0,8467000000.0,5077000000.0,4072000000.0,17648000000.0,541000000.0,-24422000000.0,30909911327.919003,38592911327.91901,14.473504273504274,1.2468074656188606,0.3061076009955964,0.9441360576355262,0.03299077280305638,14.473504273504274,0.05527341443250266,8.016055842302645,16.5117047691875,3.6506332027777253,0.16025641025641027,4.22181146025878,0.0024264061842279422,0.14765460463335248,0.8870333988212181,0.017920735209649628,66.47292758692258,0.40767634854771784,0.026315789473684233,10.714285714285715,0.40072808752197336,0.1474973280822366,-0.022388059701492536,-0.00425531914893617,0.031525851197982346,1.6693069306930692,0.2657092069057881,-0.0025417300263925564,Entertainment,Communication Services,PARAA
2013Q4,2013,Q4,2013-12-31,2013-12-31,470000000.0,3911000000.0,793000000.0,0.76,1608000000.0,0.4111480439785221,26387000000.0,9966000000.0,5370000000.0,4207000000.0,16421000000.0,772000000.0,-24890000000.0,32486831252.5747,38525831252.5747,16.637729549248746,1.2764440218683146,0.24390798499261,0.6457957053983544,0.03236841724551987,16.637729549248746,0.047160345173590204,8.306528062535081,17.280229389667394,3.2597663307821296,0.15319148936170213,2.983160621761658,0.0022162826358847706,0.14821692500094744,0.906108866175422,0.017811801265774814,76.80101950963287,0.4111480439785221,-0.050000000000000044,2.8713187175785255,0.2431223208830807,0.29950512280838554,-0.032490974729241874,-0.048582995951417005,-0.042270531400966184,0.8687211312139784,0.1282666269920692,0.14186808506543944,Entertainment,Communication Services,PARAA
2013Q3,2013,Q3,2013-09-30,2013-09-30,494000000.0,3634000000.0,828000000.0,0.8,1662000000.0,0.457347275729224,25895000000.0,9671000000.0,4892000000.0,3753000000.0,16224000000.0,554000000.0,-25360000000.0,28375588715.019302,34455588715.0193,16.038142620232172,1.3034905409006128,0.24352191542768875,0.6520525281770241,0.034131725645938624,16.038142620232172,0.05108055009823183,7.808362332146203,14.360115746467256,2.934090447215314,0.14777327935222673,3.55956678700361,0.0025726338485220867,0.14033597219540453,0.9184652278177458,0.01907704189998069,133.84711658027973,0.457347275729224,0.05263157894736847,1.0441034650640917,0.19773725697626932,0.17294270277579601,0.01651376146788991,0.046610169491525424,-0.011933174224343675,0.7560619614859458,0.24204727047202557,0.14389817470848756,Entertainment,Communication Services,PARAA
2013Q2,2013,Q2,2013-06-30,2013-06-30,472000000.0,3699000000.0,838000000.0,0.76,1635000000.0,0.4420113544201135,25693000000.0,9601000000.0,4770000000.0,3825000000.0,16092000000.0,449000000.0,-25854000000.0,25157177531.9277,31298177531.9277,15.765188834154351,1.2470588235294118,0.24999026972327093,0.6689928132486199,0.03420477392020078,15.765188834154351,0.0491615456723258,6.8010752992505275,13.324776235131194,2.620266381827695,0.15677966101694915,4.596881959910913,0.0029415064510350765,0.1439691744833223,0.857516339869281,0.01837076246448449,60.619704896211324,0.4420113544201135,0.10144927536231894,0.2703537695263185,0.19806201319715702,-0.518715686198743,0.044061302681992334,0.0654627539503386,0.0475,2.506531496790864,0.2383007514126884,0.16586515705915486,Entertainment,Communication Services,PARAA
2013Q1,2013,Q1,2013-03-31,2013-03-31,443000000.0,4040000000.0,800000000.0,0.69,1566000000.0,0.38762376237623763,26111000000.0,9394000000.0,5259000000.0,4440000000.0,16717000000.0,569000000.0,-26326000000.0,24065483757.6663,30123483757.6663,15.127214170692431,1.1844594594594595,0.2476733943548696,0.6884181392378114,0.03369699798917994,15.127214170692431,0.04715776027251437,5.956802910313441,13.580972775206718,2.56179303360297,0.18284424379232506,4.3479789103690685,0.0033658164039273315,0.15472406265558578,0.7970720720720721,0.01696602964267933,43.51805381133147,0.38762376237623763,0.14999999999999997,0.9502940802305445,0.18910657390958843,-0.533693342659091,0.055967633175994604,0.1272264631043257,-0.0012484394506866417,19.41408833327187,0.2460737134209963,0.13093321361020674,Entertainment,Communication Services,PARAA
2012Q4,2012,Q4,2012-12-31,2012-12-31,393000000.0,3271000000.0,801000000.0,0.6,1483000000.0,0.45337817181290124,26466000000.0,10213000000.0,5720000000.0,3941000000.0,16253000000.0,859000000.0,-26769000000.0,20328945367.575798,25542945367.575798,16.108832807570977,1.4514082720121797,0.22375878485604173,0.5798492117888965,0.03234250837858555,16.108832807570977,0.03848036815822971,6.21490228296417,12.931899088788676,1.9904969516866544,0.19592875318066158,2.0814901047729917,0.0037877026381709514,0.12359253381697272,0.9756407003298655,0.014849240535026072,87.24869256470299,0.45337817181290124,0.0,0.4465888273846135,-0.08324452666113655,-0.4989340068098277,-0.05960684844641725,0.005115089514066497,0.038910505836575876,6.12960310307088,-0.0026187275517027884,0.20788562739874614,Entertainment,Communication Services,PARAA
2012Q3,2012,Q3,2012-09-30,2012-09-30,391000000.0,3418000000.0,771000000.0,0.6,1577000000.0,0.46138092451726154,26392000000.0,10289000000.0,5788000000.0,3663000000.0,16103000000.0,685000000.0,-27162000000.0,19198073381.632,24178073381.632,16.0765625,1.58012558012558,0.22457562897847833,0.5760520944698221,0.030858945106447575,16.0765625,0.03800174944115074,5.616756401881802,12.27498298058312,1.8658833104900379,0.1636828644501279,2.6875912408759124,0.0033336678492557914,0.12950894210366778,1.1326781326781328,0.014815095483479842,117.77959129835583,0.46138092451726154,-0.07692307692307698,0.2583568489659191,0.1508368188882794,-0.4637379131266481,-0.013758599124452783,-0.08430913348946135,0.002600780234070221,0.9858411608863198,0.07577723880597016,0.22634174843435614,Entertainment,Communication Services,PARAA
2012Q2,2012,Q2,2012-06-30,2012-06-30,427000000.0,3476000000.0,769000000.0,0.65,1599000000.0,0.4600115074798619,26781000000.0,10118000000.0,6382000000.0,4374000000.0,16663000000.0,521000000.0,-27553000000.0,18036461762.1806,22949461762.1806,15.662538699690403,1.4590763603109282,0.25394869497031475,0.6721684127297884,0.030027019878318278,15.662538699690403,0.042202016208736905,5.188855512710184,10.559989322119788,1.782611362144752,0.15456674473067916,3.602687140115163,0.0036592542855822647,0.12979351032448377,1.1113397347965248,0.015944139501885665,32.323408175950895,0.4600115074798619,0.20370370370370366,0.17931214174048973,0.1492145576243194,-0.5011970019954296,0.09295967190704033,0.1763085399449036,0.19781931464174454,27.903321137067266,0.20528026335613686,0.22497457176705468,Entertainment,Communication Services,PARAA
2012Q1,2012,Q1,2012-03-31,2012-03-31,363000000.0,3924000000.0,642000000.0,0.54,1463000000.0,0.37283384301732925,26393000000.0,10004000000.0,5783000000.0,4150000000.0,16389000000.0,574000000.0,-27980000000.0,18619349474.504997,23749349474.504997,15.39076923076923,1.3934939759036145,0.22445345356723373,0.5921631347461016,0.02597679047834344,15.39076923076923,0.03628548580567773,4.744992220821865,12.823243439741734,1.861190471261995,0.19008264462809918,4.2874564459930316,0.003705822273462343,0.148675785246088,0.9942168674698795,0.013753646800287955,30.674381341853373,0.37283384301732925,-0.018181818181818195,0.9793341740226984,0.2488762896570867,-0.48159644446270605,-0.045662100456621,-0.01891891891891892,-0.01984732824427481,7.781318681318682,0.2828867515281642,0.22022049641209696,Entertainment,Communication Services,PARAA
2011Q4,2011,Q4,2011-12-31,2011-12-31,370000000.0,3784000000.0,655000000.0,0.55,1533000000.0,0.40512684989429176,26197000000.0,9908000000.0,5543000000.0,3933000000.0,16289000000.0,735000000.0,-28343000000.0,14995242279.744999,20317242279.745,15.243076923076924,1.409356725146199,0.22834675726228193,0.6037545417844167,0.02704883039473087,15.243076923076924,0.03734356075898264,3.9628018709685513,10.131920459287162,1.5134479491062776,0.1783783783783784,3.0625850340136056,0.004401396040739553,0.1444440203076688,0.9951690821256038,0.014123754628392564,-340.80096090329545,0.40512684989429176,0.10000000000000009,0.28578185993111366,0.1345020870602266,-0.5096424143823017,-0.01414790996784566,0.09467455621301775,-0.06827880512091039,1.8085118408410104,0.10838500579065932,0.1905745005811306,Entertainment,Communication Services,PARAA
2011Q3,2011,Q3,2011-09-30,2011-09-30,338000000.0,3365000000.0,703000000.0,0.5,1555000000.0,0.462109955423477,26114000000.0,9898000000.0,5466000000.0,3964000000.0,16216000000.0,536000000.0,-28713000000.0,11277669481.572199,16321669481.572199,15.019726858877087,1.3789101917255298,0.22941717086620203,0.6052737926853909,0.027517887048717552,15.019726858877087,0.03414831279046272,3.351461955890698,8.341471510038609,1.1393887130301272,0.19822485207100593,3.376865671641791,0.005940943748127973,0.12885808378647468,1.0244702320887993,0.012943248832044115,388.8851545369724,0.462109955423477,-0.13793103448275856,0.2397605597855936,0.15761977791362833,-0.5051054399637017,-0.0006426735218508997,-0.14430379746835442,-0.04223433242506812,1.0276117772252547,0.01483071256889426,0.09846130153383531,Entertainment,Communication Services,PARAA
2011Q2,2011,Q2,2011-06-30,2011-06-30,395000000.0,3586000000.0,734000000.0,0.58,1556000000.0,0.433909648633575,26229000000.0,9948000000.0,5695000000.0,3931000000.0,16281000000.0,360000000.0,-29051000000.0,15915402826.869,20564402826.869,14.869955156950672,1.448740778427881,0.22856380342369134,0.6026336952151187,0.02923111999195547,14.869955156950672,0.03970647366304785,4.4382049154682095,10.07303976384114,1.5998595523591677,0.09113924050632911,5.638888888888889,0.0022619597123374976,0.13671889892866673,1.111676418214195,0.015059666781043883,24.63684648122136,0.433909648633575,1.0,-0.4224824856637435,0.1766641394091712,-0.5080473143638994,0.26094003241491087,0.9554455445544554,0.6796338672768879,-0.032232680232311336,0.05729560528778968,-0.5460456427604627,Entertainment,Communication Services,PARAA
2011Q1,2011,Q1,2011-03-31,2011-03-31,202000000.0,3510000000.0,437000000.0,0.29,1234000000.0,0.35156695156695156,26372000000.0,9780000000.0,5637000000.0,4195000000.0,16592000000.0,438000000.0,-29446000000.0,13947803867.817001,18969803867.817,14.510385756676557,1.3437425506555423,0.22728651600182012,0.6128834355828221,0.017704214035079817,14.510385756676557,0.02065439672801636,3.9737332956743594,17.262133499773515,1.426155814705215,0.18316831683168316,5.19634703196347,0.002652747368019231,0.1330957075686334,0.9816448152562575,0.00765963901107235,16.351469950547482,0.35156695156695156,-0.2926829268292683,0.0075524453575675785,0.10906390749275979,-0.4997843292196191,-0.1620832484552183,-0.2862190812720848,-0.29138965461326416,-0.18063114986074175,-0.04812869442941906,-0.552707497720761,Entertainment,Communication Services,PARAA
2010Q4,2010,Q4,2010-12-31,2010-12-31,283000000.0,3900400000.0,616700000.0,0.41,1472700000.0,0.3775766588042252,26142600000.0,9820600000.0,5334700000.0,4025500000.0,16322000000.0,725400000.0,-29647500000.0,10544418837.3856,16065218837.3856,14.570623145400594,1.3252266799155386,0.22954105559508237,0.6110420951876667,0.02440111820860182,14.570623145400594,0.028816976559477018,2.7034198639589784,9.314857630199294,1.0737041359372748,0.12014134275618374,3.3467052660601047,0.00322445461664059,0.14919709592771951,0.9261209787604024,0.010825243089822741,264.27114880665664,0.3775766588042252,-0.10869565217391314,1.035055980467214,2.584963051047291,-0.4886842096282112,0.0664011585807386,-0.10725552050473186,0.009328968903436988,-0.02013024445978922,0.02828020749093157,-0.5467800898449611,Entertainment,Communication Services,PARAA
2010Q3,2010,Q3,2010-09-30,2010-09-30,317000000.0,3297000000.0,611000000.0,0.46,1381000000.0,0.41886563542614497,26488600000.0,9527000000.0,5678700000.0,4641000000.0,16961600000.0,552300000.0,0.0,8857527194.26935,14322727194.26935,14.020603384841795,1.2235940530058178,0.24679295999033546,0.6861761309961163,0.02465915924924913,14.020603384841795,0.03327385325915818,2.6865414601969517,6.985431541221885,0.9297288962180488,0.10725552050473186,3.4691290965055224,0.003838543111896664,0.12446863933918742,0.8850463262227968,0.011967412396276134,34.11990444633802,0.41886563542614497,1.090909090909091,-0.4830094775777989,-0.3589621124686341,-0.7272127046198088,0.10189100773956754,1.111925383077948,0.4045977011494253,-0.03910300556409712,0.04556527116313225,-0.5323180542868637,Entertainment,Communication Services,PARAA
2010Q2,2010,Q2,2010-06-30,2010-06-30,150100000.0,3331000000.0,435000000.0,0.22,1253300000.0,0.37625337736415493,26014200000.0,9183000000.0,5241500000.0,3907700000.0,16831200000.0,496800000.0,-30247800000.0,7202387398.75937,12906287398.759369,13.522308938300693,1.3413260997517722,0.25147803891720677,0.7124033540237396,0.017459042498084665,13.522308938300693,0.01634542088642056,2.162229780474143,11.995981676814406,0.7843174778132821,0.24716855429713525,4.182165861513687,0.005151069769780861,0.12804545209923812,0.9554725285973846,0.005769925655987883,14.653890943559247,0.37625337736415493,6.5,-0.7653961693482614,-0.33212375834882235,-0.7353502494659065,0.2955344221624974,6.729007633587786,1.8357235984354627,-0.605651335270473,0.04759826672482343,-0.5693566434091741,Entertainment,Communication Services,PARAA
2010Q1,2010,Q1,2010-03-31,2010-03-31,-26200000.0,3530900000.0,153400000.0,-0.04,967400000.0,0.27398113795349627,26756100000.0,9046100000.0,5705200000.0,4712300000.0,17710000000.0,604800000.0,-30397900000.0,7674396820.54908,13772496820.54908,13.375868697323673,1.2107039025528934,0.2605312433426396,0.7705862194757962,-0.02509935087959894,13.375868697323673,-0.002896275743137927,2.1734959417001556,-73.22897729531564,0.8483652425408827,-1.3969465648854962,4.23859126984127,0.00476910444635848,0.13196616846251882,0.86399422787174,-0.0009792159544926204,11.63139863678248,0.27398113795349627,-1.4597701149425288,-1.0538058389603562,-0.23933730460518748,-0.7358070673378804,-0.21253561253561254,-1.445578231292517,-0.3700205338809035,-1.1373054445233588,0.08006479130676224,-0.5494638515383667,Entertainment,Communication Services,PARAA
2009Q4,2009,Q4,2009-12-31,2009-12-31,58800000.0,3498400000.0,243500000.0,0.087,1228500000.0,0.3511605305282415,26962000000.0,9019400000.0,5636900000.0,4746500000.0,17942600000.0,1085000000.0,-30371700000.0,7719273982.212729,13999473982.21273,13.336389176401006,1.1875908564205204,0.25950968029077964,0.7757611371044637,0.00970952267498259,13.336389176401006,0.0065192806616848125,2.206515544881297,32.82004244138065,0.8558522720150707,0.5748299319727891,2.092073732718894,0.004378650126667901,0.12975298568355464,0.7620141156641737,0.002180847118166308,26.131597773231988,0.3511605305282415,-0.71,1.0038311247983454,-0.3324848355969411,-0.7421535586356984,0.008869179600886918,-0.7167630057803468,-0.4177427068388331,-0.8036111325672392,0.008086050032946213,-0.5709790332752623,Entertainment,Communication Services,PARAA
2009Q3,2009,Q3,2009-09-30,2009-09-30,207600000.0,3350000000.0,418200000.0,0.3,1217700000.0,0.36349253731343284,26560500000.0,8846200000.0,5101300000.0,4220600000.0,17714300000.0,861300000.0,-30430500000.0,6577556089.9322405,13090156089.93224,13.109365737996443,1.2086670141686016,0.2630372169198622,0.789762836019986,0.019382511470144158,13.109365737996443,0.023467703646763583,1.963449579084251,7.9209490485696525,0.7435459394917864,0.16811175337186898,2.47567630326251,0.005305922066315595,0.12612714369081907,0.7583518930957683,0.007816117919466877,52.03762729376773,0.36349253731343284,13.999999999999998,1.5444072269096352,-0.21898373699308432,-0.8218144262303232,0.1916038751345533,12.480519480519481,0.726672171758877,-0.2563667404088548,0.1254754268552287,-0.5680511469869889,Entertainment,Communication Services,PARAA
2009Q2,2009,Q2,2009-06-30,2009-06-30,15400000.0,3006300000.0,242200000.0,0.02,1021900000.0,0.33991950237833884,26025900000.0,8610100000.0,4711100000.0,4136900000.0,17415800000.0,648500000.0,-30638100000.0,3776152031.45362,10421452031.45362,12.786011286011286,1.1387995842297371,0.26845565379103126,0.8114656043483816,0.0038100987659708554,12.786011286011286,0.0017885971126932324,1.2560795767067892,61.30116934177954,0.43857237795770315,2.8701298701298703,3.0599845797995373,0.011705037199729831,0.11551185549779258,0.7297009838284706,0.0005917182498972178,10.736855363814671,0.33991950237833884,1.25,-0.9738438205538232,-0.4374363554513515,-0.8276652748167818,0.20677846008502598,1.2784810126582278,1.2530232558139536,-0.9776312461485801,-0.019996661379337678,-0.5769918251712713,Entertainment,Communication Services,PARAA
2009Q1,2009,Q1,2009-03-31,2009-03-31,-55300000.0,3159900000.0,107500000.0,-0.08,846800000.0,0.267983164024178,26405800000.0,8469700000.0,4963500000.0,4461500000.0,17936100000.0,753300000.0,-30653500000.0,2105708365.6855001,8997308365.685501,12.613104988830976,1.1125182113638912,0.27006188034446976,0.8419660672751101,0.008608405082753179,12.613104988830976,-0.006529156876866949,0.6663844949794298,-9.519477240892858,0.24861664116621604,-3.334538878842676,3.070622593920085,0.08757148093485857,0.11966689136477592,0.7110837162389331,-0.0020942368722023192,-22.0032222119697,0.267983164024178,-1.4000000000000001,-1.1003187481889307,-0.3986161056749411,-0.8280654187417005,-0.33584313725490195,-1.4063188831741367,-0.6395036887994634,-1.2768568687942343,0.002159099446540144,-0.5651891770204375,Entertainment,Communication Services,PARAA
2008Q4,2008,Q4,2008-12-31,2008-12-31,136100000.0,3526900000.0,298200000.0,0.2,1275000000.0,0.3615072726757209,26889300000.0,8597300000.0,5192800000.0,4800900000.0,18292000000.0,1027300000.0,-30598200000.0,4356026440.8948,10932626440.8948,12.80312732688012,1.0816305276094065,0.26018155920756586,0.8137554813720587,0.01584843702874754,12.80312732688012,0.01583055145220011,1.2350864614519266,8.001518076588537,0.5066737744285764,1.3306392358559882,2.192056848048282,0.04157458694460978,0.13116369708397022,0.6601678851881939,0.005061492861472779,14.129180800826468,0.3615072726757209,1.0107642626480087,1.4551635438091997,-0.39521039582921635,-0.8246799034662646,-0.03809883062995096,1.0109210251801448,1.0218973278210617,1.0169218440158507,2.4385236959158236,-0.5507095953929173,Entertainment,Communication Services,PARAA
2008Q3,2008,Q3,2008-09-30,2008-09-30,-12462200000.0,3375700000.0,-13618100000.0,-18.58,1325500000.0,0.3926593002932725,27173700000.0,9173500000.0,5217800000.0,4672200000.0,17997600000.0,781500000.0,-30734300000.0,7415292844.4393,13962292844.4393,13.673423759129527,1.1167758229527847,0.2612857284801113,0.7739793971766501,-0.7559725852534577,13.673423759129527,-1.358500027252412,2.196668200503392,-0.14875569410776787,0.8083384579974165,-0.014531944600471827,2.62341650671785,0.024422501416893633,0.12422673393759408,0.7134754505372202,-0.4586125555224353,-194.62710877793438,0.3926593002932725,-31.45901639344262,-24.166080423615362,-0.33481765693148663,-0.8139483108085562,-0.07398351264496297,-31.514691478942215,-22.378492935635794,-21.58494473291494,-0.3352470637111847,-0.7339674917362854,Entertainment,Communication Services,PARAA
2008Q2,2008,Q2,2008-06-30,2008-06-30,408400000.0,3393700000.0,637000000.0,0.61,1431400000.0,0.42178153637622656,41247800000.0,21927200000.0,5233600000.0,4700400000.0,19318500000.0,635700000.0,-18272100000.0,9689868141.87334,15965368141.87334,32.756498356737374,1.1134371542847417,0.17187340900605608,0.3233153343792185,0.013998933794869457,32.756498356737374,0.01862526907220256,2.855251831886537,5.931603906631575,0.44191087516296385,0.42703232125367285,3.0868334119867864,0.017998180929455175,0.08227590319968581,0.7407667432558931,0.009901134121092519,20.874338952764628,0.42178153637622656,0.6944444444444444,-0.19242406919984642,-0.3103452751932647,-0.550744441342198,0.12904243571541252,0.6717151043798608,0.21518504387638307,-0.3524278502713034,-0.3096921171214561,-0.3589113251268169,Entertainment,Communication Services,PARAA
2008Q1,2008,Q1,2008-03-31,2008-03-31,244300000.0,3654100000.0,524200000.0,0.36,1267800000.0,0.34695273802030596,41031300000.0,21667000000.0,6991800000.0,4736900000.0,19362600000.0,750000000.0,-18680500000.0,8892841727.58071,13760541727.58071,32.44048510256027,1.4760286263167894,0.1736869170608779,0.3289149397701574,0.011368794565693452,32.44048510256027,0.011275211150597684,2.4336612921323195,9.100329234118615,0.41043253461857704,0.6909537453950061,3.1817333333333333,0.01898155900790128,0.08905640328237224,1.0939432962486013,0.005953991221335907,9.480641500619093,0.34695273802030596,-0.14285714285714285,-0.27939106491852633,-0.2106937241630187,-0.5497185399913505,-0.16718123891479997,-0.14640111809923131,-0.25624290578887626,-0.49198150089002013,-0.20289584608460362,-0.35925306309697497,Entertainment,Communication Services,PARAA
2007Q4,2007,Q4,2007-12-31,2007-12-31,286200000.0,3758800000.0,704800000.0,0.42,1522300000.0,0.4049962754070448,40430200000.0,21472400000.0,6030900000.0,4404600000.0,18956300000.0,971900000.0,-18924800000.0,12969698788.33194,18710498788.33194,32.1491241203773,1.3692276256640785,0.17530707243595134,0.3300842011139882,0.015126115583303294,32.1491241203773,0.01332873828728973,3.450489195576232,11.329226754308124,0.6040171936221354,0.5866526904262753,2.301162671056693,0.012945558932413262,0.09297010650454364,0.9137946692094628,0.007078866787698305,105.96159140794069,0.4049962754070448,-0.125,-0.42663179953382996,-0.27513418655752436,-0.550879085183294,0.06723219293325855,-0.16632682784736383,0.09135955404149891,1.0188819371015874,-0.2737789482443947,-0.3784271636218436,Entertainment,Communication Services,PARAA
2007Q3,2007,Q3,2007-09-30,2007-09-30,343300000.0,3281400000.0,645800000.0,0.48,1426400000.0,0.4346925092948132,41101700000.0,21198100000.0,5743300000.0,4263200000.0,19902500000.0,792200000.0,-19211000000.0,15798050730.61014,21627750730.610138,29.978928015839344,1.34718052167386,0.17166443237141044,0.3328458682617782,0.015358338304596712,29.978928015839344,0.01619484765144046,4.814423944234211,11.504551944807849,0.7452578641769847,0.4616953102242936,2.3415804089876295,0.010032883341290457,0.07983611383470757,0.8957825107900169,0.00835245257495432,58.4463586038111,0.4346925092948132,-0.12727272727272737,-0.33547422096747753,-0.35510010632436023,0.0,-0.06947615630504272,-0.15024752475247524,-0.13881850913455127,1.8591412526339834,-0.269922976837169,-0.5925193791779446,Entertainment,Communication Services,PARAA
2007Q2,2007,Q2,2007-06-30,2007-06-30,404000000.0,3374900000.0,749900000.0,0.55,1532900000.0,0.4542060505496459,42691800000.0,22633300000.0,7428800000.0,4397000000.0,20057900000.0,729600000.0,-19554200000.0,17139448630.79568,21357948630.795677,31.40024972253052,1.6895155788037297,0.16432429646911118,0.30995480111163637,0.016092996536788334,31.40024972253052,0.017849805375265648,5.078505624106101,10.6060944497498,0.7572668868788767,0.39603960396039606,2.5246710526315788,0.009335189447840026,0.07905265179730066,1.2141232658630885,0.00946317559812423,30.04285474284957,0.4542060505496459,0.9642857142857143,-0.09947521966545253,-0.2971759197286657,0.0,0.21465927099841522,0.892271662763466,0.4385190868981393,-0.3589479600067022,-0.4099910646295188,-0.5767754864617484,Entertainment,Communication Services,PARAA
2007Q1,2007,Q1,2007-03-31,2007-03-31,213500000.0,3657800000.0,521300000.0,0.28,1262000000.0,0.34501612991415603,43325600000.0,22465500000.0,8257500000.0,5325400000.0,20859300000.0,768900000.0,-19958300000.0,16416026248.13837,20762726248.13837,29.688780229945817,1.5505877492770497,0.17830797496168546,0.3438739400413968,0.008857856733298804,29.688780229945817,0.009503460862210945,4.4879507485752015,19.222513171122213,0.7307216063803774,0.7208430913348947,3.11587982832618,0.009374985009996117,0.08442583599534687,1.1668607052991324,0.004927802500138486,21.803727252142874,0.34501612991415603,-0.3636363636363636,1.2221568447449453,-0.2528282199882243,0.0,-0.2021242966428526,-0.36268656716417913,-0.23506969919295673,-0.6563018968153785,-0.3822387077074943,-0.5952996505281195,Entertainment,Communication Services,PARAA
