Quarters,Year,Quarter,FillingDate,Date,NetIncome,Revenue,OperatingIncome,EPSDiluted,GrossProfit,GrossProfitRatio,TotalAssets,CommonStockEquity,CurrentAssets,CurrentLiability,TotalLiability,Inventory,RetainedEarnings,MarketCap,EnterpriseValue,bookValuePerShare,currentRatio,debtToAssets,debtToEquity,roic,shareholdersEquityPerShare,roe,priceToSalesRatio,peRatio,pbRatio,payoutRatio,inventoryTurnover,dividendYield,assetTurnover,quickRatio,returnOnAssets,priceToFreeCashFlowsRatio,grossProfitMargin,epsdilutedGrowth,fiveYNetIncomeGrowthPerShare,fiveYRevenueGrowthPerShare,fiveYShareholdersEquityGrowthPerShare,grossProfitGrowth,netIncomeGrowth,operatingIncomeGrowth,threeYNetIncomeGrowthPerShare,threeYRevenueGrowthPerShare,threeYShareholdersEquityGrowthPerShare,Industry,Sector,Symbol
2023Q1,2023,Q1,2023-05-10,2023-03-31,-3816000.0,0.0,-7145000.0,-0.13,0.0,0.0,242121000.0,236905000.0,216284000.0,3618000.0,5216000.0,0.0,-31565000.0,105015498.75,-47468501.25,7.7828726209806245,59.779988944168046,0.0,0.0,-0.02987014723509129,7.7828726209806245,-0.016107722504801504,0.0,-6.879946196933962,0.4432810567527068,0.0,0.0,0.0,0.0,59.585682697623,-0.015760714683980322,-21.814602980889074,0.0,-0.18181818181818185,-0.09211804195891841,0.0,3.890655057422035,-1.0,-0.19138307836403373,0.12460181328105857,-322.88321921971817,-1.0,-0.1889451000499872,Biotechnology,Healthcare,XBIT
2022Q4,2022,Q4,2023-03-15,2022-12-31,-3203000.0,300000.0,-8162000.0,-0.11,284000.0,0.9466666667,246103000.0,240402000.0,219843000.0,4066000.0,5701000.0,0.0,-27749000.0,106841855.25,-50464144.75,7.897757091783559,54.068617806197736,0.0,0.0,-0.04142725379433893,7.897757091783559,-0.013323516443290821,356.1395175,-8.339201939587886,0.4444299766640876,0.0,0.0,0.0,0.0012190018000593247,53.92080668962125,-0.013014875885300058,41.55653646441073,0.9466666666666667,0.7380952380952381,0.48544980809624877,0.0,3.653339259841889,-0.8061433447098976,0.7469584452520145,-0.2775082172483957,-1.0055440568774157,0.0,-0.6219611558459542,Biotechnology,Healthcare,XBIT
2022Q3,2022,Q3,2022-11-09,2022-09-30,-12658000.0,1680000.0,-6389000.0,-0.42,1465000.0,0.8720238095,250834000.0,244809000.0,223427000.0,3578000.0,6025000.0,-62238000.0,-24546000.0,110190182.74000001,-50377817.25999999,8.042536621352735,62.44466182224706,0.0,0.0,-0.03220699783354114,8.042536621352735,-0.0517056153981267,65.58939448809524,-2.176295282430084,0.45010674746434975,0.0,-0.0034544811851280567,0.0,0.00669765661752394,62.27110117384014,-0.05046365325274883,-17.667176966490302,0.8720238095238095,-0.1052631578947368,-1.373972037508242,0.0,3.2426785090548353,0.1073318216175359,-0.0870834764685675,0.47172151480072766,-1.7735956432718396,0.0,4.1050518314922275,Biotechnology,Healthcare,XBIT
2022Q2,2022,Q2,2022-08-10,2022-06-30,-11644000.0,1530000.0,-12094000.0,-0.38,1323000.0,0.8647058824,266462000.0,255795000.0,238764000.0,8235000.0,10667000.0,0.0,-11888000.0,171373129.51,-54419870.49000001,8.403451895391601,28.993806921675773,0.0,0.0,-0.03862818442732652,8.403451895391601,-0.04552082722492621,112.00858137908496,-3.6794299534094814,0.6699627807814852,0.0,0.0,0.0,0.005741906913556154,28.92762598664238,-0.043698538628397295,-26.53245541260257,0.8647058823529412,-1.1111111111111112,-0.47938508852520695,0.0,3.057276426646169,3.6097560975609757,-1.158294717330862,-0.5416188655194392,-1.4525782301404497,0.0,3.5423043071062854,Biotechnology,Healthcare,XBIT
2022Q1,2022,Q1,2022-05-10,2022-03-31,-5395000.0,500000.0,-7845000.0,-0.18,287000.0,0.574,270803000.0,265560000.0,242980000.0,2891000.0,5243000.0,0.0,-244000.0,259574803.20000002,27753803.200000018,8.839218490063368,84.04704254583189,0.0,0.0,-0.02469407574281113,8.839218490063368,-0.020315559572224733,519.1496064,-12.028489490268768,0.9774619792137371,0.0,0.0,0.0,0.0018463606385453633,83.82843306814252,-0.01992223128990447,-49.12467887963664,0.574,0.14285714285714285,0.4340331615029777,0.0,2.576909720524188,-0.9169079328314997,0.16576465130663368,-0.023216381896439285,-0.10173903457156205,0.0,7.598877694270683,Biotechnology,Healthcare,XBIT
2021Q4,2021,Q4,2022-03-15,2021-12-31,-6467000.0,4500000.0,-7667000.0,-0.21,3454000.0,0.7675555556,275177000.0,269385000.0,246870000.0,3453000.0,5792000.0,0.0,5151000.0,337700561.1,100717561.10000002,8.878442606768887,71.49435273675066,0.0,0.0,-0.0240065334001522,8.878442606768887,-0.0240065334001522,75.04456913333334,-13.05476113731251,1.2535982370956067,0.0,0.0,0.0,0.01635311090679817,68.63104546770924,-0.02350123738539195,-151.0964479194631,0.7675555555555555,-0.9090909090909091,0.5672760147639826,0.0,4.0043715145498915,0.013200352009386917,-0.9831340079730144,-1.054945054945055,-0.2548274184560976,0.0,6.715915656952131,Biotechnology,Healthcare,XBIT
2021Q3,2021,Q3,2021-11-09,2021-09-30,-3261000.0,4519000.0,-3731000.0,-0.11,3409000.0,0.7543704359371542,279519000.0,274157000.0,250237000.0,3861000.0,5362000.0,0.0,11618000.0,392922036.5,154045036.5,9.035719099964505,64.8114478114478,0.0,0.0,-0.008779212249118578,9.035719099964505,-0.011894644309647392,86.94889057313564,-30.122817885617906,1.4332008174148387,0.0,0.0,0.0,0.016167058411056135,64.57342657342657,-0.01166646990007835,-95.78791723549487,0.7543704359371542,0.35294117647058826,0.7207517345127515,0.0,3.0917010585140425,0.07709320695102685,0.36283704572098474,0.6481848184818482,0.23781634773401322,0.0,5.895570616289362,Biotechnology,Healthcare,XBIT
2021Q2,2021,Q2,2021-08-09,2021-06-30,-5118000.0,4525000.0,-10605000.0,-0.17,3165000.0,0.6994475138121546,353956000.0,348564000.0,324863000.0,3891000.0,5392000.0,0.0,89882000.0,496599905.52,181341905.51999998,11.623481550919326,83.49087638139295,0.0,0.0,-0.01606792626343429,11.623481550919326,-0.01468309980376631,109.74583547403314,-24.257517854630713,1.4247022226047439,0.0,0.0,0.0,0.012784074856761857,83.11282446671807,-0.014459424335228108,6.986001343743405,0.6994475138121546,-0.8888888888888891,0.5943339620569762,0.0,3.5450687711954116,0.24312647289866457,-0.9929906542056075,-1.9848015761328455,-0.034927263051112066,0.0,7.081022844612721,Biotechnology,Healthcare,XBIT
2021Q1,2021,Q1,2021-05-10,2021-03-31,-2568000.0,4850000.0,-3553000.0,-0.09,2546000.0,0.5249484536082474,355940000.0,352098000.0,327899000.0,2721000.0,3842000.0,0.0,95000000.0,505205392.59000003,265326392.59000003,11.966465023278662,120.50679897096656,0.0,0.0,-0.008510192261463705,11.966465023278662,-0.007293423989911899,104.16606032783505,-49.182767970210286,1.4348431192168092,0.0,0.0,0.0,0.013625892004270383,90.00918779860345,-0.007214699106590999,431.06262166382254,0.5249484536082474,-0.44069153193532895,0.7252274457819632,0.0,3.0813945751117675,-0.15723270440251572,-0.397170837867247,0.27813896789922793,0.23968622841869303,0.0,6.519569641650874,Biotechnology,Healthcare,XBIT
2020Q4,2020,Q4,2021-03-16,2020-12-31,-1838000.0,5269000.0,-4922000.0,-0.06247,3021000.0,0.5733535775289429,353744000.0,348639000.0,325875000.0,3984000.0,5105000.0,0.0,97568000.0,460481327.55,223115327.55,11.84890683630935,81.79593373493977,0.0,0.0,-0.012403649028075012,11.84890683630935,-0.005271928843302098,87.39444440121466,-62.63347763193689,1.3207969491364993,0.0,0.0,0.0,0.014894952281876159,62.26229919678715,-0.005195847844769098,-176.49725088156382,0.5733535775289429,0.3058888888888889,0.8303324194124941,0.0,2.7130146098226704,1.6901157613535174,0.2723673792557403,-0.053961456102783724,0.694540993633387,0.0,5.9813470744711905,Biotechnology,Healthcare,XBIT
2020Q3,2020,Q3,2020-11-09,2020-09-30,-2526000.0,10549000.0,-4670000.0,-0.09,1123000.0,0.10645558820741302,353393000.0,346139000.0,251685000.0,6198000.0,7254000.0,0.0,94786000.0,554317742.66,315886742.65999997,11.92058814190438,40.60745401742498,0.0,0.0,-0.010670008866736646,11.92058814190438,-0.007297646321275557,52.546946882168925,-54.86121760292953,1.6014310512828662,0.0,0.0,0.0,0.029850619565186632,40.43288157470152,-0.007147849561253336,81.64939500073648,0.10645558820741302,0.625,0.7402989641521778,0.0,2.3491552642542803,-0.5111014366565085,0.6309175920514319,0.28308259134172553,0.5033787079548353,0.0,5.28846662515352,Biotechnology,Healthcare,XBIT
2020Q2,2020,Q2,2020-08-10,2020-06-30,-6844000.0,15498000.0,-6514000.0,-0.24,2297000.0,0.1482126726029165,358762000.0,343570000.0,258389000.0,14136000.0,15192000.0,0.0,97312000.0,395616925.35,165913925.35000002,11.906327556215613,18.278791737408035,0.0,0.0,-0.018082567301320265,11.906327556215613,-0.019920249148645108,25.526966405342627,-14.451231931253654,1.1514885623017144,0.0,0.0,0.0,0.043198555030911856,18.064303904923598,-0.01907671381026976,-32.9845693971986,0.1482126726029165,-619.15503875969,-0.10034993192875716,0.0,2.0048271842014795,-0.2361157299634187,-487.85714285714283,-2.0004606172270845,0.08275370713376554,0.0,4.748502249206982,Biotechnology,Healthcare,XBIT
2020Q1,2020,Q1,2020-05-11,2020-03-31,-14000.0,12681000.0,-2171000.0,-0.000387,3007000.0,0.23712640958914913,358373000.0,347082000.0,257896000.0,10235000.0,11291000.0,0.0,104156000.0,384120015.65999997,142580015.65999997,9.595987425093297,25.197459697117733,0.0,0.0,-0.00023926252541760917,9.595987425093297,-4.033628940711417e-05,30.29098775017743,-6859.285993928571,1.1067125799090702,0.0,0.0,0.0,0.03538492018092881,24.91587689301417,-3.906544298817154e-05,-6.290655655890734,0.23712640958914913,-1.0000203898840885,0.9984870044151796,0.0,4.54780153558739,0.0,-1.0000203934478766,0.8369018105326421,0.9987800727233462,0.0,2.8831465403224823,Biotechnology,Healthcare,XBIT
2019Q4,2019,Q4,2020-03-16,2019-12-31,686495000.0,0.0,-13311000.0,18.98,0.0,0.0,816877000.0,755631000.0,716263000.0,60190000.0,61246000.0,0.0,430929000.0,675103586.845,-39490413.15499997,20.891390432262902,11.900033228110981,0.0,0.0,-0.017615741016448503,20.891390432262902,0.9085056065725202,0.0,0.24585160374256185,0.8934302415398521,0.0,0.0,0.0,0.0,11.872304369496595,0.8403896792295535,-179.93165960687634,0.0,127.53333333333333,103.22107703305448,0.0,10.224877543910095,0.0,112.62520325203252,-1.1782032400589102,39.53360865537788,0.0,10.775520078132784,Biotechnology,Healthcare,XBIT
2019Q3,2019,Q3,2019-11-12,2019-09-30,-6150000.0,0.0,-6111000.0,-0.15,0.0,0.0,66643000.0,64622000.0,40911000.0,2021000.0,2021000.0,0.0,-255566000.0,429061145.8,388723145.8,1.575407436950913,20.242949035131122,0.0,0.0,-0.09456531831264894,1.575407436950913,-0.0951688279533286,0.0,-17.44150999186992,6.63955225465012,0.0,0.0,0.0,0.0,19.959426026719445,-0.09228276037993488,-83.39380870748299,0.0,0.06250000000000006,0.31706673631276994,0.0,1.901998858893476,0.0,-0.05092276144907724,-0.017482517482517484,0.6104493660699196,0.0,-0.28659842055202134,Biotechnology,Healthcare,XBIT
2019Q2,2019,Q2,2019-08-09,2019-06-30,-5852000.0,0.0,-6006000.0,-0.16,0.0,0.0,71875000.0,69413000.0,45599000.0,2462000.0,2462000.0,0.0,-249416000.0,283273712.34999996,238352712.34999996,1.8500415928198994,18.52112103980504,0.0,0.0,-0.08652557878207252,1.8500415928198994,-0.08430697419791681,0.0,-12.101576911739576,4.080989329808537,0.0,0.0,0.0,0.0,18.24573517465475,-0.0814191304347826,-57.88183742337556,0.0,0.0,-0.26648428582720723,0.0,0.0,0.0,0.0020463847203274215,-0.03462532299741602,0.6292683500698415,0.0,-0.2765879799350401,Biotechnology,Healthcare,XBIT
2019Q1,2019,Q1,2019-05-09,2019-03-31,-5864000.0,0.0,-5805000.0,-0.16,0.0,0.0,39824000.0,36983000.0,12982000.0,2841000.0,2841000.0,0.0,-243564000.0,405465545.94,393446545.94,1.027950251688406,4.569517775431186,0.0,0.0,-0.15696401049130682,1.027950251688406,-0.15855933807425032,0.0,-17.286218704809006,10.963565582564962,0.0,0.0,0.0,0.0,4.230552622316086,-0.14724789071916433,-86.58243560538116,0.0,0.05804780407394329,-0.14801886278522647,0.0,0.0,0.0,0.040418916707576504,0.04960707269155206,0.48685519654856313,0.0,-0.6493976648438546,Biotechnology,Healthcare,XBIT
2018Q4,2018,Q4,2019-03-14,2018-12-31,-6111000.0,0.0,-6108000.0,-0.16986,0.0,0.0,44345000.0,41398000.0,17016000.0,2944000.0,2947000.0,0.0,-237700000.0,182765303.76,166942303.76,1.1506661038692545,5.779891304347826,0.0,0.0,-0.14754335958258852,1.1506661038692545,-0.14761582685153873,0.0,-7.476898370152184,4.414834140779748,0.0,0.0,0.0,0.0,5.374660326086956,-0.1378058405682715,-35.66848238875878,0.0,-0.21328571428571425,-1.1661748422611893,0.0,2.5681709249734865,0.0,-0.20985943377549,-0.1941348973607038,0.5386470671749225,0.0,-0.6394232722294714,Biotechnology,Healthcare,XBIT
2018Q3,2018,Q3,2018-10-31,2018-09-30,-5051000.0,0.0,-5115000.0,-0.14,0.0,0.0,49244000.0,46937000.0,21306000.0,2300000.0,2307000.0,0.0,-231589000.0,116056061.28,95207061.28,1.310365682952979,9.263478260869565,0.0,0.0,-0.108975861260839,1.310365682952979,-0.10761233142297122,0.0,-5.744212100574145,2.472592225323306,0.0,0.0,0.0,0.0,9.064782608695651,-0.10257087157826335,-28.819483804320836,0.0,0.12499999999999993,0.35768922768830463,0.0,1.413775400237114,0.0,0.14491281530387676,0.09001956947162426,0.5790333044053549,0.0,-0.6318455035173274,Biotechnology,Healthcare,XBIT
2018Q2,2018,Q2,2018-08-09,2018-06-30,-5907000.0,0.0,-5621000.0,-0.16,0.0,0.0,54290000.0,51522000.0,25766000.0,2756000.0,2768000.0,0.0,-226538000.0,160472578.56,135623578.56,1.4383676144002258,9.349056603773585,0.0,0.0,-0.1090990256589418,1.4383676144002258,-0.11465005240479795,0.0,-6.791627668867446,3.1146418725981135,0.0,0.0,0.0,0.0,9.01632801161103,-0.10880456806041629,-40.64654978723404,0.0,-0.4545454545454546,-0.3390566921056339,0.0,0.0,0.0,-0.4517080363725731,-0.35445783132530123,0.23492786902918233,0.0,-0.6369958672631565,Biotechnology,Healthcare,XBIT
2018Q1,2018,Q1,2018-05-08,2018-03-31,-4069000.0,0.0,-4150000.0,-0.11,0.0,0.0,58860000.0,56410000.0,29749000.0,2434000.0,2450000.0,0.0,-220631000.0,189643076.39999998,161227076.39999998,1.5913763145428492,12.22226787181594,0.0,0.0,-0.07356851622052828,1.5913763145428492,-0.07213260060273001,0.0,-11.651700442369131,3.361869817408261,0.0,0.0,0.0,0.0,11.674609695973706,-0.06913013931362555,-53.27052707865168,0.0,0.46210268948655253,0.1914822056182989,0.0,0.0,0.0,0.4386811974065388,0.4471089794830802,0.5512995282104018,0.0,-0.0799654511393459,Biotechnology,Healthcare,XBIT
2017Q4,2017,Q4,2018-03-16,2017-12-31,-7249000.0,0.0,-7506000.0,-0.2045,0.0,0.0,62972000.0,60162000.0,33332000.0,2792000.0,2810000.0,0.0,-216562000.0,139662377.76,107894377.75999999,1.6972235744642243,11.93839541547278,0.0,0.0,-0.12476313952328713,1.6972235744642243,-0.12049134004853562,0.0,-4.816608420471789,2.3214384122868257,0.0,0.0,0.0,0.0,11.378223495702006,-0.11511465413199518,-19.779404866166264,0.0,-0.13611111111111107,-1.6079913953247669,0.0,4.263024426650648,0.0,-0.16825141015310233,-0.13848020627938723,-0.10138811346114723,0.0,-0.08808717879412457,Biotechnology,Healthcare,XBIT
2017Q3,2017,Q3,2017-09-30,2017-09-30,-6205000.0,0.0,-6593000.0,-0.18,0.0,0.0,70671000.0,67149000.0,40289000.0,3502000.0,3522000.0,0.0,-209313000.0,154798968.85,115821968.85,1.8956271619893288,11.50456881781839,0.0,0.0,-0.09818463417176726,1.8956271619893288,-0.0924064394108624,0.0,-6.236864176067688,2.3053056463983084,0.0,0.0,0.0,0.0,11.12992575671045,-0.08780121973652559,-23.01159043407165,0.0,0.30769230769230776,0.20210487112709155,0.0,2.4918635852243445,0.0,0.32059564217672176,0.319467382328654,0.20210487112709155,0.0,2.4918635852243445,Biotechnology,Healthcare,XBIT
2017Q2,2017,Q2,2017-08-08,2017-06-30,-9133000.0,0.0,-9688000.0,-0.26,0.0,0.0,77841000.0,73156000.0,47301000.0,4663000.0,4685000.0,0.0,-203107000.0,166006345.3,120057345.30000001,2.0712051661557784,10.14389877761098,0.0,0.0,-0.13242932910492647,2.0712051661557784,-0.1248428016840724,0.0,-4.544135150005475,2.269210253431024,0.0,0.0,0.0,0.0,9.853956680248768,-0.11732891406842152,-18.969985750199978,0.0,0.1875,-1.0996235613888021,0.0,0.0,0.0,0.1353782069487835,0.05676175640151884,-1.0996235613888021,0.0,0.0,Biotechnology,Healthcare,XBIT
2017Q1,2017,Q1,2017-05-10,2017-03-31,-10563000.0,0.0,-10271000.0,-0.32,0.0,0.0,87616000.0,82270000.0,57085000.0,5323000.0,5346000.0,0.0,-193975000.0,548979671.28,494347671.28,2.47118859034776,10.724215667856472,0.0,0.0,-0.12484502248693327,2.47118859034776,-0.12839431141363802,0.0,-12.992986634478841,6.672902288562051,0.0,0.0,0.0,0.0,10.263385309036257,-0.12056017165814463,-43.86573482061526,0.0,0.35033295436089,-1.2347902872079537,0.0,0.0,0.0,0.3558360775704354,0.3752813089228149,-1.2347902872079537,0.0,0.0,Biotechnology,Healthcare,XBIT
2016Q4,2016,Q4,2017-03-16,2016-12-31,-16398000.0,0.0,-16441000.0,-0.49256,0.0,0.0,67050000.0,59064000.0,36930000.0,7963000.0,7986000.0,0.0,-183412000.0,336911720.64,302587720.64,1.774137387872859,4.637699359537863,0.0,0.0,-0.27835906812948663,1.774137387872859,-0.27763104429093866,0.0,-5.136475799487742,5.704180560747663,0.0,0.0,0.0,0.0,4.310435765415044,-0.24456375838926175,-22.81208752386756,0.0,-0.2962105263157895,-5.281545922989682,0.0,4.501531176619803,0.0,-0.31352130727330985,-0.31960831527409905,-5.281545922989682,0.0,4.501531176619803,Biotechnology,Healthcare,XBIT
2016Q3,2016,Q3,2016-11-14,2016-09-30,-12484000.0,0.0,-12459000.0,-0.38,0.0,0.0,78292000.0,71629000.0,48841000.0,6641000.0,6663000.0,0.0,-167013000.0,436591346.22,389798346.22,2.2083038254133722,7.354464689052853,0.0,0.0,-0.17393793016794873,2.2083038254133722,-0.17428695081601028,0.0,-8.743017987423903,6.095175783830571,0.0,0.0,0.0,0.0,7.0460773979822315,-0.1594543503806264,-24.00436255883,0.0,0.09523809523809519,-0.7531309262605596,0.0,3.0678335211130414,0.0,0.08354133020114521,0.084906353286816,-0.7531309262605596,0.0,3.0678335211130414,Biotechnology,Healthcare,XBIT
2016Q2,2016,Q2,2016-08-12,2016-06-30,-13622000.0,0.0,-13615000.0,-0.42,0.0,0.0,93201000.0,82804000.0,66328000.0,10376000.0,10397000.0,0.0,-154529000.0,677356379.0400001,612558379.0400001,2.557382987158234,6.392444101773323,0.0,0.0,-0.16442442394087242,2.557382987158234,-0.16450896091976233,0.0,-12.431294579356923,8.180237416549925,0.0,0.0,0.0,0.0,6.244988434849653,-0.1461572300726387,-48.01221853132975,0.0,-0.31249999999999994,-2.416175247151944,0.0,0.0,0.0,-0.32806863605342695,-0.328551912568306,-2.416175247151944,0.0,0.0,Biotechnology,Healthcare,XBIT
2016Q1,2016,Q1,2016-05-13,2016-03-31,-10257000.0,0.0,-10248000.0,-0.32,0.0,0.0,101262000.0,94679000.0,79839000.0,6563000.0,6583000.0,0.0,-140908000.0,305160401.7,226935401.7,2.9319549489897003,12.165015998781046,0.0,0.0,-0.10823941951224664,2.9319549489897003,-0.10833447755045998,0.0,-7.437857114653408,3.2231054584437944,0.0,0.0,0.0,0.0,11.919091878714003,-0.10129169876162825,-23.722046152052236,0.0,0.130836298449086,-1.237222037646286,0.0,0.0,0.0,0.13726974514256876,0.15102311324662415,-1.237222037646286,0.0,0.0,Biotechnology,Healthcare,XBIT
2015Q4,2015,Q4,2016-03-30,2015-12-31,-11889000.0,0.0,-12071000.0,-0.36817,0.0,0.0,109358000.0,103050000.0,93041000.0,6291000.0,6308000.0,0.0,-130651000.0,351015192.21999997,259964192.21999997,3.1911823899004914,14.789540613574948,0.0,0.0,-0.11713731198447355,3.1911823899004914,-0.11537117903930132,0.0,-7.381091601900916,3.4062609628335756,0.0,0.0,0.0,0.0,14.473215704975361,-0.10871632619469998,-24.306848017450314,0.0,-0.11566666666666661,-3.695266222752066,0.0,8.8957327252808,0.0,-0.1073956780923994,-0.1162382097281302,-3.695266222752066,0.0,8.8957327252808,Biotechnology,Healthcare,XBIT
2015Q3,2015,Q3,2015-11-13,2015-09-30,-10736000.0,0.0,-10814000.0,-0.33,0.0,0.0,119047000.0,114077000.0,107587000.0,4958000.0,4970000.0,0.0,-118762000.0,478835441.09999996,373155441.09999996,3.5592820282575364,21.699677289229527,0.0,0.0,-0.09479562050194167,3.5592820282575364,-0.0941118718058855,0.0,-11.150229161233234,4.197475749712913,0.0,0.0,0.0,0.0,21.315046389673256,-0.09018286895091855,-41.08412193050193,0.0,-0.5000000000000001,-0.5257994968090913,0.0,5.5564197186186455,0.0,-0.5919335705812574,-0.6841613455847999,-0.5257994968090913,0.0,5.5564197186186455,Biotechnology,Healthcare,XBIT
2015Q2,2015,Q2,2015-08-14,2015-06-30,-6744000.0,0.0,-6421000.0,-0.22,0.0,0.0,126847000.0,123975000.0,120353000.0,2865000.0,2872000.0,0.0,-108026000.0,565684418.4,448302418.4,3.962400107006377,42.008027923211166,0.0,0.0,-0.05179270014115749,3.962400107006377,-0.05439806412583182,0.0,-20.969914679715302,4.5628910538415,0.0,0.0,0.0,0.0,40.971029668411866,-0.05316641308032512,-53.864446619691485,0.0,0.14004721922541707,-0.7502358769838786,0.0,0.0,0.0,0.16884397337934434,0.2174283973187081,-0.7502358769838786,0.0,0.0,Biotechnology,Healthcare,XBIT
2015Q1,2015,Q1,2015-05-27,2015-03-31,-8114000.0,0.0,-8205000.0,-0.255828,0.0,0.0,58688000.0,54860000.0,53765000.0,3826000.0,3828000.0,0.0,-101282000.0,737411670.75,685175670.75,1.7296919083240587,14.052535284892839,0.0,0.0,-0.1495625227852716,1.7296919083240587,-0.14790375501275976,0.0,-22.720349727323143,13.441700159496902,0.0,0.0,0.0,0.0,13.652901202300052,-0.13825654307524538,-103.83155037313433,0.0,-0.37778974579922436,-0.8019098378858541,0.0,0.0,0.0,-0.3778230599422652,-0.3862138874809934,-0.8019098378858541,0.0,0.0,Biotechnology,Healthcare,XBIT
2014Q4,2014,Q4,2014-12-31,2014-12-31,-5889000.0,0.0,-5919000.0,-0.18568,0.0,0.0,62177000.0,59030000.0,58064000.0,3147000.0,3147000.0,0.0,-93168000.0,737411670.75,680082670.75,1.8611686720446443,18.450587861455354,0.0,0.0,-0.10027104861934609,1.8611686720446443,-0.09976283245807217,0.0,-31.30462178425879,12.492150952905302,0.0,0.0,0.0,0.0,18.21703209405783,-0.09471347926081991,-210.86979432370603,0.0,0.15422387012726724,-1.3679131483715319,0.0,4.771411810715683,0.0,0.15424386040499785,0.15200573065902578,-1.3679131483715319,0.0,4.771411810715683,Biotechnology,Healthcare,XBIT
2014Q3,2014,Q3,2014-09-30,2014-09-30,-6963000.0,0.0,-6980000.0,-0.219538,0.0,0.0,19661000.0,17218000.0,15871000.0,2443000.0,2443000.0,0.0,-87279000.0,737411670.75,721914670.75,0.5428697644462932,6.496520671305771,0.0,0.0,-0.40538970844465094,0.5428697644462932,-0.4044023696131955,0.0,-26.47607607173632,42.827951605877566,0.0,0.0,0.0,0.0,6.343430208759722,-0.3541528915111134,-172.97951460239267,0.0,-0.7826443529593271,0.0,0.0,0.0,0.0,-0.782642089093702,-0.7874519846350833,0.0,0.0,0.0,Biotechnology,Healthcare,XBIT
2014Q2,2014,Q2,2014-06-30,2014-06-30,-3906000.0,0.0,-3905000.0,-0.123153,0.0,0.0,,,,,,,,737411670.75,,,0.0,0.0,0.0,0.0,,0.0,0.0,-47.19736755952381,0.0,0.0,0.0,0.0,0.0,0.0,0.0,-250.8202961734694,0.0,0.13257874570349915,0.0,0.0,0.0,0.0,0.13257828114590273,0.13299289520426288,0.0,0.0,0.0,Biotechnology,Healthcare,XBIT
2014Q1,2014,Q1,2014-03-31,2014-03-31,-4503000.0,0.0,-4504000.0,-0.141976,0.0,0.0,,,,,,,,737411670.75,,,0.0,0.0,0.0,0.0,,0.0,0.0,-40.940021693870754,0.0,0.0,0.0,0.0,0.0,0.0,0.0,-307.639412077597,0.0,-0.8106874123198572,0.0,0.0,0.0,0.0,-0.8106151990349819,-0.8110172899075191,0.0,0.0,0.0,Biotechnology,Healthcare,XBIT
2013Q4,2013,Q4,2013-12-31,2013-12-31,-2487000.0,0.0,-2487000.0,-0.07841,0.0,0.0,11073000.0,10228000.0,7693000.0,845000.0,845000.0,0.0,-71444000.0,737411670.75,730167670.75,0.3224806569146641,9.10414201183432,0.0,0.0,-0.24315604223699647,0.3224806569146641,-0.24315604223699647,0.0,-74.12662552774427,72.09734755084084,0.0,0.0,0.0,0.0,8.572781065088757,-0.22460037930100243,-310.3584472853535,0.0,0.0,0.0,0.0,0.0,0.0,0.0,0.0,0.0,0.0,0.0,Biotechnology,Healthcare,XBIT
