Quarters,Year,Quarter,FillingDate,Date,NetIncome,Revenue,OperatingIncome,EPSDiluted,GrossProfit,GrossProfitRatio,TotalAssets,CommonStockEquity,CurrentAssets,CurrentLiability,TotalLiability,Inventory,RetainedEarnings,MarketCap,EnterpriseValue,bookValuePerShare,currentRatio,debtToAssets,debtToEquity,roic,shareholdersEquityPerShare,roe,priceToSalesRatio,peRatio,pbRatio,payoutRatio,inventoryTurnover,dividendYield,assetTurnover,quickRatio,returnOnAssets,priceToFreeCashFlowsRatio,grossProfitMargin,epsdilutedGrowth,fiveYNetIncomeGrowthPerShare,fiveYRevenueGrowthPerShare,fiveYShareholdersEquityGrowthPerShare,grossProfitGrowth,netIncomeGrowth,operatingIncomeGrowth,threeYNetIncomeGrowthPerShare,threeYRevenueGrowthPerShare,threeYShareholdersEquityGrowthPerShare,Industry,Sector,Symbol
2023Q1,2023,Q1,2023-05-12,2023-03-31,3673000.0,21601000.0,4711000.0,0.23,18910000.0,0.8754224341,66267000.0,8219000.0,35985000.0,41989000.0,53445000.0,0.0,10815000.0,94809880.0,86279880.0,0.5236032362871886,0.8570101693300627,0.16007967766761735,1.2906679644725636,0.11647009927164456,0.5236032362871886,0.44689134931256846,4.389143095227073,6.453163626463382,11.535452001460031,0.0,0.0,0.0,0.3259691852656677,0.781395127295244,0.05542728658306548,223.6082075471698,0.8754224341465673,0.15,0.16547969498517248,-0.444720805017721,-0.6135309446451702,0.18751569957297162,0.49796084828711257,0.314453125,1.4050014500950838,-0.2255881828692582,1.7212618899996144,Advertising Agencies,Communication Services,TZOO
2022Q4,2022,Q4,2023-03-31,2022-12-31,2452000.0,18608000.0,3584000.0,0.2,15924000.0,0.855760963,67274000.0,4256000.0,35591000.0,47534000.0,58423000.0,2938000.0,7142000.0,55291250.0,47896250.0,0.3425352112676056,0.7487482644002188,0.1679400659987514,2.6546052631578947,0.09351759730366728,0.3425352112676056,0.5761278195488722,2.9713698409286327,5.637362357259381,12.991365131578949,0.0,0.9135466303607896,0.0,0.27660017242917023,0.683994614381285,0.036447959092665815,-22.134207365892713,0.8557609630266552,2.3333333333333335,2.6434099709367316,-0.30868570015492447,-0.6735988834059564,0.17737523105360445,2.0842767295597486,12.128205128205128,4.808180367681884,-0.3564184661841224,-0.6355183184164361,Advertising Agencies,Communication Services,TZOO
2022Q3,2022,Q3,2022-11-14,2022-09-30,795000.0,15849000.0,273000.0,0.06,13525000.0,0.853366143,68320000.0,616000.0,35508000.0,52871000.0,63068000.0,0.0,4690000.0,55326270.0,45887270.0,0.04932340459604452,0.6715969056760795,0.14717505854800936,16.323051948051948,0.00940677570119887,0.04932340459604452,1.2905844155844155,3.490836645845164,17.39819811320755,89.81537337662337,0.0,0.0,0.0,0.23198185011709602,0.5925554651888559,0.011636416861826699,-14.113844387755101,0.8533661429743201,-0.25000000000000006,2.3955697680625616,-0.3508568838426887,-0.9487319159405012,-0.12888058740177766,-0.22665369649805447,-0.8467153284671532,1.4478442990616054,-0.4145165471551056,-0.9531869251587631,Advertising Agencies,Communication Services,TZOO
2022Q2,2022,Q2,2022-08-10,2022-06-30,1028000.0,17689000.0,1781000.0,0.08,15526000.0,0.8777206173,78521000.0,1472000.0,44623000.0,61839000.0,72415000.0,0.0,3895000.0,75828780.0,60934780.0,0.11763765683688963,0.7215996377690455,0.13644757453420103,7.278532608695652,0.041247988968053324,0.11763765683688963,0.6983695652173914,4.286775962462547,18.440851167315174,51.51411684782608,0.0,0.0,0.0,0.22527731434902765,0.653584307637575,0.013092039072350072,-7.355590260937046,0.8777206173328057,-0.5789473684210527,0.5581861821493129,-0.3025687422372013,-0.8979889079871775,-0.006081556878560912,-0.5669755686604886,-0.07191245440333507,-0.25745393465494676,-0.3979549176888961,-0.9007517540582565,Advertising Agencies,Communication Services,TZOO
2022Q1,2022,Q1,2022-05-12,2022-03-31,2374000.0,18453000.0,1919000.0,0.19,15621000.0,0.8465290197,92883000.0,-1469000.0,57903000.0,78751000.0,89748000.0,0.0,2866000.0,79087360.0,54900360.0,-0.12184804246848042,0.7352668537542381,0.12305804076095733,-7.780803267528931,0.06372621964063087,-0.12184804246848042,-1.6160653505786249,4.285880886576709,8.32849199663016,-53.83754935330156,0.0,0.0,0.0,0.19866929362746683,0.6829119630226917,0.025559036637490175,-10.008524424196406,0.8465290196715981,1.76,-0.046429103445340625,-0.28457884451802457,-1.085230130458555,0.44571957427117076,1.722898903775883,1.4225941422594142,-0.2480646938219931,-0.40841350260019343,-1.0928373459083889,Advertising Agencies,Communication Services,TZOO
2021Q4,2021,Q4,2022-03-31,2021-12-31,-3284000.0,13661000.0,-4541000.0,-0.25,10805000.0,0.7909377059,99727000.0,-4232000.0,65123000.0,87884000.0,99359000.0,0.0,508000.0,109724160.0,78200160.0,-0.3633241758241758,0.7410108779755131,0.12324646284356293,-2.9043005671077506,-0.5115934621371148,-0.3633241758241758,0.775992438563327,8.031927384525291,-8.352935444579781,-25.92725897920605,0.0,0.0,0.0,0.1369839662278019,0.6677666014291567,-0.03292989862324145,-6.338406793368378,0.790937705878047,-2.1363636363636362,-5.085542473168402,-0.4523075433831598,-1.274846371935195,-0.14894454946439822,-2.16330145235565,-16.39846743295019,-3.1738337789129027,-0.4773842007130959,-1.311638540170975,Advertising Agencies,Communication Services,TZOO
2021Q3,2021,Q3,2021-11-08,2021-09-30,2823000.0,15688000.0,-261000.0,0.22,12696000.0,0.8092809790922999,116870000.0,1871000.0,80417000.0,98421000.0,110391000.0,0.0,3792000.0,135116800.0,83115800.0,0.16062843406593408,0.8170715599313154,0.11297167793274579,7.056654195617317,-0.0085325434948369,0.16062843406593408,1.5088188134687333,8.612748597654258,11.965710237336166,72.21635489043291,0.0,0.0,0.0,0.13423461966287328,0.7547982645980025,0.024155044066056303,-10.717601332593004,0.8092809790922999,0.0,1.0716547340476077,-0.38768305241079554,-0.8931023371465034,-0.23319441927885487,-0.06337093563370935,-1.0750863060989644,24.291620588098343,-0.3444924754309759,-0.8681259725923121,Advertising Agencies,Communication Services,TZOO
2021Q2,2021,Q2,2021-08-04,2021-06-30,3014000.0,19079000.0,3476000.0,0.22,16557000.0,0.8678127784475077,126800000.0,1002000.0,95925000.0,105505000.0,121198000.0,0.0,969000.0,169562880.0,105860880.0,0.08722144846796658,0.909198616179328,0.1361198738170347,17.22554890219561,0.07806910385542283,0.08722144846796658,3.007984031936128,8.88740919335395,14.064605175846053,169.22443113772454,0.0,0.0,0.0,0.15046529968454259,0.8612577602957205,0.023769716088328077,13.237792177375283,0.8678127784475077,2.571428571428571,0.8269138351857469,-0.31385532162204927,-0.9376913715515278,0.4696431741523167,2.835566382460414,5.531942633637549,5.854380179043815,-0.26281046217726595,-0.9374415141981123,Advertising Agencies,Communication Services,TZOO
2021Q1,2021,Q1,2021-05-07,2021-03-31,-1642000.0,14284000.0,-767000.0,-0.14,11266000.0,0.788714645757491,114825000.0,-2883000.0,83097000.0,100123000.0,113147000.0,0.0,-2045000.0,190913160.00000003,138068160.00000003,-0.25309454832762707,0.829949162530088,0.15690833877639887,-6.249392993409643,-0.04669637991787238,-0.25309454832762707,0.569545612209504,13.365525063007563,-29.067168087697933,-66.2203121748179,0.0,0.0,0.0,0.1243979969518833,0.7805898744544211,-0.014300021772262137,21.07907254057635,0.788714645757491,-3.3333333333333335,-2.0152331010255757,-0.4800575738274574,-1.166959564221795,0.1628819157720892,-3.2585969738651994,0.14492753623188406,-1.7179790010498843,-0.4940096983156697,-1.1868078809084865,Advertising Agencies,Communication Services,TZOO
2020Q4,2020,Q4,2021-03-31,2020-12-31,727000.0,12483000.0,-897000.0,0.06,9688000.0,0.776095489866218,102400000.0,1891000.0,70044000.0,82870000.0,95900000.0,0.0,-406000.0,106813600.0,51002600.0,0.16712328767123288,0.8452274647037529,0.07080078125,3.8339502908514014,0.025675957945552018,0.16712328767123288,0.38445267054468535,8.556725146198831,36.73094910591472,56.48524590163934,0.0,0.0,0.0,0.121904296875,0.8154941474598769,0.007099609375,11.322196311214755,0.776095489866218,1.5,1.1710927920926855,-0.4940464843832561,-0.8851383922252091,-0.1081653318604437,1.538119911176906,0.2543640897755611,0.18621613394216138,-0.4907434159351039,-0.8407485539869319,Advertising Agencies,Communication Services,TZOO
2020Q3,2020,Q3,2020-11-06,2020-09-30,-1351000.0,13787000.0,-1203000.0,-0.12,10863000.0,0.7879161528976573,91432000.0,69000.0,56569000.0,70318000.0,86730000.0,0.0,-1130000.0,72723300.0,31546300.0,0.00610079575596817,0.804473961147928,0.10227272727272728,135.52173913043478,-0.03891115230384127,0.00610079575596817,-19.579710144927535,5.274773337201712,-13.457309400444116,1053.9608695652173,0.0,0.0,0.0,0.1507896578878292,0.7782217924286812,-0.014776008399685011,3.0160625414731252,0.7879161528976573,0.7818181818181819,-1.198659275029806,-0.46762294643621116,-0.9959856731222455,1.2338062924120914,0.7817447495961227,0.8186341022161918,-1.618815084978878,-0.37644692272270946,-0.9936586674782808,Advertising Agencies,Communication Services,TZOO
2020Q2,2020,Q2,2020-08-10,2020-06-30,-6190000.0,7004000.0,-6633000.0,-0.55,4863000.0,0.694317532838378,67691000.0,-301000.0,31469000.0,46258000.0,63484000.0,0.0,221000.0,63788400.0,48028400.0,-0.026613616268788682,0.6802931384841541,0.14481984311060556,-32.56810631229236,-0.20606048299358254,-0.026613616268788682,20.564784053156146,9.107424328954883,-2.576268174474959,-211.92159468438538,0.0,0.0,0.0,0.10347018067394484,0.6397596091486878,-0.09144494836832075,3.8878771256171145,0.694317532838378,0.05172413793103434,-7.079771635240507,-0.7322122937880701,-1.0093038701231578,-0.7240694507489787,0.06339839612649417,-0.24213483146067416,-11.380439049314218,-0.6944775676051438,-1.0230783588434924,Advertising Agencies,Communication Services,TZOO
2020Q1,2020,Q1,2020-06-25,2020-03-31,-6609000.0,20327000.0,-5340000.0,-0.58,17624000.0,0.8670241550646923,60794000.0,2201000.0,23858000.0,39395000.0,53977000.0,0.0,6411000.0,44955270.0,60518270.0,0.19241192411924118,0.6056098489656048,0.24298450504984045,6.711494775102226,-0.1390281091486837,0.19241192411924118,-3.0027260336210815,2.2116037782260047,-1.700532228778938,20.42492957746479,0.0,0.0,0.0,0.3343586538145212,0.5021703261835259,-0.1087113859920387,-14.105826796360214,0.8670241550646923,-10.599999999999998,-5.458045639953856,-0.282717380058569,-0.928432209426887,-0.2561202093533682,-10.03338898163606,-7.245614035087719,-3.7978421221247856,-0.16941656931022409,-0.8654119256884519,Advertising Agencies,Communication Services,TZOO
2019Q4,2019,Q4,2020-03-20,2019-12-31,-599000.0,26898000.0,855000.0,-0.05,23692000.0,0.8808089820804521,54538000.0,10863000.0,36110000.0,34994000.0,43675000.0,0.0,14200000.0,123681299.99999999,117715299.99999999,0.9397871788216974,1.0318911813453735,0.09719828376544795,0.487986743993372,-0.023947496885836445,0.9397871788216974,-0.05514130534843045,4.598159714476912,-51.6199081803005,11.38555647611157,0.0,0.0,0.0,0.49319740364516484,0.929044979139281,-0.01098316769958561,13.464108425865446,0.8808089820804521,-2.666666666666667,-1.60822683829954,0.08822699176645325,-0.6523065970753101,0.05180910099889012,-2.957516339869281,-0.2957166392092257,-1.7509387267334344,0.08668921175955754,-0.28907264179592035,Advertising Agencies,Communication Services,TZOO
2019Q3,2019,Q3,2019-11-01,2019-09-30,306000.0,25505000.0,1214000.0,0.03,22525000.0,0.8831601646735934,53582000.0,12398000.0,26958000.0,28466000.0,41184000.0,0.0,16731000.0,125789230.0,133503230.0,1.0536245432140732,0.9470245204805733,0.13116345041245195,0.5668656234876593,0.008910707269579333,1.0536245432140732,0.02468140022584288,4.931943932562243,102.76897875816994,10.14592918212615,0.0,0.0,0.0,0.4759994027845172,0.8403709688751493,0.005710873054383935,710.6736158192091,0.8831601646735934,-0.7272727272727273,-0.8489540202121155,-0.046945987323516805,-0.6106302335346271,-0.11413064852322334,-0.7695783132530121,-0.4991749174917492,-0.7777132717921734,-0.014583940789890372,-0.29881653986344986,Advertising Agencies,Communication Services,TZOO
2019Q2,2019,Q2,2019-08-09,2019-06-30,1328000.0,28184000.0,2424000.0,0.11,25427000.0,0.9021785410161794,55924000.0,14227000.0,32076000.0,30392000.0,41697000.0,0.0,18337000.0,179564880.0,181932880.0,1.1852870115804381,1.0554093182416426,0.1017988698948573,0.4001546355521192,0.03876966876858446,1.1852870115804381,0.09334364237014128,6.371163780868578,33.80362951807229,12.621415618190765,0.0,0.0,0.0,0.5039696731278164,0.9685443537773099,0.023746513124955296,-95.71688699360341,0.9021785410161794,-0.576923076923077,-0.794276233230099,-0.06199046944966941,-0.551410987936961,-0.08795150471681194,-0.5743589743589743,-0.512371756185878,-0.2295800637299421,-0.02989812867134123,-0.15326322473893136,Advertising Agencies,Communication Services,TZOO
2019Q1,2019,Q1,2019-05-10,2019-03-31,3120000.0,30825000.0,4971000.0,0.26,27879000.0,0.9044282238442822,60869000.0,15637000.0,37220000.0,33473000.0,45232000.0,0.0,19821000.0,150235540.0,147048540.0,1.312489508141682,1.1119409673468168,0.09048941168739424,0.35224147854447785,0.08398583301968987,1.312489508141682,0.19952676344567372,4.8738212489862125,12.038104166666667,9.607695849587516,0.0,0.0,0.0,0.5064154167145838,1.0613031398440533,0.05125761882074619,45.873447328244275,0.9044282238442822,1.0,-0.15982610172384631,-0.04219657055019444,-0.356936322649054,0.15288230915557025,0.9948849104859335,0.7823592685550377,0.8443845116453175,0.07278515749493591,-0.13418650155455228,Advertising Agencies,Communication Services,TZOO
2018Q4,2018,Q4,2019-03-11,2018-12-31,1564000.0,27062000.0,2789000.0,0.13,24182000.0,0.8935777104426872,43424000.0,14059000.0,33166000.0,26810000.0,29365000.0,0.0,18153000.0,118539970.0,100522970.0,1.1658512314453935,1.2370757180156657,0.0,0.0,0.11335900744820297,1.1658512314453935,0.11124546553808948,4.380310767866381,18.948204923273657,8.431607511202788,0.0,0.0,0.0,0.6232037582903464,1.1437150317045879,0.036016949152542374,22.8180885466795,0.8935777104426872,12.0,-0.39781861985588407,-0.10192761063972723,-0.44202103341354504,0.0837142601057632,12.254237288135593,2.9061624649859943,3.3825208052744498,0.029188204845256405,-0.19872599003993832,Advertising Agencies,Communication Services,TZOO
2018Q3,2018,Q3,2018-11-01,2018-09-30,118000.0,25301000.0,714000.0,0.01,22314000.0,0.8819414252401091,41302000.0,14999000.0,30817000.0,23632000.0,26303000.0,0.0,18854000.0,142719260.0,126940260.0,1.2180445021926263,1.3040368991198374,0.0,0.0,0.009016331425840376,1.2180445021926263,0.007867191146076405,5.640854511679381,302.37131355932206,9.515251683445562,0.0,0.0,0.0,0.6125853469565639,1.1879654705484088,0.002857004503413878,-158.0501218161683,0.8819414252401091,-0.75,1.0077331230845683,-0.15279195092942185,-0.4806084593714782,-0.10954148210223871,-0.7526205450733753,-0.33766233766233766,-0.9840632793453319,-0.10267308383663512,-0.198526064625329,Advertising Agencies,Communication Services,TZOO
2018Q2,2018,Q2,2018-08-02,2018-06-30,477000.0,28075000.0,1078000.0,0.04,25059000.0,0.892573463935886,45646000.0,17375000.0,34531000.0,25444000.0,28271000.0,0.0,20843000.0,213100200.00000003,193691200.00000003,1.394238484994383,1.3571372425719226,0.0,0.0,0.026709918707633173,1.394238484994383,0.027453237410071944,7.59039002671416,111.68773584905662,12.264759712230216,0.0,0.0,0.0,0.6150593699338387,1.254441125609181,0.010449984664592736,1340.2528301886794,0.892573463935886,-0.7999999999999999,-0.8869227991555868,-0.16257504503627385,-0.5986754181925141,-0.08873049929088331,-0.8093525179856115,-0.7052228602679792,-0.5748033297241715,-0.025820198429058083,-0.5125873292045269,Advertising Agencies,Communication Services,TZOO
2018Q1,2018,Q1,2018-05-10,2018-03-31,2502000.0,30884000.0,3657000.0,0.2,27499000.0,0.8903963217199845,46636000.0,16884000.0,38453000.0,26638000.0,29752000.0,0.0,20366000.0,90661050.0,67558050.0,1.3548387096774193,1.443539304752609,0.0,0.0,0.14193875716083953,1.3548387096774193,0.14818763326226012,2.9355345810128224,9.058857913669065,5.369642857142858,0.0,0.0,0.0,0.6622351831203362,1.3514903521285382,0.05364954112702633,795.2723684210526,0.8903963217199845,3.0000000000000004,-0.44875174417629055,-0.09735314777460745,-0.5666028307672466,0.16842999787550456,2.7066666666666666,2.3892493049119556,0.5491603642175408,0.0003474686691079015,-0.49606650690499504,Advertising Agencies,Communication Services,TZOO
2017Q4,2017,Q4,2018-03-16,2017-12-31,675000.0,26997000.0,1079000.0,0.05,23535000.0,0.8717635292810312,45672000.0,13078000.0,37239000.0,29593000.0,32594000.0,0.0,16550000.0,80379900.0,57826900.0,1.049430268014765,1.258371912276552,0.0,0.0,0.04880881233196787,1.049430268014765,0.05161339654381404,2.977364151572397,29.770333333333337,6.146192078299435,0.0,0.0,0.0,0.5911061481870731,1.1598013043625182,0.01477929584866001,21.67742718446602,0.8717635292810312,2.0,-0.7741841267741474,-0.08386066831024146,-0.6208258481542444,0.08611380312889381,2.171875,58.94444444444444,-0.3642665735709066,0.013088831892880999,-0.6117419036555611,Advertising Agencies,Communication Services,TZOO
2017Q3,2017,Q3,2017-11-02,2017-09-30,-576000.0,24687000.0,18000.0,-0.05,21669000.0,0.8777494227731194,43164000.0,12149000.0,34153000.0,25731000.0,31015000.0,0.0,15580000.0,108600800.0,89778800.0,0.9620684193854926,1.3273094710660294,0.0,0.0,-0.008205803579908444,0.9620684193854926,-0.047411309572804344,4.3991088427107385,-47.13576388888889,8.939073174746891,0.0,0.0,0.0,0.5719349457881568,1.1758579145777466,-0.013344453711426188,-1872.4275862068966,0.8777494227731194,-2.0,-1.2109830167275797,-0.12397976701536742,-0.6761228668478231,-0.06554832032429168,-1.8384279475982532,-0.987012987012987,-1.2649362640129742,-0.14040934856915932,-0.6444650438408314,Advertising Agencies,Communication Services,TZOO
2017Q2,2017,Q2,2017-08-03,2017-06-30,687000.0,26411000.0,1386000.0,0.05,23189000.0,0.8780053765476507,45840000.0,15026000.0,36736000.0,25538000.0,30814000.0,0.0,18585000.0,142678500.0,121347500.0,1.153184957789716,1.4384838280209884,0.0,0.0,0.041586890415587344,1.153184957789716,0.04572075069878877,5.402237703986975,51.920851528384276,9.495441235192333,0.0,0.0,0.0,0.5761561954624782,1.3277077296577648,0.014986910994764398,-51.939752457226064,0.8780053765476507,-0.7619047619047619,-0.8840787629310618,-0.17799843154321784,-0.6024204437288987,-0.08060423439854096,-0.7496355685131195,-0.32783705140640157,-0.9019633370434321,-0.19028001864975155,-0.5635604744785987,Advertising Agencies,Communication Services,TZOO
2017Q1,2017,Q1,2017-05-05,2017-03-31,2744000.0,28429000.0,2062000.0,0.21,25222000.0,0.8871926553871047,54169000.0,18997000.0,44631000.0,29503000.0,35172000.0,0.0,22685000.0,128229200.0,99635200.0,1.429635761589404,1.512761414093482,0.0,0.0,0.04511714385571246,1.429635761589404,0.1444438595567721,4.510506876780752,11.682689504373178,6.74997104806022,0.0,0.0,0.0,0.5248204692720929,1.4501237162322476,0.05065627942180952,294.77977011494255,0.8871926553871047,1.9999999999999996,-0.12031314796971025,-0.13177517693327942,-0.41934234029287365,-0.027341791677914465,1.909862142099682,0.06343476018566271,-0.3374835371699743,-0.20798599302811793,-0.29953967295191536,Advertising Agencies,Communication Services,TZOO
2016Q4,2016,Q4,2017-03-15,2016-12-31,943000.0,29262000.0,1939000.0,0.07,25931000.0,0.88616635910054,53530000.0,18064000.0,44466000.0,29823000.0,35466000.0,0.0,21716000.0,128451000.0,101613000.0,1.3219173069886572,1.4909968816014485,0.0,0.0,0.06937776186535909,1.3219173069886572,0.05220327723649247,4.389686282550748,34.053817603393426,7.110883525243579,0.0,0.0,0.0,0.5466467401457127,1.3832612413238106,0.01761628993087988,19.174652933273624,0.88616635910054,-0.4166666666666666,-0.8286650597648086,-0.027740443441738434,-0.39295019839026013,-0.04239447542376011,-0.4175416924027177,-0.12063492063492064,-0.6795915759567447,-0.14304677029472265,-0.36732746599939714,Advertising Agencies,Communication Services,TZOO
2016Q3,2016,Q3,2016-11-03,2016-09-30,1619000.0,30440000.0,2205000.0,0.12,27079000.0,0.8895860709592641,56460000.0,20795000.0,47205000.0,29750000.0,35665000.0,0.0,23074000.0,177554370.0,152715370.0,1.5026374738059107,1.5867226890756303,0.0,0.0,0.0698985481820752,1.5026374738059107,0.07785525366674681,5.832929369250985,27.41728999382335,8.538320269295504,0.0,0.0,0.0,0.5391427559334042,1.396,0.02867516826071555,-82.85318245450303,0.8895860709592641,-0.14285714285714296,-0.6763181095397808,-0.0671651445274579,-0.128132068068451,-0.11023854899125977,-0.19851485148514852,-0.4160487288135593,1.0944091753329166,-0.0930330228034371,-0.35925395901275736,Advertising Agencies,Communication Services,TZOO
2016Q2,2016,Q2,2016-08-04,2016-06-30,2020000.0,34046000.0,3776000.0,0.14,30434000.0,0.8939082417905188,60153000.0,19690000.0,50238000.0,34504000.0,40463000.0,0.0,21455000.0,112809320.0,85249320.0,1.399829375799801,1.4560051008578716,0.0,0.0,0.10512358104210927,1.399829375799801,0.10259014728288471,3.313438289373201,13.961549504950494,5.729269680040629,0.0,0.0,0.0,0.5659900586836899,1.3320194760027824,0.03358103502734693,56.74513078470825,0.8939082417905188,0.0,-0.5192992172438455,0.060705170613885924,-0.3893852199471018,-0.0117226822536126,-0.014153245485602733,0.19949174078780177,-0.5757467543120891,-0.10027588209190802,-0.5970661082082005,Advertising Agencies,Communication Services,TZOO
2016Q1,2016,Q1,2016-05-05,2016-03-31,2049000.0,34804000.0,3148000.0,0.14,30795000.0,0.884812090564303,62073000.0,21876000.0,51133000.0,34225000.0,40197000.0,0.0,19435000.0,117179719.99999999,88372719.99999999,1.515903263807082,1.4940248356464572,0.0,0.0,0.0898674744782164,1.515903263807082,0.09366428963247395,3.3668463395012065,14.29718399219131,5.356542329493508,0.0,0.0,0.0,0.5606946659578238,1.3505040175310445,0.03300952104779856,92.3402048857368,0.884812090564303,3.6666666666666674,1.1673817072561232,0.0734778139653062,-0.23624511230888448,0.11081051834217076,3.7103448275862068,2.2254098360655736,-0.6101538930842766,-0.12157475504726037,-0.5150801503736877,Advertising Agencies,Communication Services,TZOO
2015Q4,2015,Q4,2016-03-14,2015-12-31,435000.0,32051000.0,976000.0,0.03,27723000.0,0.8649652116938629,68579000.0,21387000.0,57061000.0,41015000.0,47192000.0,0.0,17386000.0,123030629.99999999,93560629.99999999,1.4549969385672494,1.3912227233938803,0.08250339025065982,0.26455323327254876,0.02616380107228693,1.4549969385672494,0.020339458549586197,3.838589435587033,70.70725862068964,5.752589423481554,0.0,0.0,0.0,0.46735881246445704,1.2562720955747897,0.006343049621604281,45.23184926470588,0.8649652116938629,-0.95,-0.8714421903715528,0.2600982118590998,-0.47839014499401117,-0.04357275926309253,-0.9508863046178164,0.13488372093023257,-0.8766213802116898,-0.07787974155074068,-0.4742888146698226,Advertising Agencies,Communication Services,TZOO
2015Q3,2015,Q3,2015-11-09,2015-09-30,8857000.0,33728000.0,860000.0,0.6,28986000.0,0.8594046489563567,70971000.0,22386000.0,58707000.0,36810000.0,48585000.0,0.0,16892000.0,121817100.0,92905100.0,1.519755600814664,1.5948655256723716,0.07972270363951472,0.25274725274725274,0.41278056757531256,1.519755600814664,0.3956490663807737,3.6117498814041746,3.4384413458281586,5.441664433127848,0.0,0.0,0.0,0.4752363641487368,1.4233088834555827,0.12479745248059067,-65.1080171031534,0.8594046489563567,5.666666666666667,1.708934482790689,0.35964429508105167,-0.4040714159720447,-0.0059329880997290715,5.67948717948718,-0.6657598134473377,1.7812721394339026,0.026049316697843345,-0.4883793323158739,Advertising Agencies,Communication Services,TZOO
2015Q2,2015,Q2,2015-07-23,2015-06-30,1326000.0,34064000.0,2573000.0,0.09,29159000.0,0.8560063410051667,90985000.0,42135000.0,78944000.0,34001000.0,48850000.0,0.0,56255000.0,166154400.0,110871400.0,2.860488798370672,2.321814064292227,0.0,0.0,0.031215503202752036,2.860488798370672,0.031470274118903525,4.877712541099108,31.3262443438914,3.9433819864720543,0.0,0.0,0.0,0.3743913831950321,2.137084203405782,0.014573830851239216,-917.9801104972375,0.8560063410051667,-0.30769230769230776,-0.5441038163380643,0.35301098754791593,0.2415963521290044,-0.09606919213838427,-0.30539549502357255,-0.32325092056812205,-0.8020791884780035,-0.062167856098112775,-0.013799252676299903,Advertising Agencies,Communication Services,TZOO
2015Q1,2015,Q1,2015-04-24,2015-03-31,1909000.0,36492000.0,3802000.0,0.13,32258000.0,0.8839745697687165,89607000.0,39602000.0,77444000.0,35203000.0,50005000.0,0.0,55031000.0,141997200.0,88022200.0,2.6885268160217244,2.1999261426582963,0.0,0.0,0.04933351993655853,2.6885268160217244,0.04820463612948841,3.891187109503453,18.595756940806705,3.5856067875359834,0.0,0.0,0.0,0.4072449697010278,1.987018151862057,0.0213041391855547,63.33505798394291,0.8839745697687165,0.44444444444444453,-0.13858792679439824,0.42851012452349035,0.276495205943906,0.18517157763244912,0.5211155378486055,2.0785425101214576,-0.4479139229011631,0.00536822181982307,0.09196603148444692,Advertising Agencies,Communication Services,TZOO
2014Q4,2014,Q4,2015-02-17,2014-12-31,1255000.0,31498000.0,1235000.0,0.09,27218000.0,0.8641183567210616,90488000.0,39814000.0,77363000.0,36302000.0,50674000.0,0.0,53122000.0,185892600.0,132080600.0,2.702919212491514,2.131094705525866,0.0,0.0,0.03274108118309432,2.702919212491514,0.03152157532526247,5.901727093783732,37.0303984063745,4.669025970764053,0.0,0.0,0.0,0.3480903545221466,1.9122913338108094,0.013869242330474759,-361.6587548638132,0.8641183567210616,-0.4705882352941177,-0.7372898433443332,0.47874780519542554,0.4444380595434159,-0.0622566752799311,-0.5051261829652997,-0.539865871833085,-0.7884637214877385,-0.029114349179144967,0.24123238498775992,Advertising Agencies,Communication Services,TZOO
2014Q3,2014,Q3,2014-10-23,2014-09-30,2536000.0,33500000.0,2684000.0,0.17,29025000.0,0.8664179104477612,94590000.0,39859000.0,79724000.0,40429000.0,54731000.0,0.0,51867000.0,228315000.0,171109000.0,2.7059742023082145,1.9719508273763882,0.0,0.0,0.06338810528344785,2.7059742023082145,0.06362427557138915,6.815373134328358,22.50739353312303,5.728066434180486,0.0,0.0,0.0,0.3541600592028756,1.8031858319523115,0.02681044507876097,-225.16272189349112,0.8664179104477612,-0.6851851851851851,10.596921766946275,0.5862783812965469,0.9540242307551502,-0.10717032206465901,-0.679959616355376,-0.7351490033550424,-0.5236537343690536,-0.03548966276099202,0.570074068265464,Advertising Agencies,Communication Services,TZOO
2014Q2,2014,Q2,2014-07-25,2014-06-30,7924000.0,36883000.0,10134000.0,0.54,32509000.0,0.8814087791123282,97917000.0,38931000.0,82814000.0,44907000.0,58986000.0,0.0,49331000.0,285102900.0,224600900.0,2.6422560065155425,1.8441222971919746,0.0,0.0,0.2024210267686553,2.6422560065155425,0.20353959569494748,7.729927066670282,8.994917339727412,7.3232873545503585,0.0,0.0,0.0,0.376676164506674,1.7153450464292872,0.08092568195512526,-305.2493576017131,0.8814087791123282,0.7419354838709679,47.30180293185189,0.6954393009865356,0.8474894876750395,-0.08213337850810322,0.7084950409659336,0.448335000714592,0.8001880493962806,0.09699532619546514,0.15256944750149343,Advertising Agencies,Communication Services,TZOO
2014Q1,2014,Q1,2014-04-25,2014-03-31,4638000.0,40195000.0,6997000.0,0.31,35418000.0,0.8811543724343824,97243000.0,30370000.0,81846000.0,53216000.0,66873000.0,0.0,41409000.0,340752000.0,279717000.0,2.040994623655914,1.5379960914010824,0.0,0.0,0.150099357537415,2.040994623655914,0.15271649654264077,8.477472322428163,18.367399741267786,11.220019756338491,0.0,0.0,0.0,0.4133459477803029,1.4354705351773902,0.047694949765021644,465.5081967213115,0.8811543724343824,0.4761904761904762,14.031375262454668,0.8842354147570615,0.4243968301760317,0.07961958178382003,0.4359133126934985,0.5639248994188646,1.367443250771489,0.202345941049318,0.02831074830832535,Advertising Agencies,Communication Services,TZOO
2013Q4,2013,Q4,2014-02-12,2013-12-31,3230000.0,37475000.0,4474000.0,0.21,32806000.0,0.8754102735156771,114802000.0,31335000.0,101474000.0,70562000.0,83467000.0,0.0,37117000.0,319736040.0,253513040.0,2.0894178835767154,1.4380828207817238,0.0,0.0,0.10171553489198397,2.0894178835767154,0.10307962342428595,8.53198238825884,24.74737151702786,10.203798946864529,0.0,0.0,0.0,0.3264315952683751,1.1367166463535614,0.028135398338008048,-86.93203915171289,0.8754102735156771,1.1693548387096775,28.42683953457358,1.0489450942823675,0.6402981988296711,-0.0038865610007894577,1.1696785038873714,1.2482108183079057,-0.06438941163815891,0.44406868750947187,-0.25095309109545755,Advertising Agencies,Communication Services,TZOO
2013Q3,2013,Q3,2013-10-24,2013-09-30,-19036000.0,37256000.0,-18025000.0,-1.24,32934000.0,0.8839918402404982,113955000.0,36026000.0,103213000.0,66118000.0,77929000.0,0.0,34707000.0,407400240.0,329500240.0,2.3451373519073035,1.5610423787773375,0.0,0.0,-0.5350452645300804,2.3451373519073035,-0.5283961583300949,10.935157826927206,-5.3503918890523225,11.308506078942987,0.0,0.0,0.0,0.3269360712561976,1.4023110196920656,-0.1670483962967838,582.0003428571429,0.8839918402404982,-4.647058823529411,-8.894590828282807,0.842082956325551,0.5423704913441911,-0.1075280472603111,-4.6607692307692306,-3.312676417757249,-6.582677483846459,0.44007770431670457,-0.08042162784329224,Advertising Agencies,Communication Services,TZOO
2013Q2,2013,Q2,2013-07-25,2013-06-30,5200000.0,41327000.0,7794000.0,0.34,36902000.0,0.8929271420620901,110319000.0,53369000.0,98122000.0,45274000.0,56950000.0,0.0,53743000.0,426756360.0,353375360.0,3.474091915115219,2.1672924857534124,0.0,0.0,0.09605453408434071,3.474091915115219,0.09743484045044876,10.326332905848476,20.517132692307694,7.996334201502746,0.0,0.0,0.0,0.3746136205005484,1.9623625038653532,0.047136032777672025,48.66647964420116,0.8929271420620901,-0.055555555555555455,5.048635484102956,0.7633607836060697,1.0917261292366371,-0.03377670716380394,-0.07059874888293119,-0.03011448481831757,0.7142760683582136,0.5739630967049777,0.5079310400463156,Advertising Agencies,Communication Services,TZOO
2013Q1,2013,Q1,2013-05-01,2013-03-31,5595000.0,42177000.0,8036000.0,0.36,38192000.0,0.9055172250278588,102350000.0,48023000.0,90538000.0,42684000.0,54327000.0,0.0,48543000.0,326135260.0,261028260.0,3.1260903528186432,2.121122668915753,0.0,0.0,0.11605896012685195,3.1260903528186432,0.1165066738854299,7.732538113189653,14.57262109025916,6.791230452075048,0.0,0.0,0.0,0.412085979482169,1.8838440633492644,0.054665363947239864,58.238439285714286,0.9055172250278588,0.5,6.159043784422744,0.867670348909173,0.8025649466946816,0.1589136701562737,0.48961661341853036,0.8443883406013312,1.4208066455911696,0.5831290869869894,0.4842475533218737,Advertising Agencies,Communication Services,TZOO
2012Q4,2012,Q4,2013-02-11,2012-12-31,3756000.0,37028000.0,4357000.0,0.24,32955000.0,0.8900021605271686,97833000.0,43339000.0,86320000.0,43666000.0,54494000.0,0.0,42948000.0,297364410.0,236195410.0,2.767673542371799,1.9768240736499794,0.0,0.0,0.08489253037912087,2.767673542371799,0.08666558988439974,8.030798584854704,19.792625798722042,6.861358360829738,0.0,0.0,0.0,0.37848169840442386,1.7128887463930746,0.03839195363527644,25.555552595393607,0.8900021605271686,0.09090909090909087,73.30509472257933,0.7629996881925409,0.5226371700562943,0.04758725920274652,0.0937682003494467,0.038617401668653156,-0.2603990779629999,0.6352347670375021,0.47904272629299854,Advertising Agencies,Communication Services,TZOO
2012Q3,2012,Q3,2012-10-26,2012-09-30,3434000.0,35447000.0,4195000.0,0.22,31458000.0,0.8874657940023133,96614000.0,47183000.0,87620000.0,38726000.0,49431000.0,0.0,39192000.0,370573720.0,312558720.0,2.97047343238479,2.2625626194288073,0.0,0.0,0.07051131413587478,2.97047343238479,0.07278045058601615,10.45430417242644,26.978284799068142,7.853966894856197,0.0,0.0,0.0,0.36689299687415905,2.1563549036822804,0.03554350301198584,60.98974983541804,0.8874657940023133,-0.5111111111111111,0.4712926259485261,0.6403384403798117,0.6731026683058723,-0.11956339210747272,-0.5269972451790633,-0.5953115956010033,13.051077088553026,0.5565280524214536,1.1450230599918974,Advertising Agencies,Communication Services,TZOO
2012Q2,2012,Q2,2012-07-30,2012-06-30,7260000.0,39360000.0,10366000.0,0.45,35730000.0,0.9077743902439024,85288000.0,46298000.0,76622000.0,36060000.0,38990000.0,0.0,54492000.0,362656640.0,308119640.0,2.9005137200852023,2.124847476428175,0.0,0.0,0.12860220297612054,2.9005137200852023,0.15681022938355868,9.213837398373984,12.488176308539943,7.833095166097888,0.0,0.0,0.0,0.4614951693086952,2.004048807542984,0.0851233467779758,56.156184577268505,0.9077743902439024,0.9565217391304347,1.4371612375597247,0.8694660818698696,0.011938281697955555,0.012783809064882792,0.9375500400320256,0.5777777777777777,40.15826265390774,0.6701076151869586,1.028065635389109,Advertising Agencies,Communication Services,TZOO
2012Q1,2012,Q1,2012-04-30,2012-03-31,3747000.0,39333000.0,6570000.0,0.23,35279000.0,0.8969313299265248,79133000.0,39300000.0,70595000.0,36845000.0,39833000.0,0.0,32108000.0,367126000.0,318165000.0,2.4620974815186067,1.9159994571855068,0.0,0.0,0.09392815567986319,2.4620974815186067,0.09534351145038168,9.333790964330205,24.494662396583934,9.341628498727735,0.0,0.0,0.0,0.4970492714796608,1.8020355543493012,0.04735066280818369,40.303655725107035,0.8969313299265248,-0.425,-0.11891175334182655,0.9036734851655662,-0.08128443090952188,0.12082221375015885,-0.41717218852076526,-0.1963302752293578,10.320543835989172,0.7188414812293201,0.7182817669443949,Advertising Agencies,Communication Services,TZOO
2011Q4,2011,Q4,2012-02-21,2011-12-31,6429000.0,35156000.0,8175000.0,0.4,31476000.0,0.895323700079645,68348000.0,34759000.0,59864000.0,30603000.0,33589000.0,0.0,43484000.0,392345960.0,353601960.0,2.1776093221400825,1.9561480900565305,0.0,0.0,0.18058547771367178,2.1776093221400825,0.18495929111884693,11.160142223233587,15.256881319023174,11.28760781380362,0.0,0.0,0.0,0.514367647919471,1.829461163938176,0.09406273775384795,60.17576073619632,0.895323700079645,0.11111111111111122,0.4334255350038607,0.9027777931572301,-0.09801064283792112,-0.08606271777003484,0.08488018899763752,-0.11382113821138211,52.29012459278286,0.8059479119440689,0.7095329167694141,Advertising Agencies,Communication Services,TZOO
2011Q3,2011,Q3,2011-10-28,2011-09-30,5926000.0,38661000.0,9225000.0,0.36,34440000.0,0.8908202064095601,61427000.0,28258000.0,52912000.0,30166000.0,33169000.0,0.0,37055000.0,360548040.0,327905040.0,1.723469138814345,1.7540277133196314,0.0,0.0,0.20971052445325217,1.723469138814345,0.20971052445325217,9.325885000387988,15.21043030712116,12.75914926746408,0.0,0.0,0.0,0.6293812167288,1.6333620632500165,0.09647223533625279,43.497169743032934,0.8908202064095601,0.2,0.21111880003102745,1.0447393198813835,-0.19094673499603645,-0.01785205041920949,0.2049613664091094,0.20936025170424752,3.8859821568226636,0.7910012697773494,0.13350629134267583,Advertising Agencies,Communication Services,TZOO
2011Q2,2011,Q2,2011-08-04,2011-06-30,4918000.0,37565000.0,7628000.0,0.3,35066000.0,0.9334753094635965,70785000.0,37739000.0,62186000.0,30848000.0,33046000.0,0.0,31128000.0,1064103680.0,1023811680.0,2.292491799295347,2.0158843360995853,0.0,0.0,0.12960252316975862,2.292491799295347,0.13031611860409656,28.32699800346067,54.09229768198455,28.19639312117438,0.0,0.0,0.0,0.5306915306915307,1.917466286307054,0.06947799675072402,-91.72516851995518,0.9334753094635965,1.352941176470588,0.19957275867128849,1.0322751602607778,0.26914592197775267,0.015199328334443126,1.3524184879971337,1.7622664135105426,4.573213954197444,0.4957391267033041,0.3802930707686107,Advertising Agencies,Communication Services,TZOO
2011Q1,2011,Q1,2011-05-10,2011-03-31,-13955000.0,36960000.0,-10007000.0,-0.85,34541000.0,0.9345508658008658,79988000.0,32652000.0,70962000.0,45260000.0,47336000.0,0.0,26210000.0,1095472090.0,1043642090.0,1.9848033554191236,1.5678745028722934,0.0,0.0,-0.43009345844015473,1.9848033554191236,-0.4273857650373637,29.639396374458876,-19.625082228591904,33.549923128751686,0.0,0.0,0.0,0.46206931039655946,1.507711003093239,-0.17446366955043258,109.95403894409314,0.9345508658008658,-4.695652173913044,-4.318707412105059,1.13717853064017,-0.27443159063986045,0.31705178067566536,-4.684974914180089,-2.4911339591715094,-11.01584789482061,0.5283117754164708,0.1444765028415211,Advertising Agencies,Communication Services,TZOO
2010Q4,2010,Q4,2011-03-16,2010-12-31,3787000.0,28467000.0,6711000.0,0.23,26226000.0,0.9212772684160607,66002000.0,45889000.0,57767000.0,18204000.0,20113000.0,0.0,40165000.0,680660125.0,639476125.0,2.7894352926873744,3.173313557459899,0.0,0.0,0.08219453512305343,2.7894352926873744,0.08252522390986947,23.910497242421048,44.933992936361236,14.832751312950817,0.0,0.0,0.0,0.43130511196630406,3.0069215557020437,0.05737704918032787,78.3358412935896,0.9212772684160607,0.0454545454545455,1.240670194282968,1.0044838284787148,-0.07448921994796234,0.010596894146661016,0.03753424657534247,0.17633654688869413,70.31157614311803,0.2901357313439707,0.5346094093427182,Advertising Agencies,Communication Services,TZOO
2010Q3,2010,Q3,2010-11-09,2010-09-30,3650000.0,27693000.0,5705000.0,0.22,25951000.0,0.9370960170440183,59417000.0,41936000.0,53203000.0,14931000.0,17481000.0,0.0,36378000.0,423597440.0,388880440.0,2.5502310873266847,3.563257651865247,0.0,0.0,0.08605689977696475,2.5502310873266847,0.08703739030904235,15.296191817426786,29.013523287671234,10.101045402518123,0.0,0.0,0.0,0.46607873167611963,3.2729890831156654,0.06143023040543952,159.30704776231667,0.9370960170440183,0.09999999999999995,0.5694828048707784,1.0447101082229657,-0.11538028797113199,-0.02034730086825217,0.12411456729288574,-0.03891509433962264,0.5105810847406025,0.23787386303458152,0.4364035006962987,Advertising Agencies,Communication Services,TZOO
2010Q2,2010,Q2,2010-08-09,2010-06-30,3247000.0,28106000.0,5936000.0,0.2,26490000.0,0.9425033800611969,54894000.0,37885000.0,48484000.0,13730000.0,17009000.0,0.0,32729000.0,203576720.0,171701720.0,2.303879834590124,3.5312454479242534,0.0,0.0,0.08506190151175347,2.303879834590124,0.08570674409396858,7.243176545933252,15.674216199568834,5.373544146759932,0.0,0.0,0.0,0.5120049550041899,3.3665695557174073,0.05915036251685066,105.64437986507525,0.9425033800611969,0.3333333333333335,0.4732773350309299,1.2658606583566803,-0.16016774435926165,-0.013958682300390842,0.31244947453516575,0.15038759689922482,0.05805871431787578,0.2958101594498625,-0.19621679948984488,Advertising Agencies,Communication Services,TZOO
2010Q1,2010,Q1,2010-05-10,2010-03-31,2474000.0,28518000.0,5160000.0,0.15,26865000.0,0.9420366084578161,52259000.0,34634000.0,45538000.0,14330000.0,17625000.0,0.0,29482000.0,246824440.0,216699440.0,2.106178545366091,3.177808792742498,0.0,0.0,0.07382189312308698,2.106178545366091,0.07143269619449097,8.655040325408514,24.941839126919966,7.126651267540567,0.0,0.0,0.0,0.5457050460207811,3.0361479413817167,0.04734112784400773,26.33917831608153,0.9420366084578161,-0.53125,0.33279249196392086,1.5071946020347244,-0.19368483034507214,0.205194921717285,-0.536096006000375,0.4642451759364359,-0.43530330162983366,0.3397824725567625,-0.21409325364376708,Advertising Agencies,Communication Services,TZOO
2009Q4,2009,Q4,2010-03-16,2009-12-31,5333000.0,23779000.0,3524000.0,0.32,22291000.0,0.9374237772824762,46132000.0,30771000.0,39324000.0,12074000.0,15361000.0,0.0,27008000.0,202096760.0,182320760.0,1.8712600340549745,3.2569156865993043,0.0,0.0,0.048763738114043956,1.8712600340549745,0.17331253452926457,8.498959586189494,9.473877742358896,6.567767053394429,0.0,0.0,0.0,0.5154556490071968,3.0740433990392577,0.11560305211133269,99.94894164193867,0.9374237772824762,17.0,2.0456062025854673,1.2337545227467202,-0.2455554132664658,0.008095151953690304,19.077966101694916,0.5456140350877193,0.15420548279979707,0.24928649062832262,-0.22490383465957678,Advertising Agencies,Communication Services,TZOO
2009Q3,2009,Q3,2009-11-09,2009-09-30,-295000.0,23576000.0,2280000.0,-0.02,22112000.0,0.9379029521547336,38774000.0,22772000.0,31921000.0,13960000.0,16002000.0,0.0,21674000.0,232353720.0,216659720.0,1.3848212113840914,2.2866045845272205,0.0,0.0,0.04990791619026272,1.3848212113840914,-0.012954505533110838,9.855519172039362,-196.90993220338984,10.203483225013175,0.0,0.0,0.0,0.6080363129932429,2.0426934097421205,-0.007608191055862175,952.2693442622951,0.9379029521547336,-1.0,-1.1409774588997352,1.3296386808304745,1.270257596919565,-0.02881236823612087,-0.5445026178010471,0.4700193423597679,-1.0601142670160357,0.24326992931259353,-0.34991924294750376,Advertising Agencies,Communication Services,TZOO
2009Q2,2009,Q2,2009-08-10,2009-06-30,-191000.0,24279000.0,1551000.0,-0.01,22768000.0,0.9377651468347131,39625000.0,23518000.0,32459000.0,14024000.0,16107000.0,0.0,21969000.0,180226240.0,164682240.0,1.4301873023595233,2.3145322304620652,0.0,0.0,-0.008687139124544373,1.4301873023595233,-0.008121438897865464,7.423132748465752,-235.89821989528798,7.66333191597925,0.0,0.0,0.0,0.6127192429022082,1.9982886480319453,-0.0048201892744479495,-566.7491823899371,0.9377651468347131,-1.5,-1.1434984462613713,2.37878403859982,2.160457822447751,0.02999321420493101,-1.5650887573964498,-0.4501949663239986,-1.0466387139982372,0.31493728560614387,-0.2082342964053907,Advertising Agencies,Communication Services,TZOO
2009Q1,2009,Q1,2009-05-11,2009-03-31,338000.0,23368000.0,2821000.0,0.02,22105000.0,0.9459517288599795,37769000.0,23356000.0,30378000.0,12305000.0,14413000.0,0.0,22161000.0,101875000.0,86231000.0,1.4328834355828222,2.4687525396180416,0.0,0.0,0.015475565532072971,1.4328834355828222,0.014471656105497516,4.359594317014721,75.35133136094674,4.361834218188045,0.0,0.0,0.0,0.6187084646138368,2.2660707029662737,0.00894913818210702,-177.17391304347825,0.9459517288599795,3.547770700636943,-0.6008311696513633,3.3093884252980565,4.738743085329378,0.16852566474599567,3.640625,4.542239685658153,-0.918873914158126,0.3637510002667377,-0.4761924639457393,Advertising Agencies,Communication Services,TZOO
2008Q4,2008,Q4,2009-03-16,2008-12-31,-128000.0,19879000.0,509000.0,-0.00785,18917000.0,0.9516072237034056,35322000.0,20763000.0,29802000.0,12395000.0,14559000.0,0.0,21823000.0,90628000.0,76449000.0,1.2738036809815951,2.4043565954013717,0.0,0.0,-0.003258452248185512,1.2738036809815951,-0.006164812406684968,4.5589818401328035,-177.00781249999997,4.364879834320666,0.0,0.0,0.0,0.5627937262895646,2.078338039532069,-0.00362380386161599,-63.59859649122807,0.9516072237034056,0.9396153846153846,-1.3370998025600356,3.555064981784093,5.441892319922675,0.05445930880713489,0.9284516489659027,2.417827298050139,-1.0764358852267784,0.4127329909438311,-0.5773628298498192,Advertising Agencies,Communication Services,TZOO
2008Q3,2008,Q3,2008-11-10,2008-09-30,-1789000.0,18807000.0,-359000.0,-0.13,17940000.0,0.9539001435635668,35073000.0,21720000.0,30148000.0,11629000.0,13353000.0,0.0,21951000.0,113137200.0,97301200.0,1.52047602380119,2.5924843064751912,0.0,0.0,-0.07906301395495416,1.52047602380119,-0.08236648250460406,6.015696283298772,-15.810117384013413,5.208895027624309,0.0,0.0,0.0,0.5362244461551621,2.2321781752515264,-0.051007897813132606,-22.654625550660793,0.9539001435635668,-0.625,-4.94536023887178,4.344202406296121,7.7162048511064,-0.15105053946621239,-0.49958088851634536,-1.213436385255648,-1.8855258866279874,0.5984847091340769,-0.4725799285382537,Advertising Agencies,Communication Services,TZOO
2008Q2,2008,Q2,2008-08-11,2008-06-30,-1193000.0,21769000.0,1682000.0,-0.08,21132000.0,0.9707382057053608,39541000.0,23699000.0,36079000.0,13758000.0,15842000.0,0.0,23740000.0,122285330.0,101268330.0,1.6608732216693531,2.6224015118476522,0.0,0.0,-0.04830081936298095,1.6608732216693531,-0.05033967677961095,5.617406862970279,-25.625593042749372,5.159936284231402,0.0,0.0,0.0,0.5505424748994714,2.3682948102921935,-0.030171214688551124,-34.17700670765791,0.9707382057053608,-0.14285714285714277,-3.7231763677599945,5.905806540123166,10.638934156176187,0.05218084047002589,-0.18588469184890655,0.31508991399530883,-1.6238161196321383,1.0224908547845875,-0.39456264899509086,Advertising Agencies,Communication Services,TZOO
2008Q1,2008,Q1,2008-05-12,2008-03-31,-1006000.0,20948000.0,1279000.0,-0.07,20084000.0,0.958755012411686,40828000.0,24713000.0,38151000.0,14486000.0,16115000.0,0.0,24933000.0,157320000.0,132875000.0,1.7342456140350877,2.6336462791660913,0.0,0.0,-0.03322569388862378,1.7342456140350877,-0.040707320033990205,7.510024823372159,-39.09542743538767,6.365880305911868,0.0,0.0,0.0,0.5130792593318311,2.435731050669612,-0.024639952973449595,56.0855614973262,0.958755012411686,-22.875,-4.565524877706873,6.689526209933242,14.484687893655696,0.09294732259468873,-22.869565217391305,-0.4790224032586558,-1.6253935916345954,1.1252212434256348,-0.33607312182502613,Advertising Agencies,Communication Services,TZOO
2007Q4,2007,Q4,2008-03-17,2007-12-31,46000.0,19113000.0,2455000.0,0.0032,18376000.0,0.9614398576884843,37286000.0,25902000.0,36257000.0,10055000.0,11384000.0,0.0,25939000.0,194940000.0,172299000.0,1.8176842105263158,3.6058677274987567,0.0,0.0,0.0015935288701768868,1.8176842105263158,0.0017759246390240135,10.19934076283158,1059.4565217391305,7.526059763724809,0.0,0.0,0.0,0.512605267392587,3.3425161611138736,0.0012337070214021347,-431.283185840708,0.9614398576884843,-0.9771428571428571,-0.8075726057434152,7.317488727017925,18.71506972767175,-0.05180598555211558,-0.978644382544104,-0.5028351559335763,-0.9696853470949236,1.0718739096134084,-0.2671558265203087,Advertising Agencies,Communication Services,TZOO
2007Q3,2007,Q3,2007-11-09,2007-09-30,2154000.0,19943000.0,4938000.0,0.14,19380000.0,0.9717695431981146,36569000.0,26026000.0,35910000.0,9347000.0,10543000.0,0.0,43629000.0,338036540.0,314783540.0,1.7754280646701686,3.841874398202632,0.0,0.0,0.07684949644043579,1.7754280646701686,0.08276339045569815,16.9501348844206,39.2335817084494,12.988416967647735,0.0,0.0,0.0,0.545352621072493,3.494276238365251,0.05890234898411223,277.76215283483975,0.9717695431981146,-0.1764705882352941,10.622661763631966,9.411968167937967,22.539865649032127,-0.014793350617660515,-0.2431482782853127,-0.1416652181470537,0.15471945892051386,1.2106096336309276,1.9106133112830472,Advertising Agencies,Communication Services,TZOO
2007Q2,2007,Q2,2007-08-09,2007-06-30,2846000.0,20115000.0,5753000.0,0.17,19671000.0,0.9779269202087995,54491000.0,43711000.0,53915000.0,9594000.0,10780000.0,0.0,41475000.0,405345000.0,363469000.0,2.866295081967213,5.619658119658119,0.0,0.0,0.06025008448258057,2.866295081967213,0.06510946901237674,20.15137956748695,35.606553056921996,9.273295051588844,0.0,0.0,0.0,0.36914352828907526,5.255472170106317,0.0522288084270797,204.40998487140695,0.9779269202087995,-0.31999999999999995,23.85041303294421,10.587517677454022,44.656470966115016,0.01464899159230412,-0.29953236524735416,-0.23057375952922296,1.3056126786083204,2.018473032307467,5.333998839383889,Advertising Agencies,Communication Services,TZOO
2007Q1,2007,Q1,2007-05-10,2007-03-31,4063000.0,19740000.0,7477000.0,0.25,19387000.0,0.9821175278622087,52683000.0,40869000.0,52325000.0,10666000.0,11814000.0,0.0,38629000.0,560742500.0,520853500.0,2.6799344262295084,4.90577536096006,0.0,0.0,0.09481217925766798,2.6799344262295084,0.09941520467836257,28.406408308004053,34.502984248092545,13.72048496415376,0.0,0.0,0.0,0.3746939240362166,4.604256516032252,0.0771216521458535,86.4942927656949,0.9821175278622087,-0.03846153846153849,37.12707140748828,11.789477538856321,47.48826839576728,0.1144515980685215,-0.05180863477246208,-0.025290053448051103,4.128667030869362,2.890980066619767,9.73322140220372,Advertising Agencies,Communication Services,TZOO
