Quarters,Year,Quarter,FillingDate,Date,NetIncome,Revenue,OperatingIncome,EPSDiluted,GrossProfit,GrossProfitRatio,TotalAssets,CommonStockEquity,CurrentAssets,CurrentLiability,TotalLiability,Inventory,RetainedEarnings,MarketCap,EnterpriseValue,bookValuePerShare,currentRatio,debtToAssets,debtToEquity,roic,shareholdersEquityPerShare,roe,priceToSalesRatio,peRatio,pbRatio,payoutRatio,inventoryTurnover,dividendYield,assetTurnover,quickRatio,returnOnAssets,priceToFreeCashFlowsRatio,grossProfitMargin,epsdilutedGrowth,fiveYNetIncomeGrowthPerShare,fiveYRevenueGrowthPerShare,fiveYShareholdersEquityGrowthPerShare,grossProfitGrowth,netIncomeGrowth,operatingIncomeGrowth,threeYNetIncomeGrowthPerShare,threeYRevenueGrowthPerShare,threeYShareholdersEquityGrowthPerShare,Industry,Sector,Symbol
2023Q1,2023,Q1,2023-03-21,2023-03-31,405963000.0,9209833000.0,3489508000.0,0.18,5194858000.0,0.5640556132,267830877000.0,110884116000.0,48519640000.0,23640445000.0,156813536000.0,447028000.0,498193000.0,77898304585.59041,126342720585.59041,48.062123481314785,2.052399605844983,0.22425452461928055,0.5416671762076365,0.009663167529828721,48.062123481314785,0.0036611465613343576,8.458166894621261,47.971308090632895,0.7025199586349267,0.0,8.981484381291553,0.0,0.03438674847037894,1.688970237235382,0.0015157438326276324,198.7196578212566,0.5640556131690987,1.4864864864864866,7.80146719278631,-0.2592681998137776,0.731410760962392,0.28191025889372684,1.8481894936097931,4.385978326683331,-0.7751262780909355,-0.17629468003778218,0.0,Utilities—Regulated Electric,Utilities,EBR
2022Q4,2022,Q4,2022-12-31,2022-12-31,-478623000.0,9009278000.0,-1030576000.0,-0.37,4052435000.0,0.4498068547,270217462000.0,110504796000.0,49623127000.0,26270428000.0,159188826000.0,1256800000.0,0.0,54804499101.37799,104526306101.37799,85.73953227817508,1.888934851004331,0.22629659662779306,0.5533632404515728,-0.0025142972679798687,85.73953227817508,-0.004331241876596921,6.0831177705225645,-28.626131162406526,0.49594679222228505,0.0,3.9440189369828134,0.0,0.03334084308733534,1.5489376115227358,-0.0017712511858319505,-1.912967845035308,0.4498068546669334,-3699.0,0.852188494726164,0.00925382694323283,2.224706163051044,0.1395167696536404,-5437.897727272727,-1.3351977911427793,-1.1889405194895404,0.49435983608144013,0.8971297605172118,Utilities—Regulated Electric,Utilities,EBR
2022Q3,2022,Q3,2022-09-30,2022-09-30,-88000.0,8047090000.0,3074531000.0,-0.0001,3556275000.0,0.4419330466,266506129000.0,111495023000.0,43516712000.0,24699356000.0,154660684000.0,486742000.0,4672708000.0,55847482410.698,108344829410.698,86.5078392015164,1.7618561390831404,0.21243673911904667,0.5077867287403492,7.535877991896556e-06,86.5078392015164,-7.892728987553103e-07,6.940084230535262,-158657.6204849375,0.5008966401190661,0.0,9.226273878153108,0.0,0.030194765239339016,1.4388062182673913,-3.301987850343209e-07,36.584211946903665,0.44193304660442473,-1.0003125,-1.0002022284066991,0.11808750550977738,1.958903210503585,0.017771561723529825,-1.0002125947919107,2.666095900619933,-1.0001645422636143,0.34349527828653653,1.152661460376462,Utilities—Regulated Electric,Utilities,EBR
2022Q2,2022,Q2,2022-06-30,2022-06-30,413933000.0,7836547000.0,838639000.0,0.32,3494178000.0,0.445882351,245250868000.0,106712385000.0,40103208000.0,27243304000.0,138229171000.0,389156000.0,0.0,60944191432.71,95918469432.70999,82.79703967046413,1.4720390742620646,0.1525031014365258,0.35048900837517594,0.00215309939925779,82.79703967046413,0.003878959316671631,7.776919022205826,36.80800481763353,0.5711070128618154,0.0,11.158427468675802,0.0,0.031953187623376726,1.2065165811019103,0.0016877942303551807,-2.295527067190511,0.4458823509895366,-0.815028901734104,0.42224716030860876,-0.0841006067551844,1.4382118319642883,-0.5088124592777212,-0.8476156642584326,-0.6553886272029796,-0.9229777785426565,0.22140308483128665,0.7732008194675017,Utilities—Regulated Electric,Utilities,EBR
2022Q1,2022,Q1,2022-03-31,2022-03-31,2716375000.0,9181318000.0,2433579000.0,1.73,7113735000.0,0.7748054255,189052112000.0,78816099000.0,41404342000.0,24166180000.0,109931397000.0,1163971000.0,2914564000.0,57771855276.26767,101357179276.26767,50.23554478890342,1.7133176199134492,0.23133604558726115,0.5548938421831814,0.014940779478557448,50.23554478890342,0.034464722746554606,6.292327014080949,5.316999243133558,0.7329956190329551,0.0,1.7763183103359104,0.0,0.04856501153502057,1.3412028711198873,0.014368392774157425,41.02176581511023,0.7748054255391219,3.4358974358974352,0.6815650845678591,-0.1168399551296483,0.49050436554056687,-0.43032172325689694,3.453008070372732,1.856420663686899,0.6530787937935487,0.2104537913963219,0.17686473887681944,Utilities—Regulated Electric,Utilities,EBR
2021Q4,2021,Q4,2021-12-31,2021-12-31,610009000.0,11491935000.0,851968000.0,0.39,12487285000.0,1.0866129159,188303069000.0,76121204000.0,39744996000.0,23883372000.0,111886305000.0,1115468000.0,0.0,53222087035.23138,99164892035.23138,48.51788151716636,1.6641283316275441,0.24500643693704216,0.6060790105211683,0.005310384797543819,48.51788151716636,0.008013654119291124,4.631255487890541,21.812008935618724,0.6991755810277434,0.0,-0.8923160503035498,0.0,0.06102893097297315,1.3491963362627355,0.003239506415054765,11.553522499880904,1.0866129159275613,-0.3656357089909295,1.0862428088367149,-0.19358052826230385,0.4856591110307797,0.3737094059818745,-0.3675786186669376,-0.7495114996768812,-0.9568764010931127,4.123352451545148,0.16573161342803355,Utilities—Regulated Electric,Utilities,EBR
2021Q3,2021,Q3,2021-09-30,2021-09-30,964561000.0,9956628000.0,3401226000.0,0.6147887034745207,9090194000.0,0.912979173270308,193255081000.0,76128510000.0,45209072000.0,26600098000.0,116821944000.0,1016016000.0,5012600000.0,59758475994.4806,108165526994.48059,48.52253819130888,1.6995829113110785,0.26021658907896966,0.6605695816192908,0.006386743558952075,48.52253819130888,0.012670167851702338,6.001878948824904,15.488516536144576,0.7849684171472763,0.0,0.8527759405363695,0.0,0.051520653162024754,1.3805191244032258,0.004991128797281144,-152.6705925192583,0.912979173270308,-0.618739139989976,-0.035454610833202164,-0.0021075373927168985,0.2678098487511333,0.9847710826116585,-0.618739139989976,0.3758270189455903,1.506088435905938,0.17229656243734448,0.495011322060535,Utilities—Regulated Electric,Utilities,EBR
2021Q2,2021,Q2,2021-06-30,2021-06-30,2529924000.0,7959252000.0,2472132000.0,1.6125146007863405,4579971000.0,0.5754273140239812,181081007000.0,75253579000.0,50101071000.0,25742920000.0,105563026000.0,957696000.0,4092255000.0,68468352481.959404,115904998481.95941,47.964877561115806,1.9462077728556046,0.26704105969545444,0.6425749398576778,0.014987404566921107,47.964877561115806,0.03361865353938847,8.602360181831083,6.765850721401058,0.9098351652080149,0.0,3.5285529019647153,0.0,0.043954096190772785,1.6069788120384167,0.013971227805244091,-45.60476725620106,0.5754273140239812,0.5722217029823099,-0.8283873690242236,-0.7924007108087572,0.27485877198004804,-0.13090544476005722,0.5722221635296889,-0.1676886513740989,-0.08929931793868659,-0.3431863914342537,0.6972511306366261,Utilities—Regulated Electric,Utilities,EBR
2021Q1,2021,Q1,2021-03-31,2021-03-31,1609139000.0,8208426000.0,2970201000.0,1.025628,5269819000.0,0.6420011583219487,177371873000.0,72815673000.0,43763449000.0,24497422000.0,104297388000.0,510433000.0,1608510000.0,54622549281.9774,102995612281.9774,46.41101308916146,1.786451202906167,0.27436713711649197,0.668331569221368,0.01385408817414436,46.41101308916146,0.022098800075637564,6.654448646059232,8.486300636858811,0.7501482446227944,0.0,5.757086630370686,0.0,0.04627805897950911,1.4267642121689377,0.009072120470870824,19.338455064079948,0.6420011583219487,0.16672791374754753,1.356256054996868,0.047644619857650596,0.6473061077969691,7.0108400878030395,0.16672757198065533,1.906610483004493,50.3008719045506,-0.02919571178238482,0.6719304447915405,Utilities—Regulated Electric,Utilities,EBR
2020Q4,2020,Q4,2020-12-31,2020-12-31,1379190000.0,3596071000.0,-3276160000.0,0.8790635656480246,657836000.0,0.18293187203478464,178966449000.0,73478307000.0,45191737000.0,26400066000.0,105215155000.0,938331000.0,0.0,56938669417.48671,105754398417.48671,46.833360558878915,1.7118039401871192,0.27436615228366074,0.6682562242486071,0.09984819480101609,46.833360558878915,0.01877002963609382,15.833577651132781,10.32103434216582,0.7749044819103781,0.0021817153546646946,3.1313417120397813,5.284633502650646e-05,0.020093548372298542,1.4474740707087626,0.007706416525032577,209.95316842548667,0.18293187203478464,23.93608635122674,1.1632524014634527,-0.605219669438827,0.5121261425117851,-0.8825376968542074,23.936086351226745,-3.954319398993092,1.3498927732827415,-0.6690709654455113,0.7614258256112685,Utilities—Regulated Electric,Utilities,EBR
2020Q3,2020,Q3,2020-09-30,2020-09-30,55309000.0,7431216000.0,1108939000.0,0.0352526676907653,5600401000.0,0.7536318416797466,181582941000.0,75861647000.0,46518936000.0,24695714000.0,105213581000.0,942014000.0,0.0,48863399281.95672,100812073281.95673,48.35244593402778,1.8836845940149776,0.28778017754432117,0.6888325401108152,0.0016341387925709239,48.35244593402778,0.000729077237144614,6.575424436856191,220.86549784825579,0.6441120278071042,45.502739156375995,1.943511455243765,0.051505033153297616,0.04092463729839027,1.4804353095439962,0.0003045935906501261,21.168281014272527,0.7536318416797466,-0.9849561091785713,1.0118972482896536,-0.18849671410187613,0.2501477286211319,-0.45636353240943106,-0.9849561091785713,-0.8227923611476208,-0.8955877409269651,-0.15181025263418177,0.6538409562700986,Utilities—Regulated Electric,Utilities,EBR
2020Q2,2020,Q2,2020-06-30,2020-06-30,3676509000.0,10449660000.0,6257851000.0,2.3433211600120747,10301739000.0,0.9858444198184438,184100486000.0,75808267000.0,47519032000.0,26458406000.0,107795104000.0,1034574000.0,0.0,47294279315.78207,99060208315.78207,48.318422765984,1.795989977627526,0.283183945532876,0.6877126211050306,0.03568736082715881,48.318422765984,0.04849746796084918,4.525915610247804,3.215977392941379,0.6238670423079592,0.020188989065442243,0.14297768936779776,0.0015694287147162674,0.056760632342926026,1.4301597004747755,0.01997012110006054,-101.39261119866151,0.9858444198184438,1.9946787647359723,3.329743514362588,0.09313909188461975,0.15609855210111775,1.2585163482403865,1.994680209826665,1.1983404909322444,9.377120398470613,0.0032782252800105586,0.42288360258731483,Utilities—Regulated Electric,Utilities,EBR
2020Q1,2020,Q1,2020-03-31,2020-03-31,1227680000.0,7603566000.0,2846625000.0,0.782495,4561286000.0,0.5998877368855613,,,,,,,,37960477914.88284,,,0.0,0.0,0.0,0.0,,0.0,4.992457212166349,7.73012468943105,0.0,0.0,0.0,0.0,0.0,0.0,0.0,-122.0001797033686,0.5998877368855613,-0.6018807944024243,-0.15828820367103108,-0.23900333117247385,0.0,-0.13826527296442342,-0.6018809865158782,0.15739281931600335,-0.24000779604352515,-0.2686054780223623,0.0,Utilities—Regulated Electric,Utilities,EBR
2019Q4,2019,Q4,2019-12-31,2019-12-31,3083701000.0,7339029000.0,2459515000.0,1.965479155484291,5293144000.0,0.7212321957032736,177466715000.0,70906801000.0,40718463000.0,25638057000.0,106072569000.0,1010651000.0,0.0,58752801949.90079,108010080949.90079,45.1943425603107,1.588203934486923,0.27944725296797207,0.6994052093818194,0.07038720478844017,45.1943425603107,0.04348949545756549,8.005527972419891,4.763172722477048,0.8285919139110618,0.37992561535635266,2.0243239258656054,0.019940785139047797,0.041354397076657445,1.1981343203972126,0.0173762217889704,-17.002588596596805,0.7212321957032736,3.7365623108800965,1.6074298791421653,-0.3470885770835346,0.14394852495486818,-0.024049257528749014,3.736562310880097,0.32537680995414153,1.4359723149209056,-0.4850009254970871,0.3838894999571526,Utilities—Regulated Electric,Utilities,EBR
2019Q3,2019,Q3,2019-09-30,2019-09-30,651042000.0,7291326000.0,1855710000.0,0.41495899905496797,5423577000.0,0.7438395979002996,177207066000.0,63049776000.0,38819290000.0,24809126000.0,113668890000.0,939011000.0,7384005000.0,62427089406.47053,112861366406.47052,40.18645792375905,1.5647181605672043,0.2871331045004718,0.807013414290322,0.00787509015690942,40.18645792375905,0.010325841601721154,8.561829412986134,23.97199005842577,0.9901238888853552,0.0018447350554956516,1.9890597660730278,1.923844298074094e-05,0.04114579719975726,1.1507047850053242,0.003673905418647358,20.988375470552715,0.7438395979002996,-0.9004843935925806,1.204601326017435,-0.04762928108129742,-0.06912501572356815,0.0700604935170861,-0.8830043619845134,1.30974026297316,-0.34896853671884887,-0.26923459851944737,0.05000251514646525,Utilities—Regulated Electric,Utilities,EBR
2019Q2,2019,Q2,2019-06-30,2019-06-30,5564669000.0,6643410000.0,803428000.0,4.169788177304727,5068477000.0,0.7629330419167265,181900440000.0,62313512000.0,42037600000.0,28495210000.0,119110332000.0,895968000.0,6670290000.0,47089185854.200554,99879147854.20056,46.693549180362076,1.475251454542711,0.31423079020589506,0.917276480901927,0.0015227301331896164,46.693549180362076,0.08930116152015312,7.088104731485871,2.1155429844165288,0.7556817830168288,0.001839462508911132,1.7578005018036358,0.0002173747499413797,0.03652223161197411,1.129236071606421,0.03059183914013622,-44.683005982066284,0.7629330419167265,3.130073391571376,54.84714882945898,-0.02054244304920479,0.0352559826251726,-0.018214589414838906,2.9812701042847167,-0.6289926119736915,-0.5562283160909082,-0.7962849385961829,0.24106812722741755,Utilities—Regulated Electric,Utilities,EBR
2019Q1,2019,Q1,2019-03-31,2019-03-31,1397712000.0,6451762000.0,2165531000.0,1.009616,5162510000.0,0.8001705580584033,179669572000.0,56965237000.0,44637806000.0,33346924000.0,122230005000.0,908426000.0,1354601000.0,49409956871.15678,104461863871.15677,42.68591209287773,1.3385884107331758,0.31159052908524765,0.9827631718621657,0.013611915835591097,42.68591209287773,0.024536227243292255,7.6583663301834095,8.83764982899853,0.8673703380038035,9.44400563206154e-05,1.4192152140075251,2.671526314912763e-06,0.03590904084749531,0.7780589897886834,0.0077793473009442025,-86.45313814344615,0.8001705580584033,-0.888020429048656,0.43527292126056744,-0.06802292220153842,-0.06129707814344265,4.592555118383194,-0.8838350992845244,-0.7718485230735225,1.363801817005299,-0.03192074365377687,0.5150878859807377,Utilities—Regulated Electric,Utilities,EBR
2018Q4,2018,Q4,2018-12-31,2018-12-31,12032137000.0,-3129635000.0,9491637000.0,9.016073123183206,923104000.0,0.2949558015551334,181210208000.0,55542906000.0,46845413000.0,36523971000.0,125201260000.0,890930000.0,0.0,32879923150.106,88606830150.106,41.620113033128796,1.2825936424054218,0.310745512747273,1.013815499678753,0.08397505695725334,41.620113033128796,0.21662779041485514,-10.505992919335961,0.6831688159407177,0.5919734043102822,0.004473436431117764,-4.548885995532758,0.001637017208169067,-0.0172707433788719,0.7158841518081371,0.06639878146379039,-213.01771361817393,-0.2949558015551334,8.421948905595759,3.2149444654070054,-1.52691531932479,-0.07045820163353937,-0.8316106532661116,8.42194890559576,13.466949237138534,2.6743903929685717,-1.4039237735416226,0.3438040794140278,Utilities—Regulated Electric,Utilities,EBR
2018Q3,2018,Q3,2018-09-30,2018-09-30,-1621156000.0,7224309000.0,-761344000.0,-1.2147851242125314,5481962000.0,0.7588216395505785,177694951000.0,43313609000.0,46599215000.0,40688447000.0,133965385000.0,727264000.0,1228160000.0,20202053075.811646,64247111075.811646,32.45630148434698,1.145268950667987,0.25281310891044956,1.0371708577782102,-0.010686587533172467,32.45630148434698,-0.03742832881924016,2.796399361629139,-3.115377711307802,0.46641352549984105,-0.002855369871869209,2.3957558740704887,0.0002291351271392511,0.04065567963155014,0.6330724296260312,-0.009123253029288379,11.466874643931062,0.7588216395505785,-1.6860748055483041,-0.7933538322175562,0.21543205910721736,-0.3304622235491033,-0.3315857548987715,-1.5749675215397008,-1.162558908985937,0.5900281826013376,-0.07251864557990258,-0.16084552091821921,Utilities—Regulated Electric,Utilities,EBR
2018Q2,2018,Q2,2018-06-30,2018-06-30,2819561000.0,12299283000.0,4683496000.0,1.7706307160509813,8201444000.0,0.6668229359386234,176953702000.0,45001888000.0,41287043000.0,33372521000.0,131525116000.0,927410000.0,2795646000.0,19728296145.851578,65367037145.85158,28.26033030428711,1.2371568512909168,0.2622512412879613,1.0312084684091476,0.03370812851245477,28.26033030428711,0.06265428241588442,1.6040200185532423,1.7492347342238366,0.4383881881989391,0.0021439507781530528,4.418584013543093,0.0003064126752411474,0.06950565521370104,0.7230703068551518,0.015933891001613517,21.22965752609717,0.6668229359386234,87.5669625875841,11.8954371259263,0.5373458705116236,0.0,0.6972575904758397,87.56517778615404,7.9606446848322285,2.760371347062689,0.2676617265305623,-0.3238246392080818,Utilities—Regulated Electric,Utilities,EBR
2018Q1,2018,Q1,2018-03-31,2018-03-31,31836000.0,8581790000.0,522674000.0,0.019992,4832174000.0,0.5630729719557341,116607879000.0,44203468000.0,16771994000.0,9730349000.0,72404411000.0,280000.0,0.0,33404235542.766903,60222601542.76691,27.75893772001267,1.7236785648695643,0.23007586820098153,0.6069356141920811,0.0005363100887227285,27.75893772001267,0.0007202149840369991,3.892455483385972,262.31495431875,0.7556926425493787,0.0,13391.485714285714,0.0,0.07359528424318566,1.4062742251074447,0.0002730175719944276,59.74387710555602,0.5630729719557341,1.0079573953429772,1.6666666666666667,0.10783599478543332,-0.5038605481786497,-0.2262193931709595,1.0079575557036398,1.2064454308395127,-0.9784946236497487,-0.15375982990176681,-0.3518529388008317,Utilities—Regulated Electric,Utilities,EBR
2017Q4,2017,Q4,2017-12-31,2017-12-31,-4000726000.0,11029176000.0,-2531778000.0,-2.5123798854161263,6244889000.0,0.5662153727531413,172975359000.0,42339377000.0,37358727000.0,34186952000.0,130222827000.0,944395000.0,0.0,30052071983.48292,76431343983.48293,26.58832400315597,1.0927773555244118,0.27270661135034846,1.1141289112496862,-0.026585396132285298,26.58832400315597,-0.09449184856924088,2.724779438054386,-1.8779136576388213,0.709790131854867,-0.09316309089900184,5.065980866057106,0.012402472621683211,0.06376154420931134,0.7389237566425928,-0.023128878142695458,-198.80047883124573,0.5662153727531413,-8.441231449121442,0.7143289892680436,-0.14569022788085811,-0.5268496772351304,0.2578321838751709,-8.441231449121442,-2.1934737846430012,0.22355085481356954,-0.0332614245513997,-0.3270026224224095,Utilities—Regulated Electric,Utilities,EBR
2017Q3,2017,Q3,2017-09-30,2017-09-30,537643000.0,8892350000.0,2121352000.0,0.3376295849140337,4964803000.0,0.5583229405050408,171347517000.0,46556273000.0,32010666000.0,28050655000.0,124515539000.0,1040572000.0,2273415000.0,31404740312.19672,77628535312.19672,29.236454539786504,1.1411735661787576,0.27596731967817195,1.0156808514289792,0.014464229866331082,29.236454539786504,0.011548239696936222,3.5316581457316367,14.602970889696657,0.6745544324863959,0.011714092808796915,3.774411573634501,0.00020054297336615878,0.051896579277539226,0.9208699761199872,0.003137734409072295,35.48750701981206,0.5583229405050408,0.4951526545002185,-0.5982619676763307,-0.2049112600809492,-0.5614550572564335,-0.13522258842939391,0.7589979486541928,0.013613906329138118,1.166472979097814,0.14436979014648532,-0.32276976956627895,Utilities—Regulated Electric,Utilities,EBR
2017Q2,2017,Q2,2017-06-30,2017-06-30,305653000.0,8985674000.0,2092860000.0,0.2258161291409354,5741134000.0,0.6389207977053252,170560636000.0,45963922000.0,30541720000.0,27599784000.0,124333833000.0,1037537000.0,1733711000.0,16763862820.721626,63239185820.72163,33.95809936815893,1.1065927182618531,0.2797057346807736,1.0379181306590852,0.014420711534648249,33.95809936815893,0.006649845937864049,1.8656210786994527,13.711515035613608,0.36471785024614795,0.006841091041147968,3.1271559472095936,0.00012473258832775333,0.05268316424429843,0.9071639473700229,0.001792048899254808,18.03203802282918,0.6389207977053252,-0.7806777823999835,-0.7740794911690339,0.15978764586051578,-0.4183664994956976,0.03414787915468805,-0.7806777289443,-0.02338799242176782,3.916108492063495,0.3061614521686316,-0.24710530369681305,Utilities—Regulated Electric,Utilities,EBR
2017Q1,2017,Q1,2017-03-31,2017-03-31,1393625000.0,8968824000.0,2142980000.0,1.029609,5551560000.0,0.6189841611341688,168069589000.0,45619610000.0,27188880000.0,26258102000.0,122203324000.0,988255000.0,1401164000.0,23134859578.26546,70197685578.26546,33.70372200868013,1.03544726880869,0.28582404637164904,1.053019304636756,0.011783542924881605,33.70372200868013,0.030548814424323223,2.5794752554254003,4.150122805321637,0.5071253256716894,0.00023463987801596557,3.4578767625764604,1.4134514147092863e-05,0.053363752796468135,0.7875894076426392,0.008291952210343062,-29.065098902674936,0.6189841611341688,1.2283824877719423,0.0957446816319949,0.0801818291209063,-0.41834898567055107,-0.17179648030361913,1.2283824321080012,1.3659251675194755,0.41095890442545363,0.2773621201140508,-0.25882379511651443,Utilities—Regulated Electric,Utilities,EBR
2016Q4,2016,Q4,2016-12-31,2016-12-31,-6102155000.0,12294250000.0,-5856334000.0,-4.508265979781009,6703135000.0,0.5452252069056673,170499429000.0,44203470000.0,29272652000.0,31138510000.0,126434502000.0,996632000.0,0.0,30198711907.67747,77019483907.67747,32.657479200261285,0.9400787642054806,0.27859588902200955,1.0745862259229875,-0.0549196179817193,32.657479200261285,-0.13804696780592113,2.456328113360105,-1.2372150456550788,0.6831751423061917,-0.00013667302780738936,5.610009512036539,2.7617071964846642e-05,0.07210727960854343,0.5919909783737244,-0.035789885255275544,-22.938285713606685,0.5452252069056673,-8.073043371421551,-11.92068969437701,0.38598628272796864,-0.4265183304666613,0.39064430367010256,-8.07304337142155,-7.7855153267892065,-0.10752859299938163,1.0408017316638987,-0.27062927672101744,Utilities—Regulated Electric,Utilities,EBR
2016Q3,2016,Q3,2016-09-30,2016-09-30,862734000.0,8607924000.0,863064000.0,0.6373870119327334,4820165000.0,0.5599683500923103,175123258000.0,51803976000.0,26696588000.0,31379606000.0,123804438000.0,984533000.0,9712572000.0,25940322247.734974,71617552247.73497,38.272725392618156,0.8507623709488258,0.2653044977041256,0.8968614300956359,0.005828274192087579,38.272725392618156,0.01665381823202142,3.013539878806432,7.516894618658524,0.5007399865935961,0.0007835555339189135,3.8472646422212358,2.6059815045629443e-05,0.049153516776166875,0.5153518498607025,0.0049264387258030565,44.27998505993253,0.5599683500923103,-0.9321657850327532,-0.45017503107066165,0.20915487120943738,-0.3336127397754879,-0.8376943678102244,-0.9321843566394731,-0.9617394636501099,1.9409568965509343,0.42785608485779036,-0.21047580019406184,Utilities—Regulated Electric,Utilities,EBR
2016Q2,2016,Q2,2016-06-30,2016-06-30,12721755000.0,33085309000.0,22557551000.0,9.396246602698794,29698076000.0,0.897621237268783,173048005000.0,50939407000.0,27273549000.0,31264357000.0,122267608000.0,996749000.0,8832474000.0,17221973152.209145,63183295152.209145,37.623679277524296,0.8723527881926374,0.2715579760656588,0.9225189056480378,0.1340967916552422,37.623679277524296,0.2497428955150577,0.520532335128233,0.33843548221548725,0.3380874290941225,0.0003340734041804767,3.398280810916289,0.0002467777624804178,0.19119150781310654,0.5325241776122247,0.07351575650929926,-20.10930778219181,0.897621237268783,4.263825426289984,31.427656260935365,3.8297032825249433,-0.4423000039154586,7.954527651232021,4.2638254094291534,9.487442413825798,67.43251175210727,3.8639361568054067,0.0,Utilities—Regulated Electric,Utilities,EBR
2016Q1,2016,Q1,2016-03-31,2016-03-31,-3897805000.0,6761370000.0,-2657756000.0,-2.878906,3316543000.0,0.4905134610293476,149025438000.0,38145153000.0,28637497000.0,29179270000.0,111228506000.0,992093000.0,-16077890000.0,8556979431.812856,54140813431.81286,28.173885150726115,0.9814329488023518,0.31797009044858504,1.2422451680820366,-0.031222253141408224,28.173885150726115,-0.10218349366694111,1.2655688761024548,-0.5488332171448325,0.22432678227330366,-7.69663951890872e-06,3.4722823364341853,3.505910028072171e-06,0.04537057626363091,0.5832738447534842,-0.026155299741511245,5.016737800399872,0.4905134610293476,0.46535343238679405,-3.5263157880273543,-0.28641373777032747,-0.5862048029123806,-0.24440344072773268,0.46535342962482473,0.57630238398818,-94.99999997193333,0.026580878662517654,-0.49644413358507455,Utilities—Regulated Electric,Utilities,EBR
2015Q4,2015,Q4,2015-12-31,2015-12-31,-7290433000.0,7860706000.0,-6272766000.0,-5.384689951068322,4389304000.0,0.5583854681755048,149486779000.0,41933385000.0,29437396000.0,28099643000.0,107906186000.0,1034122000.0,-12339801000.0,7280064756.017857,54622615756.01785,30.971860906448093,1.0476074731625593,0.32602564806082285,1.1622368191835695,-0.06635165564721783,30.971860906448093,-0.17385748849037586,0.9261337030055388,-0.24964445719540446,0.17361023337414466,-6.227339308927193e-05,3.3568592487153355,6.236208264833275e-05,0.05258462355389971,0.6771721263505021,-0.04876975106942401,10.637288853912247,0.5583854681755048,-0.8172523530026132,-20.26109837728459,0.31162792422883007,-0.5034048696158603,0.21693926454715612,-0.817252353002613,-0.685313635053252,0.3877319947794776,-0.28386526325671446,-0.4488428084908577,Utilities—Regulated Electric,Utilities,EBR
2015Q3,2015,Q3,2015-09-30,2015-09-30,-4011789000.0,7902389000.0,-3722017000.0,-2.9630942241848226,3606839000.0,0.4564238738437199,152671980000.0,52366040000.0,30441004000.0,22549470000.0,100419053000.0,947745000.0,-4088320000.0,6986221049.28,55705696049.28,38.67738574173053,1.349965387213092,0.3331221550935542,0.9712099482794575,-0.038436022020821664,38.67738574173053,-0.07661050940647794,0.8840644328291103,-0.43535571345352414,0.1334112919227805,-5.633396970777875e-05,4.532390041625121,3.2349391524519767e-05,0.05176057191371986,0.9569785010468095,-0.026277179348823537,4.100313675973955,0.4564238738437199,-1.9459254962748103,-5.176432626987241,-0.22322994568646834,-0.44787530230696054,0.10953578912526409,-1.9539499745970503,-3.038256939162776,-4.525720779228317,-0.16896686783100853,-0.41984169480962275,Utilities—Regulated Electric,Utilities,EBR
2015Q2,2015,Q2,2015-06-30,2015-06-30,-1358110000.0,8226861000.0,-921689000.0,-1.005827957269022,3250764000.0,0.3951402606656415,150896328000.0,56432480000.0,31126437000.0,22287629000.0,94348819000.0,970021000.0,-77347000.0,7984957145.043712,62973770145.04371,41.794380486135104,1.3965791067322595,0.37309654082503585,0.9976328880105925,-0.009531352317657798,41.794380486135104,-0.024066105193321294,0.9705958499898942,-1.469865685593161,0.14149576883815335,-0.01619309187031978,5.129885847832161,0.002754178839100033,0.054519954918982524,0.9469443340069955,-0.009000285281958618,75.39878138526493,0.3951402606656415,-2.0819461120931084,-2.148439490215271,-0.09694356118343553,-0.3914028474419969,-0.2527618327811966,-2.081946421700271,-2.050924315899054,-2.006292884246574,0.06444797343633553,-0.28414686699594865,Utilities—Regulated Electric,Utilities,EBR
2015Q1,2015,Q1,2015-03-31,2015-03-31,1255247000.0,8598882000.0,877027000.0,0.929647,4350372000.0,0.5059229792896333,152427122000.0,57828314000.0,34450167000.0,22083808000.0,94430700000.0,873662000.0,1256472000.0,7731146970.753917,62225470970.753914,42.8281471625506,1.5599740316525121,0.3695617568637162,0.9741116609417317,0.005596364672124764,42.8281471625506,0.021706442971863228,0.8990874593643589,1.5397660720865927,0.13369137773502987,0.0003059158874707528,4.862876032149733,4.9669214859403146e-05,0.05641307063450296,0.9394381621140702,0.00823506331110811,-204.2898998719458,0.5059229792896333,1.2873067176923259,0.43118415367751206,0.2875476561814377,-0.3675833583167806,0.055385023693187235,1.287306635477333,1.294662406904497,-0.01063829781278674,0.03816364107879119,-0.2608817734571623,Utilities—Regulated Electric,Utilities,EBR
2014Q4,2014,Q4,2014-12-31,2014-12-31,-4369015000.0,9673681000.0,-2976379000.0,-3.2357301195983514,4122071000.0,0.4261119422896,144477550000.0,53344400000.0,30551193000.0,19284008000.0,90824201000.0,852933000.0,-3195151000.0,7669062896.286998,48407367896.286995,39.507321854445976,1.58427610069442,0.29170887103221227,0.7900619933863723,-0.04461883524650326,39.507321854445976,-0.08190203657741019,0.792776079373198,-0.43883248834617167,0.14376509804753634,-0.0003332558940630783,6.5088465330805585,0.00018985370438217783,0.06695629182526974,1.0317462013083587,-0.030240096125661045,5.120854169557041,0.4261119422896,-0.5954218961682985,-36.594283175605106,0.5195018377656558,-0.35496132273948605,0.9476390834630714,-0.5954218961682983,-0.4068450176565873,-8.83813659827575,0.09322892482148969,-0.30623166727157053,Utilities—Regulated Electric,Utilities,EBR
2014Q3,2014,Q3,2014-09-30,2014-09-30,-2738470000.0,6588824000.0,-2115641000.0,-2.0281344560768266,2116445000.0,0.32121741300116685,149248155000.0,58290746000.0,30486457000.0,26648242000.0,90682574000.0,1026337000.0,-1818517000.0,9047774928.934439,46486983928.93444,43.170628282589355,1.1440325782090992,0.26415595556273375,0.6763473056254933,-0.0203422065456256,43.170628282589355,-0.04697949825517759,1.3732002750315442,-0.8259881365264582,0.1552180328749685,-0.0013668216193714008,4.357612558058415,0.0004136928724906749,0.044146770189554436,0.6669227185793344,-0.018348434525036508,-79.93157701763732,0.32121741300116685,-25.19060087918268,-5.903079478578683,-0.3697080104373189,-0.44359980479446653,-0.3882143285575329,-25.17464611031991,-62.70568161931984,-2.749516296097112,-0.07220105851767786,-0.24833268578897058,Utilities—Regulated Electric,Utilities,EBR
2014Q2,2014,Q2,2014-06-30,2014-06-30,-104623000.0,6866825000.0,34286000.0,-0.07743749238257713,3459455000.0,0.503792509638734,141799731000.0,60937555000.0,26848604000.0,21800994000.0,80644511000.0,1009503000.0,918246000.0,8679628965.713047,42221511965.71304,45.10338502170053,1.2315311861468334,0.25071699183970947,0.5834103780501203,-0.00048101764950673765,45.10338502170053,-0.0017168887068081415,1.26399449027943,-20.740250627761217,0.1424348083166948,-7.729275589497529,3.3752945756476205,0.09316757700063359,0.04842622021617234,0.7894539579250377,-0.0007378222741480377,-11.9775521221225,0.503792509638734,-1.1061190237700842,0.9593673551255967,0.08087921413520412,-0.41344868773718063,-0.15879043214101865,-1.10611906660094,-0.9717642679553348,-1.267246751907274,0.004518566199814854,-0.3314274910633584,Utilities—Regulated Electric,Utilities,EBR
2014Q1,2014,Q1,2014-03-31,2014-03-31,985902000.0,7008477000.0,1214277000.0,0.729723,4112477000.0,0.5867861162988763,141469428000.0,61437323000.0,29327169000.0,19701854000.0,79828954000.0,1023302000.0,987587000.0,8665145560.76937,40034760560.76937,45.473292027741806,1.4885486919149842,0.25137002038348527,0.5788203532240491,0.009374782168017468,45.473292027741806,0.016047281226755274,1.2363806802489854,2.1972634097428974,0.14104041546161392,0.0011502157415240054,2.8300540798317604,0.00013086912297631542,0.049540576356893164,1.0261212472694194,0.006969011000737205,5.369418167333027,0.5867861162988763,1.179268279887192,7.160235368133689,0.009800839988726487,-0.401627833503294,0.30079518964039337,1.179268207532486,1.3310870538501767,-0.3596491228955117,-0.2587714070071062,-0.3321251316183016,Utilities—Regulated Electric,Utilities,EBR
2013Q4,2013,Q4,2013-12-31,2013-12-31,-5499592000.0,6013169000.0,-3667546000.0,-4.070563964016346,3161510000.0,0.5257643681725892,138385401000.0,60493710000.0,39079834000.0,25697889000.0,77696493000.0,958337000.0,4334565000.0,8254043839.103048,39791493839.10305,44.774869840463666,1.5207410227353695,0.2538926270120069,0.580804731599368,-0.04882986860794444,44.774869840463666,-0.09091179892917793,1.3726612106034353,-0.3752116447503309,0.1364446624137129,-0.007038885793709788,2.9756327888832423,0.0046899435906323774,0.04345233642094949,0.8355338059091157,-0.03974112847351579,15.640301206087535,0.5257643681725892,-5.009261505311488,-1.8433199414098256,-0.4519555124883236,-0.2772648321210023,0.054420464130306816,-5.009261505311488,-3.377706265860407,-15.072357308671155,0.005470293245559899,-0.2820908503522049,Utilities—Regulated Electric,Utilities,EBR
2013Q3,2013,Q3,2013-09-30,2013-09-30,-915186000.0,6017501000.0,-837778000.0,-0.6773817315852273,2998339000.0,0.49826979671461624,140507886000.0,65493746000.0,37611310000.0,22887300000.0,74806089000.0,906255000.0,-782477000.0,8400872058.847393,38032509058.8474,48.47568371181711,1.643326648403263,0.23294296093814976,0.49974730411664037,-0.010353462546861914,48.47568371181711,-0.013973639559416865,1.3960732302075884,-2.2948537397991755,0.12826983600613398,-0.8968089546824362,3.3314707229201495,0.09769783354046309,0.042826784825443893,0.8310703752736234,-0.006513413773800568,4.37436060716456,0.49826979671461624,-5.933345756810465,-1.3622131720568682,-0.3441522549968018,0.0,0.053552209416033336,-6.583296220602142,-0.5606805476124388,-1.954758421661719,-0.4072562619609702,-0.3080033280022587,Utilities—Regulated Electric,Utilities,EBR
2013Q2,2013,Q2,2013-06-30,2013-06-30,163915000.0,5997655000.0,-536803000.0,0.13730676197793443,2845933000.0,0.4745076200615074,,,,,,,,5467049316.2648,,,0.0,0.0,0.0,0.0,,0.0,0.9115311427991106,8.338238288541012,0.0,20.313131806119024,0.0,0.6090354791741424,0.0,0.0,0.0,3.998971056009082,0.4745076200615074,5.5785708752520735,0.08641196368009997,-0.12641822679821962,0.0,0.04878899976488295,5.578631284916201,-0.6452017261036398,-0.8432251692852154,-0.25535944360798163,0.0,Utilities—Regulated Electric,Utilities,EBR
2013Q1,2013,Q1,2013-03-31,2013-03-31,-35800000.0,5807319000.0,-326284000.0,-0.029989,2713542000.0,0.46726243211368274,141376150000.0,66792216000.0,40305296000.0,23929666000.0,74368150000.0,889331000.0,-35800000.0,8323375241.1528,32505475241.1528,55.9498697757422,1.684323383368577,0.20325301686316963,0.43021673363854257,-0.00651166571693558,55.9498697757422,-0.0005359906010604589,1.4332560758506292,-58.124128778999996,0.1246159468814869,-0.01743016759776536,3.478768872332124,7.496958648635611e-05,0.04107707700344082,0.9265275996748137,-0.00025322517270416546,2.588377375794367,0.46726243211368274,0.9965900905390261,-1.0402778249217615,-0.19797609411940015,0.0,-0.035686338337191474,0.9965901355287781,0.8579190808834095,-1.0461672307770262,-0.01648389048092712,-0.17382303250493694,Utilities—Regulated Electric,Utilities,EBR
2012Q4,2012,Q4,2012-12-31,2012-12-31,-10498951000.0,9678342000.0,-2296466000.0,-8.794661659854171,2813962000.0,0.29074835338532157,172195578000.0,67083945000.0,44342543000.0,30849647000.0,104914985000.0,815386000.0,0.0,7619072067.609599,55924249067.6096,56.1942425565436,1.4373760257289168,0.30624800365082544,0.7860979553304446,-0.015894921081963363,56.1942425565436,-0.15650467485178457,0.7872290592344845,-0.18142460298199314,0.11357519399924378,0.0,8.41856494960669,0.0,0.0562055199814713,0.730198533552102,-0.0609710837057616,69.43472220550076,0.29074835338532157,-11.464574871546967,-2.822035870525797,-0.0016967522774543973,-0.09293861774147184,-0.5595008986991795,-11.464574871546969,0.7440977241353796,-101.18064815468468,0.7194711918011857,-0.08251285617705725,Utilities—Regulated Electric,Utilities,EBR
2012Q3,2012,Q3,2012-09-30,2012-09-30,1003285000.0,8384443000.0,-8973996000.0,0.8404222596530637,6388122000.0,0.7619017745126301,170788053000.0,79586127000.0,34889942000.0,31468813000.0,90994608000.0,387879000.0,44619354000.0,14588227500.710402,61611312500.7104,66.66695175386425,1.1087149044992577,0.29963143265061987,0.6429948400429135,-0.04839622479580805,66.66695175386425,0.012606279986460455,1.739916116158271,3.6351155206921266,0.18330113614789173,0.0,5.1467622634893875,0.0,0.049092678631332605,0.6786419621229438,0.005874444859442247,-50.13257191997884,0.7619017745126301,-0.15918926935821104,-0.5506049272634742,0.0342134718162036,0.0,-0.0697951899369721,-0.25615756972746623,-1.827839171828364,1.0317475117584465,-0.09282187558046479,-0.1407698603133904,Utilities—Regulated Electric,Utilities,EBR
2012Q2,2012,Q2,2012-06-30,2012-06-30,1348787000.0,7724005000.0,10840265000.0,0.999537980457946,6867436000.0,0.889102997732394,167774958000.0,78784001000.0,35242565000.0,29854369000.0,88736983000.0,416005000.0,18571012000.0,19701263084.996418,67133152084.996414,58.38401560212012,1.1804826623533728,0.3061865823861509,0.6520415356919992,0.05970055071915056,58.38401560212012,0.017120062231924475,2.5506538492655584,3.6516631397315544,0.25006680080891575,0.0,2.0590353481328347,0.0,0.0460378896354723,0.5449323011985281,0.00803926292742687,5.043643428821836,0.889102997732394,0.06374227281844908,6.908641966931441,-0.004715290530815585,0.0,0.1597464020084107,0.06374234599720496,4.166070327370258,1.5244729723139108,0.21729419087424978,-0.24073944893226706,Utilities—Regulated Electric,Utilities,EBR
2012Q1,2012,Q1,2012-03-31,2012-03-31,1267964000.0,8277687000.0,2098358000.0,0.939643,5921498000.0,0.7153565965951599,164768886000.0,78191482000.0,36657299000.0,26434096000.0,86313425000.0,388663000.0,44619353000.0,22997581351.46035,65249184351.46035,57.94492088616945,1.3867430533656229,0.28345518461537694,0.5973105229032493,0.01065516276826553,57.94492088616945,0.016216139758036558,2.778261771852493,4.534352188126073,0.29411875517924513,0.0,6.062293040500382,0.0,0.050238168145410655,0.9800833741392178,0.007695409192728292,-53.56908075447256,0.7153565965951599,1.2761633125718899,0.2620385137774193,0.011354318932322667,0.0,-0.23859770261260793,1.2761631559862276,1.3391892268503809,9.507700331912389,0.19413353112105608,-0.2375166542377276,Utilities—Regulated Electric,Utilities,EBR
2011Q4,2011,Q4,2011-12-31,2011-12-31,557062000.0,8843282000.0,897045000.0,0.41281879679286965,7777095000.0,0.879435372523459,163142432000.0,76843509000.0,36662672000.0,26124809000.0,85940111000.0,0.0,18571011000.0,24439296878.155773,65322986878.15578,56.94598613210388,1.4033661260451704,0.28100278044157145,0.5965822955846537,0.00831360850695125,56.94598613210388,0.007249304557395993,2.7636003101739575,10.96794292114512,0.31803983441406575,0.0,0.0,0.0,0.05420589782552708,0.9488777123691124,0.003414574572481548,-250.11305433418045,0.879435372523459,-0.6438928345404684,-0.9144741793516159,-0.1930294310407657,-0.08080432184691358,0.330862104724922,-0.6438928345404683,0.6222983396238699,-0.9144741793516159,-0.1930294310407657,-0.08080432184691358,Utilities—Regulated Electric,Utilities,EBR
2011Q3,2011,Q3,2011-09-30,2011-09-30,1564310000.0,7097197000.0,552947000.0,1.1592543954013268,5843652000.0,0.8233746364938158,152944842000.0,77500905000.0,30867487000.0,20671692000.0,75206649000.0,968098000.0,42639335000.0,21629604359.02377,55874884359.02377,57.43315888080411,1.4932249861307918,0.2559649837684621,0.5051363464723412,0.0036224574300959636,57.43315888080411,0.020184409459476634,3.0476263176890495,3.456732418610085,0.27908841011629176,0.0,1.2948534136006893,0.0,0.04640363746297505,0.8535435802739321,0.01022793563708412,-2.8669903379496877,0.8233746364938158,3.0007361069318375,-0.3801173072729222,-0.22552832913256016,0.0,0.3088252190968165,3.789256312207428,0.006754825330412918,-0.3801173072729222,-0.22552832913256016,0.0,Utilities—Regulated Electric,Utilities,EBR
2011Q2,2011,Q2,2011-06-30,2011-06-30,326629000.0,5703455000.0,549237000.0,0.28976027521354275,4464807000.0,0.7828249718810791,146302320000.0,76046025000.0,30364553000.0,16259831000.0,70024010000.0,652668000.0,42647845000.0,23674211109.492302,48604693109.4923,67.46221900962851,1.8674580935066298,0.23149174257797142,0.44535896517931084,0.006071965785567036,67.46221900962851,0.004295148891740232,4.150854369762241,18.120108065643514,0.31131424830544796,0.0,1.8978224763585774,0.0,0.038984036616780925,0.9626753193191245,0.0022325619990168303,4.851824563960102,0.7828249718810791,-0.7457277411389214,1.292669531030236,-0.1202262905101405,0.0,-0.3106987269683914,-0.7457277333009488,-0.7437797774131805,1.292669531030236,-0.1202262905101405,0.0,Utilities—Regulated Electric,Utilities,EBR
2011Q1,2011,Q1,2011-03-31,2011-03-31,1284564000.0,7888810000.0,2143613000.0,1.139567,6477294000.0,0.8210736473561919,149751700000.0,76749789000.0,34736318000.0,19311171000.0,72752294000.0,673651000.0,42853195000.0,28256788180.38107,52181400180.38107,68.08654462163904,1.7987680809206237,0.22496033100125074,0.4389353044345177,0.015222490958824804,68.08654462163904,0.016737036241233183,3.581882207884468,5.499295515906772,0.36816763340393116,0.0,2.095322355344236,0.0,0.05267926841565071,1.0346503068094628,0.008577959382097164,-25.50500245545691,0.8210736473561919,5.499506250995965,0.5305573474557178,0.15380921633024974,0.0,-0.39352065643984974,5.499506112298154,493.14776394651915,0.5305573474557178,0.15380921633024974,0.0,Utilities—Regulated Electric,Utilities,EBR
2010Q4,2010,Q4,2010-12-31,2010-12-31,-285490000.0,4989697000.0,4338000.0,-0.25326489984267875,10680156000.0,2.140441794361461,146901000000.0,70304114000.0,32805946000.0,18369509000.0,76370590000.0,0.0,0.0,25760222711.684998,16698403711.684998,62.3684345887361,1.7858912832128502,0.0010779368418186398,0.002252357522064783,1.3106683353774725e-05,62.3684345887361,-0.004060786542306756,5.1626827664455375,-22.557902826443133,0.3664113128811352,0.0,0.0,0.0,0.033966392332250975,1.213858084067462,-0.001943417675849722,-101.01850046738298,2.140441794361461,-1.3569727153258568,-1.052470208645427,-0.45493716602740963,0.006722324452293505,2.0346455994871864,-1.3569727153258568,-0.9971436548049547,-1.052470208645427,-0.45493716602740963,0.006722324452293505,Utilities—Regulated Electric,Utilities,EBR
2010Q3,2010,Q3,2010-09-30,2010-09-30,799753000.0,8470113000.0,1518724000.0,0.7094797136287851,3519408000.0,0.4155089784516452,136369175000.0,78965217000.0,30240886000.0,15358356000.0,57161312000.0,833434000.0,21554218000.0,24337726361.32698,27943863361.32698,70.05190295478089,1.9690184287953736,0.12911584307817364,0.2229769215982779,0.015383417693108983,70.05190295478089,0.01012791492740405,2.8733650142952025,7.607888423465425,0.3082081869201598,0.0,5.940128432485356,0.0,0.062111639232253185,1.435223275199507,0.00586461713213415,10.809512887496382,0.4155089784516452,-0.1899265527971494,-0.6206232238030952,0.1064608580647937,0.0,0.0685216732342214,-0.1965503280594013,0.09901468706762304,-0.6206232238030952,0.1064608580647937,0.0,Utilities—Regulated Electric,Utilities,EBR
2010Q2,2010,Q2,2010-06-30,2010-06-30,995399000.0,7668133000.0,1381896000.0,0.8758214654221647,3293717000.0,0.42953310799382327,133466929000.0,78049404000.0,27982817000.0,14063182000.0,55194116000.0,876528000.0,20751015000.0,27171885503.86692,32314340503.86692,68.67330928261588,1.9897927083642948,0.137071116695882,0.23439590903218172,0.009684166495151702,68.67330928261588,0.012753447803393861,3.5434812494601906,6.824370303734212,0.3481370018388215,0.0,4.9906175273351225,0.0,0.0574534310293451,1.4806889365436642,0.007458019806539491,-71.2751931375616,0.42953310799382327,0.34831997632594847,5.929760081556551,0.17315900363326503,0.0,0.1583576495628354,0.3483205576423195,0.6516836608462946,5.929760081556551,0.17315900363326503,0.0,Utilities—Regulated Electric,Utilities,EBR
2010Q1,2010,Q1,2010-03-31,2010-03-31,738251000.0,5621459000.0,836659000.0,0.649565,2843437000.0,0.505818329369653,131462225000.0,76967541000.0,26938423000.0,11581110000.0,54282600000.0,851743000.0,19780110000.0,30072633042.06,35750640042.06,67.72141075946485,2.326065722543003,0.13798537184350865,0.23568200002647868,0.0057033979468891285,67.72141075946485,0.009591718670081977,5.3496135152920266,10.183742738601099,0.39071838142860765,0.0,3.261573033180196,0.0,0.04276102127436227,1.743475884435948,0.005615689221751724,-51.249745293957254,0.505818329369653,8.546961473410258,-0.1275667991374382,-0.18453404258647116,0.0,-0.5184826490730141,8.546958219605198,-0.40032783971261343,-0.1275667991374382,-0.18453404258647116,0.0,Utilities—Regulated Electric,Utilities,EBR
2009Q4,2009,Q4,2009-12-31,2009-12-31,-97821000.0,5358718000.0,1395194000.0,-0.08606973843560378,5905160000.0,1.101972524025336,147008994000.0,69610291000.0,28330263000.0,13375874000.0,77211240000.0,865187000.0,15219062000.0,41778763461.21807,63786295461.21807,61.24798906979344,2.1180121014895925,0.20536672742621448,0.4337111017105215,-0.033082699203429364,61.24798906979344,-0.0014052663563782544,7.796410160269317,-106.77350328972835,0.6001808477027926,0.0,-0.6315883155895777,0.0,0.03645163370072446,1.7169655605308483,-0.000665408267469676,12.048638795520954,1.101972524025336,-1.208076326984042,-1.0178315160789304,-0.41941263541798574,-0.011363387088971092,-0.1516700943725287,-1.2155611429780275,4.905133153876107,-1.0178315160789304,-0.41941263541798574,-0.011363387088971092,Utilities—Regulated Electric,Utilities,EBR
2009Q3,2009,Q3,2009-09-30,2009-09-30,453797000.0,8493539000.0,236268000.0,0.41364502960591354,6960924000.0,0.819555193659557,130882159000.0,85120645000.0,27197459000.0,10536153000.0,45554123000.0,809283000.0,28108709000.0,30190872155.647114,33887643155.647114,77.58916811062977,2.581346246585447,0.13908511396117787,0.2138583418863896,0.003460518354787526,77.58916811062977,0.005331221350590095,3.5545692032081226,16.632366540351253,0.35468331044304363,0.0,1.8937936420263368,0.0,0.06489455144149937,1.5206447742359095,0.00346721817142396,-41.04039236098069,0.819555193659557,1.2170461480370185,-0.7788135237593665,0.14003352150709422,0.0,1.0790836997879079,1.2170459176157506,1.0935349231805231,-0.7788135237593665,0.14003352150709422,0.0,Utilities—Regulated Electric,Utilities,EBR
2009Q2,2009,Q2,2009-06-30,2009-06-30,-2090788000.0,5158658000.0,-2525987000.0,-1.905793,3348073000.0,0.6490201521403435,129392404000.0,84360071000.0,24683343000.0,10957978000.0,44826232000.0,762968000.0,29587588000.0,31395498528.53434,45197404528.53434,76.89588971798396,2.2525454057308747,0.20060354547551337,0.30768792264292905,-0.01991407534271845,76.89588971798396,-0.024784094835576892,6.085981766679307,-3.754027013802253,0.37216064610157024,0.0,2.3730811777164966,0.0,0.0398683217911308,1.6991026081636593,-0.016158506491617545,-11.444552861560961,0.6490201521403435,-22.312827108029524,-16.079217394252897,-0.18237947989024753,0.0,0.2689116969656314,-21.633862308542554,-11.75528825683386,-16.079217394252897,-0.18237947989024753,0.0,Utilities—Regulated Electric,Utilities,EBR
2009Q1,2009,Q1,2009-03-31,2009-03-31,101328000.0,5820849000.0,234860000.0,0.08942,2638539000.0,0.4532910920726513,137281991000.0,86111134000.0,25626172000.0,12883561000.0,50941529000.0,1258409000.0,29172390000.0,28310683045.95243,45031402045.95243,75.99499872123837,1.989059701739294,0.21676438244547314,0.3455748939504153,0.0014876285266341345,75.99499872123837,0.0011767119452868893,4.8636690362441,69.84911141528607,0.3287691350801678,0.0,2.5288360143641695,0.0,0.042400674389986084,1.5076525814563224,0.0007381011832790216,31.552655269592524,0.4532910920726513,-0.981474392780095,-0.8798939374065943,-0.15306429928078458,0.0,-0.6440350889737232,-0.9814735179253149,-0.7442007881133855,-0.8798939374065943,-0.15306429928078458,0.0,Utilities—Regulated Electric,Utilities,EBR
2008Q4,2008,Q4,2008-12-31,2008-12-31,5469360000.0,9202080000.0,918142000.0,4.826832337453509,7412357000.0,0.8055088632135343,150372083000.0,70198760000.0,26055661000.0,24162113000.0,79823805000.0,767283000.0,16082057000.0,29414643779.341236,52079822779.34123,61.95197332359506,1.0783684771278075,0.2373994978841917,0.508531162088903,0.006200854021921206,61.95197332359506,0.07791248734308127,3.196521197309873,1.3445194583708713,0.419019421131388,0.0,2.3325461400812997,0.0,0.06119540154271854,0.8786234051632819,0.03637217687541111,6.597995786415082,0.8055088632135343,1.5810295294562846,0.0,0.0,0.0,0.22518864550116927,1.587560373617421,-0.7213346068618176,0.0,0.0,0.0,Utilities—Regulated Electric,Utilities,EBR
2008Q3,2008,Q3,2008-09-30,2008-09-30,2113713000.0,7675630000.0,3294783000.0,1.8701189902582485,6049972000.0,0.7882052678412065,,,,,,,,26285456982.5056,,,0.0,0.0,0.0,0.0,,0.0,3.424534140195085,3.1089198229023522,0.0,0.0,0.0,0.0,0.0,0.0,0.0,6.051002255649561,0.7882052678412065,13.797001149331397,0.0,0.0,0.0,0.40198763371663776,13.796938004032258,7.817336641055902,0.0,0.0,0.0,Utilities—Regulated Electric,Utilities,EBR
2008Q2,2008,Q2,2008-06-30,2008-06-30,142848000.0,6500218000.0,373671000.0,0.126385,4315282000.0,0.6638672733745238,,,,,,,,21758669125.476795,,,0.0,0.0,0.0,0.0,,0.0,3.347375291948177,38.08010809650257,0.0,0.0,0.0,0.0,0.0,0.0,0.0,14.397767366203274,0.6638672733745238,-0.830251121160554,0.0,0.0,0.0,0.3705599459307352,-0.8302510323519801,-0.7721361288918078,0.0,0.0,0.0,Utilities—Regulated Electric,Utilities,EBR
2008Q1,2008,Q1,2008-03-31,2008-03-31,841525000.0,6855488000.0,1639887000.0,0.744541,3148554000.0,0.4592749633578237,,,,,,,,23789569417.8296,,,0.0,0.0,0.0,0.0,,0.0,3.4701496695537357,7.067398300059297,0.0,0.0,0.0,0.0,0.0,0.0,0.0,-120.15965723233612,0.4592749633578237,0.0,0.0,0.0,0.0,0.0,0.0,0.0,0.0,0.0,0.0,Utilities—Regulated Electric,Utilities,EBR
