Year,Date,FillingDate,NetIncome,Revenue,OperatingIncome,EPSDiluted,GrossProfit,GrossProfitRatio,TotalAssets,CommonStockEquity,CurrentAssets,CurrentLiability,TotalLiability,Inventory,RetainedEarnings,EnterpriseValue,bookValuePerShare,currentRatio,debtToAssets,debtToEquity,roic,shareholdersEquityPerShare,roe,priceToSalesRatio,peRatio,pbRatio,payoutRatio,inventoryTurnover,dividendYield,assetTurnover,quickRatio,returnOnAssets,priceToFreeCashFlowsRatio,grossProfitMargin,epsdilutedGrowth,fiveYNetIncomeGrowthPerShare,fiveYRevenueGrowthPerShare,fiveYShareholdersEquityGrowthPerShare,grossProfitGrowth,netIncomeGrowth,operatingIncomeGrowth,threeYNetIncomeGrowthPerShare,threeYRevenueGrowthPerShare,threeYShareholdersEquityGrowthPerShare,Industry,Sector,Price,MarketCap,AvgVolume,Symbol
2023,2023-01-31,2023-03-28,-101844000.0,408315000.0,-94013000.0,-0.92,238709000.0,0.5846197176,1327269000.0,1024078000.0,207193000.0,205158000.0,299602000.0,9386000.0,-310341000.0,3178109992.4,9.257977712284584,1.0099191842384894,0.07273280698938948,0.09426625706245031,-0.08248952861521627,9.257977712284584,-0.09944945599846887,7.7479641756976845,-31.063292804681673,3.0892275709467443,0.0,18.070104410824634,0.0,0.30763545294887473,0.8848448512853508,-0.0767319963021814,-93.8227703194045,0.5846197176199748,-0.7692307692307693,-3.4399646548238114,4.691221124659884,0.0,0.46941250338561546,-1.0319626503860657,-0.3175021371414157,-1.9758248771775673,1.3946951702849544,3.9614347314001446,Software—Application,Technology,30.79,3456300660,913490,NCNO
2022,2022-01-31,2022-03-31,-50121000.0,273865000.0,-71357000.0,-0.52,162452000.0,0.5931827725,1301014000.0,1067625000.0,183509000.0,174376000.0,230507000.0,0.0,-209616000.0,4393621525.12,11.038025251300462,1.052375326879846,0.03754379276472044,0.04575108301135698,-0.0415003065493766,11.038025251300462,-0.04694625922023182,16.186042484873933,-88.44178139143273,4.152010795101276,0.0,0.0,0.0,0.21050119368431086,0.9321351562141579,-0.03852456622296147,-179.52334866029483,0.5931827725339127,-0.10638297872340435,-1.498925713053485,3.365522309646184,0.0,0.3985433633499199,-0.21446571359340927,-0.6747324446113406,-1.0825127804156385,1.7729608465427977,13.983995084976895,Software—Application,Technology,30.79,3456300660,913490,NCNO
2021,2021-01-31,2021-01-31,-41270000.0,204293000.0,-42608000.0,-0.47,116158000.0,0.5685853162,563401000.0,425179000.0,442231000.0,115692000.0,134431000.0,0.0,-161064000.0,5945402290.78,4.849305797055448,3.822485565121184,0.0288657634615487,0.038249772448780396,-0.09443137547681213,4.849305797055448,-0.09706500085846197,30.84082318425007,-152.66693217300704,14.818615902431683,0.0,0.0,0.0,0.36260674013713146,3.690332953013173,-0.0732515561740217,1290.0418285790336,0.5685853161880241,-0.5161290322580644,-1.2698815998939201,2.592429732536476,0.0,0.5673728241802726,-0.488011537768163,-0.5125310614128505,-1.2698815998939201,2.592429732536476,0.0,Software—Application,Technology,30.79,3456300660,913490,NCNO
2020,2020-01-31,2020-01-31,-27735000.0,138180000.0,-28170000.0,-0.31,74110000.0,0.5363294254,250151000.0,167273000.0,145277000.0,76575000.0,78522000.0,7079000.0,-120924000.0,8119230001.93,1.865988008205024,1.8971857655892916,0.0,0.0,-0.172042337168071,1.865988008205024,-0.16580679488022573,59.41825156990882,-296.0307914883721,49.083916722543385,0.0,9.050713377595706,0.0,0.5523863586393818,1.7576232451844598,-0.1108730326882563,-556.336495590866,0.5363294253871761,-0.2458254799442192,-0.4920114045941149,1.3765952323621478,0.0,0.6438568861876982,-0.2433874293911952,-0.21338731909028255,-0.4920114045941149,1.3765952323621478,0.0,Software—Application,Technology,30.79,3456300660,913490,NCNO
2019,2019-01-31,2019-01-31,-22306000.0,91534000.0,-23216000.0,-0.248831,45083000.0,0.49252736688006643,119966000.0,66036000.0,109167000.0,52409000.0,53930000.0,0.0,-104752000.0,8136067001.93,0.7366543561114284,2.0829819305844417,0.0,0.0,-0.354650281094757,0.7366543561114284,-0.33778545036040947,89.69797017425219,-368.0809648493679,124.33239448073779,0.0,0.0,0.0,0.7629995165296835,1.9877501955770955,-0.1859360152043079,-654.0078064306198,0.49252736688006643,-0.1999546697401226,-0.19995696379579325,0.5743180489147259,0.0,0.6292508402298436,-0.19995696379579322,-0.23653794940079895,-0.19995696379579325,0.5743180489147259,0.0,Software—Application,Technology,30.79,3456300660,913490,NCNO
2018,2018-01-31,2018-01-31,-18589000.0,58142000.0,-18775000.0,-0.207367,27671000.0,0.47592102094871175,,,,,,,,,,0.0,0.0,0.0,0.0,,0.0,141.21313339634,-441.68131701167357,0.0,0.0,0.0,0.0,0.0,0.0,0.0,-436.84032997765365,0.47592102094871175,0.0,0.0,0.0,0.0,0.0,0.0,0.0,0.0,0.0,0.0,Software—Application,Technology,30.79,3456300660,913490,NCNO
TTM,,,,,,,,,,,,,,,,3438570660.0,9.152867877595844,0.9487803675260805,0.06117018039292061,0.07841282441616548,-0.06862204508923239,9.152867877595844,-0.08100267308336041,8.079697458482944,-41.318581582799304,3.363972954899412,0.0,18.729135538954107,0.0,0.3254375928134966,0.8041146064494147,-0.06351258003262167,-6010.957669565218,0.5897572561340515,,,,,,,,,,,Software—Application,Technology,30.79,3456300660,913490,NCNO
