Quarters,Year,Quarter,FillingDate,Date,NetIncome,Revenue,OperatingIncome,EPSDiluted,GrossProfit,GrossProfitRatio,TotalAssets,CommonStockEquity,CurrentAssets,CurrentLiability,TotalLiability,Inventory,RetainedEarnings,MarketCap,EnterpriseValue,bookValuePerShare,currentRatio,debtToAssets,debtToEquity,roic,shareholdersEquityPerShare,roe,priceToSalesRatio,peRatio,pbRatio,payoutRatio,inventoryTurnover,dividendYield,assetTurnover,quickRatio,returnOnAssets,priceToFreeCashFlowsRatio,grossProfitMargin,epsdilutedGrowth,fiveYNetIncomeGrowthPerShare,fiveYRevenueGrowthPerShare,fiveYShareholdersEquityGrowthPerShare,grossProfitGrowth,netIncomeGrowth,operatingIncomeGrowth,threeYNetIncomeGrowthPerShare,threeYRevenueGrowthPerShare,threeYShareholdersEquityGrowthPerShare,Industry,Sector,Symbol
2023Q3,2023,Q3,2023-05-10,2023-03-31,35920000.0,2317150000.0,54975000.0,1.46,75498000.0,0.032582267,1592903000.0,560971000.0,1324342000.0,1009423000.0,1030765000.0,967518000.0,403473000.0,811548045.0,1356749045.0,23.95131781754215,1.3119792198117142,0.39129940743409986,1.1111126956651949,0.0363600929696608,23.95131781754215,0.06403183052243343,0.350235437930216,5.648302094933185,1.4466844899290694,0.13101336302895322,2.3169098662763896,0.005798794081254918,1.4546711256115408,0.28720169839601434,0.02255002344775545,8.898357985570492,0.03258226700904128,0.08148148148148139,35.07167004765763,-0.30260294894508893,3.9125283268848348,0.18022792290015477,0.07284728652071323,0.09116351077765869,0.9050761540647718,0.10531262118534412,3.0592772874630225,Capital Markets,Financial Services,AMRK
2023Q2,2023,Q2,2023-02-08,2022-12-31,33481000.0,1949705000.0,50382000.0,1.35,63969000.0,0.0328095789,1582378000.0,538491000.0,1315430000.0,1020392000.0,1042798000.0,922552000.0,372297000.0,815772969.9999999,1433813970.0,22.92524160245221,1.2891418200064289,0.43639383257350645,1.2823612650907814,0.03178669584341588,22.92524160245221,0.06217559810656074,0.4184084105031273,6.091312759475523,1.5149240562980626,0.14019891878976135,2.0440430458120518,0.0057540518901968525,1.2321360635701457,0.33748696579353815,0.02115866120484486,-2.4396948635514013,0.03280957888501081,-0.2622950819672131,98.78040510918967,-0.3054937496046494,3.6402183080538433,-0.16480833507415918,-0.2580387811634349,-0.21184531631312184,15.243908466275432,0.10581101211358648,3.513412958238345,Capital Markets,Financial Services,AMRK
2023Q1,2023,Q1,2022-11-09,2022-09-30,45125000.0,1900351000.0,63924000.0,1.83,76592000.0,0.0403041333,1240407000.0,504917000.0,979260000.0,615464000.0,734517000.0,458487000.0,338816000.0,664223796.0,766253796.0,21.580969721837548,1.591092249099866,0.13436315660908074,0.3300839543925041,0.07362740305580603,21.580969721837548,0.08937112436301411,0.34952690108301043,3.6799102271468143,1.315510858220262,0.5184265927977839,3.9777769053430085,0.03522005706642886,1.5320382745340844,0.42698841849401425,0.036379188443793044,2.383335890489603,0.04030413328906081,0.19607843137254904,55.74297225857942,-0.47211238014450424,3.3390884149129585,0.13050922509225094,0.20861902721234196,0.21353177917837346,210.89953702813253,-0.2287460125514525,3.338530149306054,Capital Markets,Financial Services,AMRK
2022Q4,2022,Q4,2022-09-02,2022-06-30,37336000.0,2089804000.0,52676000.0,1.53,67750000.0,0.0324193082,1442659000.0,488609000.0,1181125000.0,836735000.0,952188000.0,458347000.0,321849000.0,735480600.0,1012742600.0,21.424957028098362,1.4115878981995493,0.21837800894043569,0.6447793634583071,0.05185761584335071,21.424957028098362,0.07641283725842135,0.35193759797569535,4.924741536318834,1.5052538942180762,0.00016070280694236127,4.41162263525233,8.157931018166897e-06,1.4485779383762898,0.31197452000932197,0.025879989657985707,-51.121192743448944,0.03241930822220648,-0.006493506493506499,17.871145137202422,-0.028725811957119363,3.329509357456304,-0.06011126063010696,-0.005593139082725191,0.023132951345051958,28.97423701991125,0.5157605112615404,3.325345052897609,Capital Markets,Financial Services,AMRK
2022Q3,2022,Q3,2022-05-09,2022-03-31,37546000.0,2109115000.0,51485000.0,1.54,72083000.0,0.0341768941,1346583000.0,441764000.0,1125897000.0,787977000.0,903091000.0,564816000.0,284651000.0,883980732.0,1210594732.0,19.32509755201316,1.4288450043592642,0.26375128751811067,0.8039654657237801,0.05240739762462921,19.32509755201316,0.08499108121078222,0.4191240079369783,5.885984738720503,2.0010248277360763,0.0,3.6065408911928842,0.0,1.5662718154023925,0.3046066065380081,0.027882425368506807,-7.689329795932569,0.03417689410013205,-0.24137931034482749,18.7864423463843,-0.2512364906177114,2.9562176126462245,0.09344234940764225,-0.24065122863788047,1.8938789275476364,22.330908730341793,0.02407465510709682,2.869807650254897,Capital Markets,Financial Services,AMRK
2022Q2,2022,Q2,2022-02-08,2021-12-31,49445000.0,1946364000.0,17791000.0,2.03,65923000.0,0.0338698209,1135932000.0,404788000.0,909694000.0,614538000.0,731144000.0,402565000.0,247269000.0,695220240.0,929518240.0,17.787562398931307,1.48028925794662,0.2232968170629932,0.6266243070446752,0.03283211180317025,17.787562398931307,0.12215036018854314,0.35718922051579255,3.515119021134594,1.7174922181487595,0.0,4.67114875858557,0.0,1.7134511572875841,0.1697958466360095,0.0435281337263146,6.476442904253536,0.03386982085570839,0.8735689363664308,10.098127504745834,-0.4350017694105614,2.695147285339907,0.17700726668928207,0.8999769443590532,-0.42722384984385564,51.95502479019813,0.09252671487228405,2.6279940317875963,Capital Markets,Financial Services,AMRK
2022Q1,2022,Q1,2021-11-08,2021-09-30,26024000.0,2013971000.0,31061000.0,1.083493625773359,56009000.0,0.027810231626969804,1247282000.0,370208000.0,1014636000.0,757160000.0,875655000.0,346285000.0,215475000.0,675981252.0,940776252.0,16.43528137375029,1.3400549421522532,0.23603643762998264,0.795239432967413,0.03684534881387882,16.43528137375029,0.0702956175987553,0.3356459710690968,6.493825430371964,1.8259498768260005,0.8699277589916999,5.654192356007335,0.03349057378887188,1.6146877771025316,0.32285646362723863,0.02086456791647759,-9.596281366230373,0.027810231626969804,-0.48977551220468585,7.3222737747398146,-0.304461012984708,2.5446003891374303,-0.3571863056776578,-0.4897755122046858,-0.500177008238929,9.970391747783111,-0.19662735344815452,2.3944202511789627,Capital Markets,Financial Services,AMRK
2021Q4,2021,Q4,2021-09-15,2021-06-30,51005000.0,2178666000.0,62144000.0,2.12356257233977,87131000.0,0.039992821295232954,1191581000.0,362623000.0,964227000.0,709585000.0,827639000.0,256991000.0,212090000.0,523710900.0,705845900.0,16.09854740468453,1.3588604606918129,0.23795277031104053,0.7819139988362569,0.07611718067950476,16.09854740468453,0.14065572233421486,0.24038145360509597,2.566958631506715,1.4442296820664988,0.0,8.138553490200046,0.0,1.8283826277861093,0.4275358131865809,0.0428044757343395,5.132810294809471,0.039992821295232954,-0.5195385984779686,28.78132793393746,-0.21703711842621004,2.5718437500930635,0.2781241290284725,-0.3343556280587276,0.16400689293474188,11.485064454734196,-0.23013073878020932,2.4459291369995677,Capital Markets,Financial Services,AMRK
2021Q3,2021,Q3,2021-05-14,2021-03-31,76625000.0,2049489000.0,53388000.0,4.419840107056747,68171000.0,0.03326243761249755,1233353000.0,308568000.0,1000905000.0,800703000.0,919675000.0,560921000.0,161086000.0,289040400.0,513864400.0,19.21608190412136,1.2500327836913312,0.21371821368253857,0.8542363433667781,0.08193007035548869,19.21608190412136,0.24832451842057504,0.1410304714980173,0.9430355628058728,0.9367154079489773,0.0,3.532258553343519,0.0,1.661721340119171,0.2550346383115837,0.062127387698412376,5.567784562633637,0.03326243761249755,6.639563629750321,54.7716447033835,0.17839068244993234,3.2632266851746072,2.635592768385686,7.5854341736694675,4.493722988269191,107.01139107722169,-0.10030252385566356,2.94130909225363,Capital Markets,Financial Services,AMRK
2021Q2,2021,Q2,2021-02-10,2020-12-31,8925000.0,1518744000.0,9718000.0,0.5785461475632998,18751000.0,0.012346386224406484,1007126000.0,113626000.0,951520000.0,792654000.0,888698000.0,517682000.0,84461000.0,181165950.0,437225950.0,8.043749115106895,1.2004228831242887,0.2690646453373262,2.3848590991498426,0.019571737027154774,8.043749115106895,0.07854716350131132,0.11928669347829522,5.074676470588235,1.5944057698062064,1.1919327731092437,2.897518167523692,0.05871964350916936,1.5079980062077636,0.268216649382959,0.008861850453667167,-1.6445113648741876,0.012346386224406484,-0.6252971924762235,5.620514914976332,-0.019386036271416836,0.8074719486433567,-0.48122838566883386,-0.6133518173547633,-0.6282183710164888,44.34180183228988,-0.10042546210646054,0.6281072433853196,Capital Markets,Financial Services,AMRK
2021Q1,2021,Q1,2020-11-12,2020-09-30,23083000.0,1866116000.0,26139000.0,1.5440133779264213,36145000.0,0.01936910674363223,920750000.0,114128000.0,872926000.0,705898000.0,802109000.0,413181000.0,86174000.0,237210084.0,522989084.0,8.111788704564516,1.2366177549730981,0.3368438772739614,2.717553974484789,0.04794266053252972,8.111788704564516,0.20225536240011216,0.12711432944147094,2.569099380496469,2.078456504976868,0.45717627691374607,4.4289814875320985,0.04448799065388805,2.0267347271246265,0.2610306304876909,0.025069780070594624,-2.4070512237691277,0.01936910674363223,0.2949063166161786,3.265880705008846,-0.0782559622399633,0.8537623637974978,0.28964926677846364,0.2949063166161786,0.4685656497556043,47.26814161455351,-0.13797521982845795,0.6309632442781962,Capital Markets,Financial Services,AMRK
2020Q4,2020,Q4,2020-09-14,2020-06-30,17826000.0,1665768000.0,17799000.0,1.1923745819397993,28027000.0,0.016825272186763104,758035000.0,101004000.0,714019000.0,556760000.0,653141000.0,321281000.0,73644000.0,134011035.0,309203035.0,7.178984178429784,1.282453840074718,0.3001404948320328,2.252554354282999,0.043892262213102155,7.178984178429784,0.1764880598788167,0.08044999963980579,1.8794322197913162,1.3267893845788286,0.0,5.097534556976603,0.0,2.1974816466258154,0.29667540771607154,0.02351606456166272,2.176917397660819,0.016825272186763104,0.4835536976743429,5.8865621937953465,0.13614558528118584,0.789165725609524,0.24703003337041157,0.5745958837558519,0.47257383966244726,13.604621120548325,0.2549219967117693,0.45071372310244656,Capital Markets,Financial Services,AMRK
2020Q3,2020,Q3,2020-05-08,2020-03-31,11321000.0,1258722000.0,12087000.0,0.803728630658261,22475000.0,0.017855412076693663,940957000.0,82976000.0,899679000.0,758101000.0,854590000.0,413129000.0,55818000.0,86345592.0,258189592.0,5.900389680575703,1.1867534800771928,0.28412244130178105,3.221979849595064,0.02949071674507095,5.900389680575703,0.13643704203625145,0.06859782541339549,1.906757176927833,1.0406092364057076,0.0,2.9923994684469015,0.0,1.3377040608656932,0.32095327667421625,0.012031368064640573,-1.505275129876922,0.017855412076693663,8.191815780411487,5.6530897715369015,-0.23272695337245208,0.528040282872537,1.7641126552699544,8.1742301458671,45.310344827586206,8.698077603961375,-0.273607987318511,0.20792278087816876,Capital Markets,Financial Services,AMRK
2020Q2,2020,Q2,2020-02-10,2019-12-31,1234000.0,1055590000.0,261000.0,0.08743959298782648,8131000.0,0.007702801277010961,700942000.0,71430000.0,657243000.0,529761000.0,626408000.0,262931000.0,44497000.0,58149678.0,318772678.0,5.079358307022783,1.240640590756964,0.388307449118472,3.810457790844183,0.0005578196686338126,5.079358307022783,0.017275654486910264,0.055087371043681735,11.78072893030794,0.8140792104157917,0.0,3.9837790142661,0.0,1.5059591235794116,0.3585862303944609,0.0017604880289667332,0.5518775138326041,0.007702801277010961,8.688033654323087,-0.26477098346571015,-0.32074702346513867,0.3504242780310981,-0.025059952038369304,8.640625,2.7285714285714286,-0.5517896500632229,-0.5041415891931679,0.05517420760202657,Capital Markets,Financial Services,AMRK
2020Q1,2020,Q1,2019-11-12,2019-09-30,128000.0,1481014000.0,70000.0,0.009025525313778029,8340000.0,0.005631276949441396,827197000.0,69952000.0,783235000.0,657354000.0,754162000.0,372198000.0,43263000.0,84728370.0,368284370.0,4.9742583269334695,1.191496514815457,0.35785550479510925,4.231716033851784,0.00014021279026229114,4.9742583269334695,0.0018298261665141812,0.05720970227155179,165.48509765625,1.2112358474382436,0.0,3.9566950923970574,0.0,1.7904005938125984,0.2861122013405258,0.00015473943933549082,-1.35314248754312,0.005631276949441396,1.1555285540704738,-0.888620258421013,0.00900376133751503,0.36743830431891183,0.2930232558139535,1.1555285540704738,1.0354969574036512,-0.9344345912073535,-0.18073521974121076,0.07279927859824471,Capital Markets,Financial Services,AMRK
2019Q4,2019,Q4,2019-09-16,2019-06-30,-823000.0,850169000.0,-1972000.0,-0.058031307290932164,6450000.0,0.0075867268743038145,705362000.0,69658000.0,668850000.0,540937000.0,632796000.0,292861000.0,43135000.0,91408200.0,341947200.0,4.953352106266178,1.236465614295195,0.3669874475801078,3.7161417209796435,-0.005204862377362789,4.953352106266178,-0.011814866921243792,0.10751768177856402,-27.766767922235722,1.312242671337104,0.0,2.880953763047999,0.0,1.2052945863258866,0.29945446512255586,-0.0011667767756130894,-2.60481591245868,0.0075867268743038145,-1.8305393805492522,-1.5261225492737154,-0.40427226809746897,0.39473118534001866,-0.25998164295548415,-1.8313131313131312,-5.3056768558951966,-1.769711539537094,-0.510612763754642,0.09901839700324597,Capital Markets,Financial Services,AMRK
2019Q3,2019,Q3,2019-05-10,2019-03-31,990000.0,1266986000.0,458000.0,0.06987183106543955,8716000.0,0.006879318319223732,657772000.0,70227000.0,621293000.0,498005000.0,584725000.0,266419000.0,43958000.0,80105927.64,311076927.64,4.99381346531274,1.2475637794801258,0.35836125587589623,3.3565437794580433,0.0010554722288357067,4.99381346531274,0.014097142124823785,0.0632255823189838,20.228769606060606,1.140671360587808,0.0,4.722898892346267,0.0,1.926178067780325,0.2675896828345097,0.0015050807878717854,7.910134061419966,0.006879318319223732,0.7160618585694227,-0.4996164763752216,-0.15131056065748358,0.5539797056474169,0.04797402909703018,0.7157712305025996,1.1401869158878504,-0.17720356135889187,-0.16817921439699857,0.1079136179961555,Capital Markets,Financial Services,AMRK
2019Q2,2019,Q2,2019-02-12,2018-12-31,577000.0,1100912000.0,214000.0,0.04071638252229875,8317000.0,0.007554645602918308,684091000.0,68948000.0,647934000.0,525725000.0,612294000.0,276285000.0,42968000.0,82900206.0,296639206.0,4.902864294450607,1.2324580341433258,0.329735371463738,3.2715814816963507,0.0005403417477037813,4.902864294450607,0.00836862563091025,0.07530139193686688,35.918633448873486,1.2023583860300515,0.0,3.9545939880920065,0.0,1.6093063642117789,0.2689409862570736,0.000843455037414613,4.071319418524703,0.007554645602918308,-0.6100519740582169,-0.729774867025059,-0.22141620273459925,0.3710691501960564,-0.01864306784660767,-0.6103983794733289,-0.716931216931217,-0.570061082874209,-0.2859748564738991,0.10169891594223462,Capital Markets,Financial Services,AMRK
2019Q1,2019,Q1,2018-11-13,2018-09-30,1481000.0,1565090000.0,756000.0,0.10441489586711601,8475000.0,0.005415024056124568,726552000.0,68090000.0,691315000.0,561129000.0,655738000.0,289805000.0,42391000.0,91759770.0,342358770.0,4.841852262707285,1.2320072567983475,0.376178167564056,4.013996181524453,0.00164132802511146,4.841852262707285,0.0217506241738875,0.05862906925480324,15.489495273463877,1.3476247613452783,0.0,5.371249633374165,0.0,2.154133496294828,0.2913732849309161,0.0020383950494940488,-8.806119961612284,0.005415024056124568,1.487652288442542,-0.3409982753128335,0.10143799165753126,0.4151096763906966,0.4627200552295478,1.487652288442542,1.4073275862068966,-0.7261736169215763,-0.22658107658406496,0.10649374910664418,Capital Markets,Financial Services,AMRK
2018Q4,2018,Q4,2018-09-19,2018-06-30,-3037000.0,1766757000.0,-1856000.0,-0.21411751434735402,5794000.0,0.003279454956171109,743001000.0,65698000.0,706983000.0,665869000.0,673893000.0,280116000.0,40910000.0,93376992.0,294311992.0,4.671758113604688,1.0617448777462233,0.27890406607797297,3.1542208286401414,-0.007286061056097479,4.671758113604688,-0.04622667356692746,0.05285219868946324,-7.686614422127099,1.4213064629060244,-0.00032927230819888045,6.286549143926088,1.0709276220848923e-05,2.3778662478247,0.23146294541418808,-0.0040874776749964,-13.012401337792642,0.003279454956171109,-3.7568590533396047,-1.557710836572758,-0.11327999281972893,0.29881156736730885,-0.21987343476504645,-3.7977883096366507,0.07014028056112225,-2.1738082037570208,0.20559119595864403,0.16430810926065145,Capital Markets,Financial Services,AMRK
2018Q3,2018,Q3,2018-05-11,2018-03-31,-633000.0,1994963000.0,-1996000.0,-0.04501237306937452,7427000.0,0.003722876063365586,706818000.0,68564000.0,667776000.0,626711000.0,634753000.0,499417000.0,43947000.0,86134650.0,298186650.0,4.875558210313735,1.0655246198008332,0.30699982173628854,3.1648241059448106,-0.0031770937244482607,4.875558210313735,-0.009232250160434047,0.0431760639169749,-34.018424170616115,1.2562664080275363,-0.8878357030015798,3.9797123445937963,0.006524668063317144,2.822456417352133,0.25085725318368435,-0.000895562931334516,3.364766201804758,0.003722876063365586,-2.0878048780487806,-1.2553344625863818,0.14554211418986895,0.0,-0.16700314042171377,-2.0878048780487806,-3.6096997690531176,-1.371999454587303,0.21605989163551048,0.2626368342035363,Capital Markets,Financial Services,AMRK
2018Q2,2018,Q2,2018-02-09,2017-12-31,-205000.0,1680738000.0,-433000.0,-0.014577466791819552,8916000.0,0.005304812528781999,527123000.0,69478000.0,487930000.0,446124000.0,454100000.0,335235000.0,45143000.0,103010010.0,311872010.0,4.940552379327019,1.0937093722821458,0.41901605507632944,3.179035090244394,0.00032393974292542385,4.940552379327019,-0.0029505742825066926,0.06128855895445929,-125.62196341463415,1.4826277382768647,-2.7414634146341466,4.9870150789744505,0.005455780462500683,3.1885119791775356,0.334129076220961,-0.00038890353864278355,4.569084497671324,0.005304812528781999,-1.4344207091132033,-1.0868158396065952,0.042846672447310136,0.0,0.22036682179030934,-1.4288702928870294,-2.312121212121212,-1.1221409630385164,0.08152435062405841,0.31352062143419634,Capital Markets,Financial Services,AMRK
2018Q1,2018,Q1,2017-11-14,2017-09-30,478000.0,2163790000.0,330000.0,0.033556104683814446,7306000.0,0.003376482930413765,516540000.0,69943000.0,479779000.0,433354000.0,443199000.0,311584000.0,45910000.0,116088414.00000001,333549414.0,4.973618340586512,1.107129506131246,0.43717427498354433,3.2286004317801638,0.0006873622437305076,4.973618340586512,0.006834136368185522,0.053650499355297886,60.71569769874477,1.6597574310509988,1.1757322175732217,6.921035739960973,0.004841137721116597,4.189007627676463,0.33515786170198036,0.0009253881596778565,-3.3513789081670953,0.003376482930413765,-0.6081967213114754,-0.7013419505500927,0.4063589912257457,0.0,0.2018424082908373,-0.6081967213114754,-0.36538461538461536,-0.5840662775409707,0.474173943490407,0.3672623701820914,Capital Markets,Financial Services,AMRK
2017Q4,2017,Q4,2017-09-15,2017-06-30,1220000.0,1326765000.0,520000.0,0.0856452881051331,6079000.0,0.004581821196670096,478500000.0,69591000.0,447021000.0,404360000.0,405477000.0,284659000.0,45994000.0,115222145.52000001,283780145.52,4.948587763461046,1.1055025225046988,0.3772204806687565,2.593726200227041,0.0016949185689411387,4.948587763461046,0.01753100257217169,0.08684442649602606,23.611095393442625,1.655704696296935,0.46229508196721314,4.6395371303910995,0.004894892361660651,2.7727586206896553,0.3551093085369473,0.002549634273772205,1.216360124568497,0.004581821196670096,0.04735519990659763,-0.7759607439516744,-0.334108159567766,0.3757739320018628,-0.17089470812875068,0.04631217838765009,-0.612807148175726,-0.22008564992231738,-0.07031342683906185,0.393389674107744,Capital Markets,Financial Services,AMRK
2017Q3,2017,Q3,2017-05-10,2017-03-31,1166000.0,1730845000.0,1343000.0,0.08177291535170769,7332000.0,0.0042360812204443495,523005000.0,68614000.0,494743000.0,448023000.0,450819000.0,345531000.0,45338000.0,119957963.99999999,328134964.0,4.884740791365882,1.1042803606064868,0.40821789466639896,3.111609875535605,0.0028942633005147773,4.884740791365882,0.016993616463112485,0.06930601180348327,25.71997512864494,1.748301571107937,0.48198970840480276,4.988012652989167,0.004684974479893641,3.3094234280743016,0.31968448048426085,0.002229424192885345,-1.341571575556947,0.0042360812204443495,-0.5772251069499965,-0.5291258372446438,-0.004972743413419622,0.0,-0.2563140277918653,-0.576,-0.6397532188841202,-0.4099797166421953,0.16074212217516654,0.52003836544089,Capital Markets,Financial Services,AMRK
2017Q2,2017,Q2,2017-02-08,2016-12-31,2750000.0,2126361000.0,3728000.0,0.19341951638087468,9859000.0,0.004636559831561997,536984000.0,67617000.0,509355000.0,460884000.0,465934000.0,290923000.0,44734000.0,136954350.0,310301350.0,4.813762761095211,1.1051696305361003,0.3454479090624674,2.7433929337296834,0.00927908044054121,4.813762761095211,0.04067024564828372,0.06440785454586498,12.450395454545454,2.0254425662185547,0.0,7.275127782952878,0.0,3.9598218941346484,0.38530953558813064,0.005121195417368115,7.267024832855778,0.004636559831561997,0.4101770586599462,0.16594586741552667,0.32086375661179994,0.0,0.22259424603174602,0.41025641025641024,0.5533333333333333,0.2893867555137899,0.50553320740799,0.34615221260979245,Capital Markets,Financial Services,AMRK
2017Q1,2017,Q1,2016-11-09,2016-09-30,1950000.0,1805653000.0,2400000.0,0.13715973834142225,8064000.0,0.004465974359414572,483529000.0,65130000.0,456668000.0,405150000.0,414956000.0,297615000.0,42476000.0,112723965.0,300587965.0,4.636709239246508,1.1271578427742812,0.4208641053587272,3.124520190388454,0.005754409959018921,4.636709239246508,0.029940119760479042,0.0624283652506877,14.451790384615386,1.7307533394748966,0.0,6.039981183744099,0.0,3.734322036527282,0.31746760459089224,0.004032850149629081,-3.1136636466591168,0.004465974359414572,0.8258426966292136,0.21978004455791716,0.17494074172475924,0.0,0.06624355414518049,0.8258426966292135,0.47058823529411764,-0.13130626581568444,0.2722006542980544,0.35515330808526013,Capital Markets,Financial Services,AMRK
2016Q4,2016,Q4,2016-09-23,2016-06-30,1068000.0,1735210000.0,1632000.0,0.07512133361468665,7563000.0,0.004358550261927951,437147000.0,63309000.0,418261000.0,366593000.0,373838000.0,245057000.0,41018000.0,113636994.0,308494994.0,4.507069326385032,1.1409410436096707,0.48496272420947645,3.3486550095563032,0.002965330597274888,4.507069326385032,0.016869639387764774,0.06548889990260545,26.60041994382022,1.7949579680614132,0.45880149812734083,7.049980208686143,0.004311976080606286,3.969397022054366,0.376354703990529,0.0024431141012062306,4.641654848460093,0.004358550261927951,-0.10154884996834769,-0.8036476384954817,-0.12810876108901983,0.2530258702795932,0.10279965004374453,-0.10627615062761506,0.0938337801608579,-0.8036476384954817,-0.12810876108901983,0.2530258702795932,Capital Markets,Financial Services,AMRK
2016Q3,2016,Q3,2016-05-11,2016-03-31,1195000.0,1512750000.0,1492000.0,0.08361204013377926,6858000.0,0.004533465542885473,417382000.0,62954000.0,398693000.0,354160000.0,354428000.0,273973000.0,40440000.0,138969660.0,315997660.0,4.507403270613168,1.1257426022136887,0.4552184809119703,3.0180766909171775,0.0033740905777107917,4.507403270613168,0.018982113924452777,0.09186558254833911,29.07315062761506,2.207479429424659,0.4092050209205021,5.496497830078146,0.0035187536617704903,3.6243776684188584,0.3161621865823357,0.0028630846562621294,-2.7339548700596095,0.004533465542885473,-0.10558360073272037,-0.5146572830566893,-0.1253822995180867,0.0,0.20824524312896406,-0.10217881292261458,0.29965156794425085,-0.5146572830566893,-0.1253822995180867,0.0,Capital Markets,Financial Services,AMRK
2016Q2,2016,Q2,2016-02-11,2015-12-31,1331000.0,1529143000.0,1148000.0,0.09348223065037224,5676000.0,0.0037118830612964254,363079000.0,62068000.0,347572000.0,300699000.0,301011000.0,239779000.0,39421000.0,131450475.00000001,290575475.0,4.450276045027604,1.1558801326243187,0.44756099912140335,2.6180962814977122,0.0031529757606234077,4.450276045027604,0.0214442224656828,0.08596349393091425,24.690171863260705,2.1178461526068184,0.2607062359128475,6.35362980077488,0.0026397774523066572,4.21159857772,0.29937578774788076,0.003665868860495925,5.614902182734612,0.0037118830612964254,-0.7539660620836008,-0.4316522257776119,-0.043335758861109686,0.0,-0.6064891846921797,-0.7518642803877703,-0.8567864271457086,-0.4316522257776119,-0.043335758861109686,0.0,Capital Markets,Financial Services,AMRK
2016Q1,2016,Q1,2015-11-12,2015-09-30,5364000.0,2006936000.0,8016000.0,0.37995664924136174,14424000.0,0.007187075223126198,389196000.0,61030000.0,376034000.0,328166000.0,328166000.0,254506000.0,38437000.0,80613660.0,252469660.0,4.375851437585144,1.1458652023670948,0.45452676800378217,2.8985744715713584,0.02082944650724532,4.375851437585144,0.08789120104866459,0.040167529009395415,3.75716163310962,1.3208857938718663,0.06506338553318419,7.828939199861693,0.004329291090368555,5.1566203147000484,0.3346720866878348,0.013782258810470818,-1.4741727013386,0.007187075223126198,1.0904130943102106,2.379294926894715,0.3152418139852995,0.0,1.4237943202823056,1.0904130943102104,3.259298618490967,2.379294926894715,0.3152418139852995,0.0,Capital Markets,Financial Services,AMRK
2015Q4,2015,Q4,2015-09-24,2015-06-30,2566000.0,1453402000.0,1882000.0,0.18176151415983113,5951000.0,0.004094531313428769,325902000.0,55962000.0,312626000.0,269940000.0,269940000.0,191501000.0,33422000.0,73012545.0,199085545.0,4.0124758012475805,1.1581314366155442,0.4510558388718081,2.626782459526107,0.009233091060700303,4.0124758012475805,0.0458525427968979,0.05023561616125476,7.113459177708496,1.3046807655194597,0.13600935307872175,7.558451391898736,0.004780000478000048,4.45962896821744,0.402159739201304,0.007873532534320132,14.011234887737478,0.004094531313428769,0.5234743126303424,-0.5248705582499025,-0.2644936275640415,0.11552222048171475,0.05814366998577525,0.5228486646884273,0.2260586319218241,-0.5248705582499025,-0.2644936275640415,0.11552222048171475,Capital Markets,Financial Services,AMRK
2015Q3,2015,Q3,2015-05-07,2015-03-31,1685000.0,1624495000.0,1535000.0,0.11930723915259998,5624000.0,0.0034619989596766996,334087000.0,53772000.0,322695000.0,280315000.0,280315000.0,186572000.0,31205000.0,73805065.2,190404065.2,3.861409772184579,1.151187057417548,0.39750124967448597,2.4696868258573237,0.007445298961996985,3.861409772184579,0.03133601130699992,0.04543262072213211,10.950306409495548,1.3725557018522652,0.20712166172106825,8.676923654138884,0.004728672741555955,4.862490908056883,0.45396072275832544,0.005043596428475217,1.0625090364654566,0.0034619989596766996,0.013522892989006451,-0.31361602970722,-0.057988737175436594,0.0,-0.21812873627137494,0.013838748495788207,-0.37064370643706435,-0.31361602970722,-0.057988737175436594,0.0,Capital Markets,Financial Services,AMRK
2015Q2,2015,Q2,2015-02-10,2014-12-31,1662000.0,1538871000.0,2439000.0,0.11771538657676289,7193000.0,0.004674205960083723,373938000.0,52378000.0,362591000.0,321527000.0,321560000.0,223771000.0,29869000.0,69418537.74000001,215305537.74,3.7613055316425625,1.1277155573248903,0.40381025731538384,2.882889762877544,0.0071362147675914905,3.7613055316425625,0.031730879376837606,0.045110043492924363,10.442018312274369,1.3253376940700294,0.0,6.844845846870238,0.0,4.1153105595045165,0.3593570679911796,0.004444587070583894,-0.8077182553755935,0.004674205960083723,0.46176029338389013,-0.289216021825385,-0.03576218894602842,0.0,0.25532286212914485,0.46045694200351495,0.614162806088683,-0.289216021825385,-0.03576218894602842,0.0,Capital Markets,Financial Services,AMRK
2015Q1,2015,Q1,2014-11-07,2014-09-30,1138000.0,1453466000.0,1511000.0,0.0805298838048601,5730000.0,0.003942300679892065,321997000.0,50656000.0,311246000.0,271308000.0,271341000.0,159240000.0,28207000.0,79166376.53999999,202509376.54,3.6376473521494836,1.1472053901838501,0.3975192315456355,2.5268477574226154,0.005023352046942385,3.6376473521494836,0.02246525584333544,0.05446730542028502,17.391558993848857,1.5628232892451042,0.0,9.091534790253705,0.0,4.513911620294599,0.38726834446459374,0.003534194417960416,14.184980566206772,0.003942300679892065,-0.26533247256294373,-0.2819575972724215,-0.046002001706864755,0.0,0.1264006290544525,-0.26533247256294384,-0.251980198019802,-0.2819575972724215,-0.046002001706864755,0.0,Capital Markets,Financial Services,AMRK
2014Q4,2014,Q4,2014-09-26,2014-06-30,1549000.0,1413175000.0,2020000.0,0.1096140509786716,5087000.0,0.00359969572062908,305138000.0,49456000.0,295323000.0,255649000.0,255682000.0,175554000.0,27069000.0,77704200.72,199711200.72,3.551474404767547,1.1551893416363843,0.4430782137917926,2.7337431252021998,0.0074944333417221705,3.551474404767547,0.031320769977353606,0.05498554723937234,12.54102658489348,1.5711784357813006,0.0,8.020825500985453,0.0,4.631265198041542,0.37931695410504246,0.005076391665410404,3.636815534962089,0.00359969572062908,-0.2139426835528525,-0.7127386410751252,-0.2837458777443682,-0.012642365903250585,-0.3250630224227146,-0.2609732824427481,-0.3659761456371626,-0.7127386410751252,-0.2837458777443682,-0.012642365903250585,Capital Markets,Financial Services,AMRK
2014Q3,2014,Q3,2014-05-13,2014-03-31,2096000.0,1581547000.0,3186000.0,0.13944791134838547,7537000.0,0.004765587111859464,299971000.0,47876000.0,290193000.0,251543000.0,252095000.0,193801000.0,25520000.0,97731536.0,209658536.0,3.2135641457635535,1.153651661942491,0.39937193928746445,2.5022976021388588,0.011330284508255557,3.2135641457635535,0.0437797643913443,0.06179489828629816,11.65691030534351,2.0413471467958892,2.385496183206107,8.12178471731312,0.05116055885993647,5.272332992189245,0.28488568554879284,0.0069873421097372745,-2.466722261484099,0.004765587111859464,-0.08159605585953324,-0.20193563503340609,-0.14276630650574276,0.0,-0.03791166709216237,-0.06761565836298933,-0.04353047132993095,-0.20193563503340609,-0.14276630650574276,0.0,Capital Markets,Financial Services,AMRK
2014Q2,2014,Q2,2013-12-31,2013-12-31,2248000.0,1488653000.0,3331000.0,0.15183723048891587,7834000.0,0.005262475539968011,293437000.0,52943000.0,284378000.0,239942000.0,240494000.0,160029000.0,28424000.0,98455431.2,189440431.2,3.575942390469161,1.1851947553992215,0.3612359722870667,2.002153259165518,0.012176733577470397,3.575942390469161,0.042460759684944185,0.06613726046298231,10.949225000000002,1.859649645845532,0.0,9.253441563716576,0.0,5.0731605080477244,0.409853214526844,0.007660928921710623,8.171931540504648,0.005262475539968011,-0.04987320371935758,-0.09573612228479496,-0.12266049655200058,0.0,0.09063065571488237,-0.049873203719357564,-0.0008998200359928015,-0.09573612228479496,-0.12266049655200058,0.0,Capital Markets,Financial Services,AMRK
2014Q1,2014,Q1,2013-09-30,2013-09-30,2366000.0,1495979000.0,3334000.0,0.15980733422454402,7183000.0,0.004801537989503863,271352000.0,50657000.0,262137000.0,220143000.0,220695000.0,175367000.0,26176000.0,98455431.2,181538431.2,3.4215385164043646,1.1907578255951814,0.3674194404316165,1.9681386580334406,0.013500625416637926,3.4215385164043646,0.04670627948753381,0.06581337786158763,10.403152071005918,1.9435701127188743,2.113271344040575,8.489601806497232,0.0507843999976306,5.513056841298387,0.33397382610394155,0.008719301866210678,-8.524279757575759,0.004801537989503863,-0.5873015873015873,0.404154302670623,-0.07645013563285658,0.0,-0.37555420325132577,-0.5873015873015873,-0.5527833668678739,0.404154302670623,-0.07645013563285658,0.0,Capital Markets,Financial Services,AMRK
2013Q4,2013,Q4,2013-06-30,2013-06-30,5733000.0,2097667000.0,7455000.0,0.3872254636979336,11503000.0,0.005483711189621613,309608000.0,53254000.0,300370000.0,255802000.0,256354000.0,162378000.0,28810000.0,98455431.2,171890431.2,3.596948341840181,1.1742285048592271,0.306839616547376,1.7839035565403538,0.03453351055155998,3.596948341840181,0.10765388515416682,0.04693568197430765,4.293364346764347,1.8487894092462538,0.0,12.847577873849906,0.0,6.775235136042996,0.4537650213837265,0.01851696338595902,-2.132685610310842,0.005483711189621613,1.1965517241379309,0.0,0.0,0.0,0.5223663313922711,1.196551724137931,1.0876505180621674,0.0,0.0,0.0,Capital Markets,Financial Services,AMRK
2013Q3,2013,Q3,2013-03-31,2013-03-31,2610000.0,1833454000.0,3571000.0,0.17628788771177512,7556000.0,0.004121183296663019,,,,,,,,98455431.2,,,0.0,0.0,0.0,0.0,,0.0,0.053699428074006766,9.430596858237548,0.0,0.0,0.0,0.0,0.0,0.0,0.0,13.651612756516917,0.004121183296663019,0.049879324215607375,0.0,0.0,0.0,0.2081867604732971,0.0498793242156074,0.09539877300613497,0.0,0.0,0.0,Capital Markets,Financial Services,AMRK
2013Q2,2013,Q2,2012-12-31,2012-12-31,2486000.0,1696781000.0,3260000.0,0.16791252446416588,6254000.0,0.0036858027052400987,,,,,,,,98455431.2,,,0.0,0.0,0.0,0.0,,0.0,0.05802483125400391,9.900988656476267,0.0,0.0,0.0,0.0,0.0,0.0,0.0,2.4135374010246857,0.0036858027052400987,0.47537091988130564,0.0,0.0,0.0,0.21554907677356658,0.47537091988130564,0.6795466254507986,0.0,0.0,0.0,Capital Markets,Financial Services,AMRK
2013Q1,2013,Q1,2012-09-30,2012-09-30,1685000.0,1619814000.0,1941000.0,0.11381037961469007,5145000.0,0.0031762906111442424,,,,,,,,98455431.2,,,0.0,0.0,0.0,0.0,,0.0,0.06078193619761282,14.607630741839763,0.0,8.90207715133531,0.0,0.15235319999289182,0.0,0.0,0.0,-27.922697447532617,0.0031762906111442424,0.0,0.0,0.0,0.0,0.0,0.0,0.0,0.0,0.0,0.0,Capital Markets,Financial Services,AMRK
