Quarters,Year,Quarter,FillingDate,Date,NetIncome,Revenue,OperatingIncome,EPSDiluted,GrossProfit,GrossProfitRatio,TotalAssets,CommonStockEquity,CurrentAssets,CurrentLiability,TotalLiability,Inventory,RetainedEarnings,MarketCap,EnterpriseValue,bookValuePerShare,currentRatio,debtToAssets,debtToEquity,roic,shareholdersEquityPerShare,roe,priceToSalesRatio,peRatio,pbRatio,payoutRatio,inventoryTurnover,dividendYield,assetTurnover,quickRatio,returnOnAssets,priceToFreeCashFlowsRatio,grossProfitMargin,epsdilutedGrowth,fiveYNetIncomeGrowthPerShare,fiveYRevenueGrowthPerShare,fiveYShareholdersEquityGrowthPerShare,grossProfitGrowth,netIncomeGrowth,operatingIncomeGrowth,threeYNetIncomeGrowthPerShare,threeYRevenueGrowthPerShare,threeYShareholdersEquityGrowthPerShare,Industry,Sector,Symbol
2023Q1,2023,Q1,2023-05-03,2023-03-31,-7160000.0,36554000.0,11225000.0,-0.18,29827000.0,0.8159708924,1186583000.0,188987000.0,69101000.0,38529000.0,995955000.0,0.0,-542937000.0,797648732.82,1536163732.8200002,4.7338635474922715,1.7934802356666406,0.6344275958782487,3.983348060977739,-0.03540475876265147,4.7338635474922715,-0.03788620381296068,21.821106659189144,-27.85086357611732,4.220653975246974,-2.1108938547486034,0.0,0.018948190322532206,0.0308061045877111,1.4002180175971346,-0.0060341333054662,53.46529477981098,0.815970892378399,0.10000000000000009,-2.4229961153344415,0.26947798020144975,-0.33227572935892086,-0.022161754581516573,0.08556832694763729,0.08906568351605705,-3.8905589374129255,-0.004891483617930242,-0.21506929306039083,REIT—Diversified,Real Estate,GOODN
2022Q4,2022,Q4,2023-02-22,2022-12-31,-7830000.0,37217000.0,10307000.0,-0.2,30503000.0,0.8195985705,1201509000.0,202780000.0,66707000.0,36212000.0,996939000.0,0.0,-530228000.0,887235399.3456,1630096399.3456001,5.20606363926287,1.8421241577377665,0.6279719918868689,3.720850182463754,-0.046243369831786584,5.20606363926287,-0.038613275470953744,23.839519556804685,-28.3280778845977,4.375359499682415,-2.3077905491698596,0.0,0.02036663552122461,0.030975215333384935,1.3955870981994918,-0.0065168051175646625,72.25632375157586,0.8195985705457184,-0.1764705882352941,-4.010126230742008,0.38250419619372905,-0.28704285548159625,-0.08393897531383267,-0.18456883509833585,-0.2319672131147541,-13.818228715999624,0.1880145634752619,-0.08609097868094068,REIT—Diversified,Real Estate,GOODN
2022Q3,2022,Q3,2022-11-07,2022-09-30,-6610000.0,39834000.0,13420000.0,-0.17,33298000.0,0.8359190641,1209668000.0,385709000.0,77519000.0,22374000.0,822021000.0,0.0,-514057000.0,927571154.32,1661154154.3200002,9.763614659448157,3.4646911593814247,0.6176264892515964,1.9370120997954416,-0.031211878252666143,9.763614659448157,-0.017137271881133186,23.2859154069388,-35.0821162753404,2.404847059104143,-2.7225416036308623,0.0,0.019401207029980164,0.0329296964125694,2.345356217037633,-0.00546430921542109,41.61377991565725,0.8359190641160817,-0.21428571428571425,-3.565457342066838,0.5120803995547474,0.33593043709496656,0.1310461956521739,-0.19120562263470894,0.3330684414423363,-3.7700429751451177,0.28516548418569854,0.40574051597047384,REIT—Diversified,Real Estate,GOODN
2022Q2,2022,Q2,2022-08-01,2022-06-30,-5549000.0,36399000.0,10067000.0,-0.14,29440000.0,0.8088134289,1193389000.0,382881000.0,82042000.0,59664000.0,809233000.0,0.0,-498574000.0,955470219.66,1684116219.6599998,9.881883564471366,1.3750670421024402,0.6195691430036644,1.9311143671271231,-0.031512057393067304,9.881883564471366,-0.014492753623188406,26.2499030099728,-43.0469552919445,2.495475669098232,-3.1827356280410886,0.0,0.018484092582482153,0.030500532517058563,0.8240815231965675,-0.004649783096710293,54.84588827621835,0.8088134289403555,-0.6018306636155607,-8.916363078591088,0.5010415009799403,0.5119403512983912,0.018403210184032102,-0.7367762128325509,0.009020747719755437,-3.356018007631117,0.21730382675136695,0.391787077524713,REIT—Diversified,Real Estate,GOODN
2022Q1,2022,Q1,2022-05-04,2022-03-31,-3195000.0,35531000.0,9977000.0,-0.0874,28908000.0,0.8135993921,1154409000.0,383523000.0,62471000.0,43487000.0,769578000.0,0.0,-482493000.0,926220707.1,1627478707.1,10.49675090987825,1.4365442546048244,0.615763563866879,1.8534559856905584,-0.008547105461736685,10.49675090987825,-0.008330660742641249,26.067960572457853,-72.47423373239437,2.415033015229856,-5.435054773082942,0.0,0.01874823124433254,0.030778519571486362,0.2204106974498126,-0.0027676499403590927,53.89077250829115,0.8135993920801553,0.08096740273396423,-1.7334710743801651,0.5923187236712378,0.6347675231453854,0.0147786709727244,0.08004606968039159,0.03678686480307596,-1.690363007778738,0.2627856558979279,0.5121417503518921,REIT—Diversified,Real Estate,GOODN
2021Q4,2021,Q4,2022-02-15,2021-12-31,-3473000.0,35307000.0,9623000.0,-0.0951,28487000.0,0.8068371711,1143352000.0,201303000.0,59548000.0,43717000.0,940790000.0,0.0,-468523000.0,957277417.1999999,1662356417.1999998,5.509519503162056,1.3621245739643617,0.6236355907891883,3.5420982300313457,-0.011811725394604448,5.509519503162056,-0.01725259931545978,27.112963922168408,-68.90853852577023,4.755405618396149,-4.952202706593723,0.0,0.017966578643739888,0.030880253850082914,0.18198870004803624,-0.0030375597366340376,58.25335709852126,0.8068371710992155,-1.7925,-2.5146096816397727,0.6042073697123905,-0.1608074137995722,0.034874850147128274,-1.775742684833594,0.0890674513354459,-2.3820135296458416,0.2951944240645635,-0.1939626177205458,REIT—Diversified,Real Estate,GOODN
2021Q3,2021,Q3,2021-11-01,2021-09-30,4477000.0,34334000.0,8836000.0,0.12000000000000001,27527000.0,0.801741713753131,1104794000.0,370523000.0,66298000.0,13301000.0,732988000.0,0.0,-454494000.0,968969355.12,1638362355.12,10.140950183902447,4.984437260356364,0.6151581199753076,1.8342262153766433,0.00836966724984063,10.140950183902447,0.012082920628409032,28.221860404263996,54.108183779316505,2.615139559811402,3.7851239669421486,0.0,0.017488685179214317,0.031077286806409157,0.7691151041275092,0.00405233916911207,50.22127890121281,0.801741713753131,1.0,62.32876712328766,0.590346935939599,0.6400991523360556,0.04028570348815237,1.0901027077497665,0.05592734225621415,0.6723944714232349,0.2911887480726562,0.4993404121008077,REIT—Diversified,Real Estate,GOODN
2021Q2,2021,Q2,2021-08-09,2021-06-30,2142000.0,33371000.0,8368000.0,0.060000000000000005,26461000.0,0.7929339845974049,1089224000.0,373664000.0,65220000.0,11046000.0,714222000.0,0.0,-442122000.0,963488759.22,1614519759.22,10.226917113155524,5.904399782726779,0.6111350833253766,1.7814480388798493,0.008008184272454354,10.226917113155524,0.005732422711312837,28.872037374366965,112.45200271008405,2.578489657071594,7.842203548085901,0.0,0.017434557320210934,0.030637407916094393,1.3246424044903133,0.001966537645149207,54.99365064041096,0.7929339845974049,26.749852658227848,1.4258210645526612,0.5706217348331528,0.6493301847233565,-0.058863280694266606,26.11392405063291,0.07654702174192718,-0.15168316831683173,0.25487910352348353,0.487421183364117,REIT—Diversified,Real Estate,GOODN
2021Q1,2021,Q1,2021-05-10,2021-03-31,79000.0,34677000.0,7773000.0,0.002162173642468331,28116000.0,0.8107967817285232,1088343000.0,211747000.0,59364000.0,8673000.0,875180000.0,0.0,-425422000.0,950949155.8008001,1609867155.8008,5.795364332553691,6.8446904185402975,0.6145020457704969,3.15843435798382,0.008771335910682004,5.795364332553691,0.0003730867497532433,27.423051469296656,3009.332771521519,4.490968730611533,210.74683544303798,0.0,0.01750777094489324,0.0318621978549042,1.1381298282024674,7.258741040278663e-05,56.339188091759,0.8107967817285232,-0.990990943156382,-0.9073856975381007,0.6108607794862266,-0.06948118721380926,0.08309256905119612,-0.9910522142938045,-0.12907563025210084,-0.9828447339847991,0.3158653663719501,-0.1825481695382442,REIT—Diversified,Real Estate,GOODN
2020Q4,2020,Q4,2021-02-16,2020-12-31,8829000.0,32865000.0,8925000.0,0.24000000000000002,25959000.0,0.7898676403468736,1097908000.0,213183000.0,70274000.0,60731000.0,881871000.0,0.0,-409041000.0,925124587.92,1588487587.92,5.834666628130711,1.157135565032685,0.6142399909646346,3.1633807573774644,0.009991614880061438,5.834666628130711,0.04141512221893866,28.149234380648103,26.195622038735983,4.339579553341495,1.8376939630762261,0.0,0.017538178329558195,0.02993420213715539,0.18139006438227595,0.00804165740663152,70.56633012356978,0.7898676403468736,2.0000000000000004,2.4407638347622758,0.5087453518799064,-0.08845902228151409,-0.022333534197047304,2.102248770203795,-0.016203703703703703,7.022510231923602,0.3014810708062727,-0.2009572785403189,REIT—Diversified,Real Estate,GOODN
2020Q3,2020,Q3,2020-11-05,2020-09-30,2846000.0,33142000.0,9072000.0,0.08,26552000.0,0.8011586506547583,1075836000.0,198049000.0,78032000.0,54928000.0,875025000.0,0.0,-401834000.0,925124587.92,1581141587.92,5.420459844521651,1.420623361491407,0.619413181934793,3.3647582164009915,0.010425620917436254,5.420459844521651,0.014370181116794329,27.913963789753183,81.26533625439214,4.67119040197123,5.611384399156711,0.0,0.017262539779540488,0.03080581055105053,0.18879260122341976,0.0026453846125245855,54.54422427451211,0.8011586506547583,1.6666666666666665,30.64583333333333,0.5505029239766082,-0.1405130475161331,-0.024899008446566288,1.8660624370594159,-0.03417438518045353,0.1942929080990348,0.36022983788220797,-0.25833233470145905,REIT—Diversified,Real Estate,GOODN
2020Q2,2020,Q2,2020-07-27,2020-06-30,993000.0,33525000.0,9393000.0,0.030000000000000002,27230000.0,0.8122296793437733,1086051000.0,205741000.0,70645000.0,52075000.0,877418000.0,0.0,-388900000.0,847665499.1999999,1510753499.1999998,5.630984397152871,1.356601056168987,0.619354892173572,3.2694066812157034,0.010623642779587404,5.630984397152871,0.004826456564321161,25.28457864876957,213.41024652567975,4.1200611409490575,15.935548841893253,0.0,0.018667741007430634,0.030868716110016934,0.18363898223715794,0.0009143217031244389,56.16282377260981,0.8122296793437733,-0.5,1.3039443155452437,0.6205046403712297,-0.10886024411583808,-0.006421951397504196,-0.5619761799735333,-0.01406528812847696,0.502269288956127,0.4660865001967902,-0.1384524547327516,REIT—Diversified,Real Estate,GOODN
2020Q1,2020,Q1,2020-04-28,2020-03-31,2267000.0,33619000.0,9527000.0,0.060000000000000005,27406000.0,0.8151937892263303,1098825000.0,220354000.0,58101000.0,31682000.0,875361000.0,0.0,-374259000.0,652921658.22,1315070658.22,6.030931782436286,1.8338804368411086,0.6115641708188292,3.0496473855704913,0.010607194231788403,6.030931782436286,0.010287991141526816,19.421209977096286,72.00282953462727,2.9630578896684425,6.9422143802382,0.0,0.02410396377860256,0.030595408732054696,0.31099678050628116,0.002063112870566287,32.11616616920807,0.8151937892263303,2.0000000000000004,2.26657060518732,0.6910965794768612,-0.029948449750612966,0.04907364875210534,2.956369982547993,0.09029526207370107,-0.4795684113865932,0.5066326073317202,-0.060740652333293524,REIT—Diversified,Real Estate,GOODN
2019Q4,2019,Q4,2020-02-12,2019-12-31,573000.0,29386000.0,8738000.0,0.02,26124000.0,0.8889947594092424,1039508000.0,208134000.0,59881000.0,60077000.0,828471000.0,0.0,-360978000.0,964219505.34,1589811505.3400002,5.696479100019032,0.9967375201824326,0.6084041681256902,3.0386241555920703,0.010323455675774022,5.696479100019032,0.002753034103029779,32.812206674606955,420.68913845549736,4.632686179768803,26.835951134380455,0.0,0.01594761349966449,0.028269142709820415,0.11400369525775256,0.0005512223090154188,56.29492674801495,0.8889947594092424,-0.6666666666666667,-0.9070408825438027,0.5292464612822648,-0.043818221911867496,0.02587865698016886,-0.7403715450838242,-0.05248319236608111,-0.7501090274749237,0.33518106229269856,-0.13233031928863545,REIT—Diversified,Real Estate,GOODN
2019Q3,2019,Q3,2019-10-30,2019-09-30,2207000.0,28667000.0,9222000.0,0.060000000000000005,25465000.0,0.8883036243764607,978012000.0,253771000.0,52308000.0,40303000.0,719759000.0,0.0,-343736000.0,940835629.5,1531369629.5,6.94553123320039,1.2978686450140189,0.6101244156513417,2.351367965606787,0.010768760086224814,6.94553123320039,0.008696817209216183,32.81946591900094,106.57404049614863,3.707419797770431,6.687358405074762,0.0,0.015687118490446156,0.029311501290372716,0.1532144009130834,0.002256618528198018,66.65029962453953,0.8883036243764607,0.0,8.637554585152838,0.5076785526454193,0.3413127127423412,0.01304849425150177,-0.006303466906798739,0.009081956450377503,31.23287671232876,0.3278521469266758,0.12330301219485208,REIT—Diversified,Real Estate,GOODN
2019Q2,2019,Q2,2019-07-30,2019-06-30,2221000.0,28197000.0,9139000.0,0.060000000000000005,25137000.0,0.8914778167890202,969787000.0,259420000.0,53112000.0,57349000.0,705702000.0,0.0,-331461000.0,922566976.5,1497670976.5,7.100140333280182,0.9261190256150935,0.6008474025739673,2.2461413923367513,0.010776639726050011,7.100140333280182,0.008561406213861691,32.718621715076075,103.84590010130572,3.556267737645517,6.555155335434489,0.0,0.015780968071535995,0.029075456775559994,0.13234755619104083,0.0022901936198361085,56.4261147706422,0.8914778167890202,-0.5384615384615384,0.8219852337981953,0.5332789559543231,0.36142744686434,0.0027125134628425544,-0.52009507346586,0.030210799233457333,1.5152887882219706,0.32710500305925544,0.14506411246717124,REIT—Diversified,Real Estate,GOODN
2019Q1,2019,Q1,2019-04-30,2019-03-31,4628000.0,28137000.0,8871000.0,0.12999999999999998,25069000.0,0.890962078402104,935020000.0,253629000.0,47669000.0,37538000.0,676729000.0,0.0,-319402000.0,922566976.5,1476600976.5,6.941644794501269,1.2698865149981353,0.5971508630831426,2.20143595566753,0.010845737689885991,6.941644794501269,0.018247124737313162,32.788391672886235,49.83615905898876,3.6374664431117893,3.066551426101988,0.0,0.01538316497501469,0.030092404440546727,0.11492354414193617,0.0049496267459519586,73.21960130952381,0.890962078402104,0.857142857142857,1.3424596714518278,0.6419817927170869,0.4932528701795702,0.0424134059628259,0.8416235575009948,0.04487632508833922,4.425556858147714,0.30705625493566224,0.11456859350143703,REIT—Diversified,Real Estate,GOODN
2018Q4,2018,Q4,2019-02-13,2018-12-31,2513000.0,27260000.0,8490000.0,0.06999999999999999,24049000.0,0.8822083639031548,938775000.0,249744000.0,54014000.0,55311000.0,684356000.0,0.0,-310117000.0,922566976.5,1482034976.5,6.835315116007732,0.9765507765182333,0.6029762190088147,2.2665569543212247,0.010406924220675825,6.835315116007732,0.010062303799090268,33.843249321349965,91.77944453840033,3.6940506138285603,5.551134102666136,0.0,0.015120853396382111,0.029037841868392318,0.11916255356077453,0.0026768927591808473,62.30192980145867,0.8822083639031548,0.0,6.546546546546545,0.6167487100409229,0.36363338538652223,0.004007848703711435,-0.06126260739633919,-0.07405387719489584,-0.020654715510522358,0.2514346049671764,0.06787074925920704,REIT—Diversified,Real Estate,GOODN
2018Q3,2018,Q3,2018-10-30,2018-09-30,2677000.0,26591000.0,9169000.0,0.06999999999999999,23953000.0,0.9007935015606784,904175000.0,247124000.0,47058000.0,35817000.0,657051000.0,0.0,-298866000.0,922566976.5,1462180976.5,6.763607585080301,1.3138453806851496,0.5995343821715929,2.193570838931063,0.011617976503025818,6.763607585080301,0.010832618442563247,34.69470785228085,86.15679646059021,3.73321480916463,5.093388121031005,0.0,0.014779414771302514,0.029409129869770786,0.06896166624787112,0.002960710039538806,62.352458536090836,0.9007935015606784,0.0,7.663430420711974,0.6424336009882642,0.49902036310256753,0.007402111284013963,0.060198019801980196,0.013037233454866865,28.885416666666664,0.24402339181286542,0.07246112651729182,REIT—Diversified,Real Estate,GOODN
2018Q2,2018,Q2,2018-07-30,2018-06-30,2525000.0,26593000.0,9051000.0,0.06999999999999999,23777000.0,0.8941074718910992,912008000.0,251216000.0,52526000.0,41063000.0,660792000.0,0.0,-287910000.0,922566976.5,1460475976.5,6.875602705902838,1.2791564181866888,0.5947985105393813,2.159340965543596,0.011403883443768687,6.875602705902838,0.010051111394178715,34.692098540969425,91.343265,3.672405326491943,5.348910891089109,0.0,0.014639587524841347,0.029158735449689038,0.11085405352750652,0.0027686160647713617,69.00792703268756,0.8941074718910992,-0.4615384615384615,4.598669623059867,0.8651283489970543,0.5098748662715918,0.009167692372989263,-0.4516829533116178,0.011171936096525528,4.8584686774942,0.2854311678267594,0.08810866533260575,REIT—Diversified,Real Estate,GOODN
2018Q1,2018,Q1,2018-05-01,2018-03-31,4605000.0,26353000.0,8951000.0,0.12999999999999998,23561000.0,0.8940538079156073,923106000.0,259033000.0,51817000.0,41166000.0,664073000.0,0.0,-276927000.0,922566976.5,1462771976.5,7.0895484193607485,1.258732934946315,0.5896700920587669,2.1013847656476203,0.011141939924890553,7.0895484193607485,0.01777765767296059,35.00804373316131,50.08506929967427,3.5615808661444683,2.9259500542888164,0.0,0.014604901696261833,0.02854818406553527,0.10015546810474664,0.0049885928593249316,73.0688243703469,0.8940538079156073,4.249999999999999,9.635103926096999,0.8776629853936586,1.094922683747412,0.04132414036948643,4.141200545702592,0.16564656856361507,5.6354466858789625,0.3256036217303822,0.14032585392481847,REIT—Diversified,Real Estate,GOODN
2017Q4,2017,Q4,2018-02-14,2017-12-31,-1466000.0,25252000.0,7679000.0,-0.04,22626000.0,0.896008236971329,928454000.0,266798000.0,60828000.0,30457000.0,661656000.0,0.0,-268058000.0,924028468.74,1459972468.74,7.302070929914756,1.9971763469809896,0.5844414478261712,2.033849579082302,0.009486981499212404,7.302070929914756,-0.005494793814046582,36.59228848170442,-157.57647829809002,3.4634010327663622,-9.057298772169167,0.0,0.014369687135403745,0.02719790102686832,0.21942410611682042,-0.0015789689096067227,76.7146922988792,0.896008236971329,-1.5714285714285714,-3.387622149837134,0.8309164733178656,1.180345687083725,0.019786361382791724,-1.615190935795216,-0.09637561779242175,-1.2378325762491889,0.31411323896752713,0.22568819140725493,REIT—Diversified,Real Estate,GOODN
2017Q3,2017,Q3,2017-10-31,2017-09-30,2383000.0,24365000.0,8498000.0,0.06999999999999999,22187000.0,0.910609480812641,904851000.0,267032000.0,51162000.0,54404000.0,637819000.0,0.0,-253314000.0,924028468.74,1438618468.74,7.30847534298232,0.9404087934710683,0.5734391629119049,1.9431266664669402,0.010812956716362836,7.30847534298232,0.008924024087000808,37.92441899199672,96.93962114351658,3.4603660562778993,5.443138900545531,0.0,0.014037446289600995,0.026927085232817338,0.07879935298875082,0.002633582766665451,69.0759115451895,0.910609480812641,2.4999999999999996,1.4022177419354838,0.8785659213569779,1.1533623101921666,0.038619979402677654,2.605143721633888,-0.0302407851192514,9.406113537117903,0.2814242137372464,0.41140404659717955,REIT—Diversified,Real Estate,GOODN
2017Q2,2017,Q2,2017-07-31,2017-06-30,661000.0,22867000.0,8763000.0,0.02,21362000.0,0.9341846328770718,831573000.0,238804000.0,45005000.0,43363000.0,592769000.0,0.0,-242726000.0,924028468.74,1403795468.74,6.5358951204557885,1.03786638378341,0.5829686630037291,2.030037185306779,0.012110532971247331,6.5358951204557885,0.0027679603356727694,40.408819204093234,349.4812665431165,3.869401135408117,18.42057488653555,0.0,0.013177083187277904,0.027498487805640636,0.11562853123630745,0.0007948791026163669,84.42471162539972,0.9341846328770718,-0.8333333333333333,-0.22599531615925056,0.8426269137792102,0.8709475234647989,0.020445208751313653,-0.8482552800734618,0.04920977011494253,-0.45775225594749785,0.24344752582925508,0.2532353712936237,REIT—Diversified,Real Estate,GOODN
2017Q1,2017,Q1,2017-05-02,2017-03-31,4356000.0,22314000.0,8352000.0,0.12000000000000001,20934000.0,0.9381554181231514,832977000.0,234604000.0,44012000.0,69693000.0,598373000.0,0.0,-231214000.0,924028468.74,1416191468.74,6.420944116678991,0.6315124904940238,0.5957763539689571,2.115343301904486,0.011427445571864842,6.420944116678991,0.01856745835535626,41.41025673299274,53.031936911157025,3.9386731204071537,2.750918273645546,0.0,0.012968215163695066,0.026788254657691628,0.05890118089334653,0.005229436106879302,88.21274164582339,0.9381554181231514,1.0,2.3481936971560335,0.8441322314049585,0.7817438919731755,0.01744835965978129,0.8996947230702137,0.01101561554291248,1.3223323960337428,0.30217086834733886,0.3812422725934649,REIT—Diversified,Real Estate,GOODN
2016Q4,2016,Q4,2017-02-15,2016-12-31,2293000.0,22009000.0,8261000.0,0.060000000000000005,20575000.0,0.9348448362033713,851742000.0,239877000.0,53781000.0,48232000.0,611865000.0,0.0,-223587000.0,924028468.74,1428765468.74,6.5652623649920985,1.1150481008459114,0.5980625588499804,2.1235674950078582,0.01102536862447816,6.5652623649920985,0.00955906568783168,41.98411871234495,100.74449070431749,3.852092817318876,5.072830353249019,0.0,0.012588356737386381,0.02583998440842415,0.09657488804113451,0.0026921297763876856,81.4409015282919,0.9348448362033713,31.030662465753426,1.0546594982078854,0.9191663760027904,0.7727433968399424,0.01962436196045394,32.41095890410959,-0.0108955938697318,5.885885885885886,0.30531996915959897,0.30975833488036864,REIT—Diversified,Real Estate,GOODN
2016Q3,2016,Q3,2016-10-31,2016-09-30,-73000.0,21589000.0,8352000.0,-0.001997957922787192,20179000.0,0.9346889619713743,838643000.0,225915000.0,60957000.0,53482000.0,612728000.0,0.0,-214248000.0,924028468.74,1431467468.74,6.183132385294088,1.1397666504618376,0.6155014708284693,2.2848682026425866,0.011254532738805095,6.183132385294088,-0.00032313038089546955,42.800892525823336,-3164.481057328767,4.090159877564571,-152.0,0.0,0.012008288029405028,0.02574277732002771,0.16355035338992557,-8.704538164630242e-05,77.11161384795126,0.9346889619713743,-1.0998978961393595,-1.041762013729977,0.9322473820818042,0.6218806535910174,0.018472719931358197,-1.0826727066817667,0.028824833702882482,-1.2362459546925566,0.333477455219271,0.37036947172397877,REIT—Diversified,Real Estate,GOODN
2016Q2,2016,Q2,2016-07-25,2016-06-30,883000.0,21247000.0,8118000.0,0.02,19813000.0,0.9325081187932414,818285000.0,226555000.0,46546000.0,66151000.0,591730000.0,0.0,-203079000.0,920740111.1999999,1443467111.1999998,6.200648728726743,0.7036325981466645,0.6436877127162297,2.3249100659883912,0.010776940692310246,6.200648728726743,0.003897508331310278,43.33506430084247,260.68519569648925,4.064090888305268,11.359003397508493,0.0,0.010893410505303073,0.025965281045112643,0.06036189929101601,0.0010790861374704412,101.73923880662983,0.9325081187932414,0.0,-0.3554744525547445,0.9644045857988164,0.6198698698698699,-0.005221669930210373,0.035169988276670575,-0.024513338139870222,0.9578713968957872,0.4901809510450273,0.3616557079491771,REIT—Diversified,Real Estate,GOODN
2016Q1,2016,Q1,2016-04-27,2016-03-31,853000.0,21527000.0,8322000.0,0.02,19917000.0,0.925210201142751,811461000.0,227558000.0,47526000.0,50092000.0,583903000.0,0.0,-193934000.0,931701303.0,1444703303.0,6.2281001232001065,0.948774255370119,0.6383695581180119,2.276395468408054,0.011161929798677523,6.2281001232001065,0.0037484948892150573,43.28059195428996,273.06603253223915,4.0943465094613245,11.413833528722158,0.0,0.010449700959578886,0.02652869330750338,0.10001597061407011,0.0010511903837645926,106.09215474834889,0.925210201142751,-0.7142857142857142,-0.4236486486486486,1.0464873086795323,0.8437393657532692,-0.015909876970206037,-0.6675759937646142,-0.059235812796744294,0.9699769053117784,0.5338083363021018,0.8403694358178052,REIT—Diversified,Real Estate,GOODN
2015Q4,2015,Q4,2016-02-17,2015-12-31,2566000.0,21783000.0,8846000.0,0.06999999999999999,20239000.0,0.9291190377817564,833322000.0,233871000.0,51311000.0,54414000.0,599451000.0,0.0,-185051000.0,919278618.96,1445196618.96,6.400882429591278,0.9429742345719851,0.6372926671802737,2.2707817557542405,0.011564290579273434,6.400882429591278,0.01097186055560544,42.20165353532571,89.56338844115353,3.9307080354554436,3.7482462977396724,0.0,0.010462551615614704,0.026139955503394846,0.2031094938802514,0.0030792418776895364,139.07392117397882,0.9291190377817564,27.641785624999994,2.18019011736711,1.1298891114198055,1.099864917678006,0.024085412133785355,27.729166666666668,0.04168629298162977,3.1791530944625417,0.5793938515081205,0.9112573039676376,REIT—Diversified,Real Estate,GOODN
2015Q3,2015,Q3,2015-10-27,2015-09-30,-96000.0,21375000.0,8492000.0,-0.002627451514898225,19763000.0,0.9245847953216374,838483000.0,230427000.0,67257000.0,66444000.0,608056000.0,0.0,-177999000.0,938278018.08,1472960018.08,6.3066226064943045,1.0122358677984469,0.6421263162163097,2.3365838204724274,0.01104522533326223,6.3066226064943045,-0.0004166178442630421,43.896047629473685,-2443.43233875,4.071910054290513,-97.22916666666667,0.0,0.009948010952127153,0.02549246675245652,0.1449340798266209,-0.00011449248225664682,111.67317520590336,0.9245847953216374,-1.2627451514898227,-1.0473313966903521,1.0683322797337402,1.0562822936922462,0.012967708867247565,-1.222737819025522,0.017249640632486823,-1.096774193548387,0.6480339244410178,0.85817736095543,REIT—Diversified,Real Estate,GOODN
2015Q2,2015,Q2,2015-08-03,2015-06-30,431000.0,20688000.0,8348000.0,0.01,19510000.0,0.9430587780355761,830340000.0,230874000.0,53148000.0,52901000.0,599466000.0,0.0,-168570000.0,932435702.8506,1461677702.8506,6.318856677610549,1.0046690988828189,0.641350531107739,2.3066217937056575,0.010935103279614049,6.318856677610549,0.0018668191307812919,45.07133134428654,540.8559761314385,4.038721132958237,21.153132250580047,0.0,0.009777617879847288,0.024915095021316568,0.17385304625621445,0.0005190644796107619,123.68161597699961,0.9430587780355761,-0.5,-0.5717625597271998,0.9368271180512421,1.0630542156107456,0.03129294851464214,-0.37896253602305474,0.003485995912970309,-0.49531615925058553,0.6670427074939564,0.8088186903586705,REIT—Diversified,Real Estate,GOODN
2015Q1,2015,Q1,2015-05-04,2015-03-31,694000.0,19880000.0,8319000.0,0.02,18918000.0,0.9516096579476861,807282000.0,227157000.0,52738000.0,52970000.0,580125000.0,0.0,-159883000.0,946973896.908,1451561896.908,6.217125039268084,0.9956201623560506,0.6321805763041911,2.246675207015412,0.011279923525942197,6.217125039268084,0.003055155685274942,47.63450185653924,341.1289253991354,4.168807903379601,12.682997118155619,0.0,0.009294870775994713,0.024625843261710283,0.21446101566924675,0.0008596748100415963,105.9729069950761,0.9516096579476861,-0.8823529411764707,-0.3611535321121608,0.8605563550166141,0.9734933991177787,0.03157205954523147,-0.8874107722258274,-0.019332783213485794,-0.4665641813989239,0.6429752066115703,0.7251862596927189,REIT—Diversified,Real Estate,GOODN
2014Q4,2014,Q4,2015-02-18,2014-12-31,6164000.0,19216000.0,8483000.0,0.17,18339000.0,0.9543609492089925,787794000.0,217672000.0,50570000.0,52501000.0,570122000.0,0.0,-151724000.0,942662494.8000001,1436662494.8000002,5.957527355738817,0.9632197481952725,0.6379827721460178,2.3089740527031495,0.011777511519969567,5.957527355738817,0.0283178360101437,49.05612483347211,38.23258009409474,4.3306557333970375,1.3442569759896172,0.0,0.008789996468203606,0.02439216343358797,0.2704519913906402,0.00782438048525376,99.03997633956715,0.9543609492089925,16.0,4.5156763683154635,0.8056466110157411,0.8376614941956113,0.029586795418818774,25.91703056768559,0.05117719950433705,4.523297491039426,0.6756191140565051,0.6086435993319242,REIT—Diversified,Real Estate,GOODN
2014Q3,2014,Q3,2014-10-29,2014-09-30,229000.0,19014000.0,8070000.0,0.01,17812000.0,0.9367834227411381,759407000.0,189196000.0,49142000.0,54555000.0,570211000.0,0.0,-149533000.0,960200401.6800001,1460921401.68,5.178159550132131,0.9007790303363578,0.6662540640262732,2.674253155457832,0.011608938451048257,5.178159550132131,0.0012103849975686589,50.49965297570212,1048.2537136244541,5.075162274466691,33.903930131004365,0.0,0.008085812072579678,0.02503795724822131,0.19864357070845937,0.0003015510786705943,125.7629864675835,0.9367834227411381,-0.6666666666666667,-0.8209524703086029,0.7841636753884312,0.5594654382347137,0.0423689138576779,-0.8121410992616899,0.00799400449662753,-0.8689931350114417,0.7017810793878099,0.3582689601700027,REIT—Diversified,Real Estate,GOODN
2014Q2,2014,Q2,2014-07-29,2014-06-30,1219000.0,18390000.0,8006000.0,0.030000000000000002,17088000.0,0.9292006525285481,735530000.0,190550000.0,38884000.0,33885000.0,544980000.0,0.0,-141945000.0,951139149.792,1430659149.792,5.215217564206841,1.147528404898923,0.6551561459083926,2.5289267908685384,0.01190594806651032,5.215217564206841,0.006397271057465233,51.720454039804245,195.06545319770305,4.991546312212018,6.010664479081214,0.0,0.007703394399864947,0.025002379236740854,0.0698539176626826,0.0016573083354859762,194.70606955823953,0.9292006525285481,1.0810810810810811,0.09137855705250786,0.7265191749247452,0.5337328996629442,0.08110843983297482,1.0902027527009028,0.07204070701660417,-0.11021897810218988,0.7002588757396447,0.3624338624338625,REIT—Diversified,Real Estate,GOODN
2014Q1,2014,Q1,2014-04-28,2014-03-31,-13514000.0,17136000.0,7468000.0,-0.37,15806000.0,0.9223856209150327,678882000.0,169850000.0,48188000.0,27624000.0,509032000.0,0.0,-135787000.0,964581224.6694,1409715224.6694,4.648673331306911,1.7444251375615407,0.6642494571958013,2.6549720341477774,0.012029697308459932,4.648673331306911,-0.07956432146011186,56.289754007317924,-17.844110268414237,5.679018102263173,-0.5169453899659612,0.0,0.007242521232355915,0.02524149999558097,0.2104329568491167,-0.01990625764123957,156.61328538226985,0.9223856209150327,-38.0,-13.403069470588829,0.6038855662841089,0.333664845430914,0.008228615168718504,-41.58258258258258,0.0005359056806002144,-10.131081081081081,0.6290521912729348,0.37617280549658894,REIT—Diversified,Real Estate,GOODN
2013Q4,2013,Q4,2014-02-18,2013-12-31,333000.0,16861000.0,7464000.0,0.01,15677000.0,0.929778779431825,690525000.0,183146000.0,41155000.0,28119000.0,507379000.0,0.0,-115248000.0,937181898.9,1375637898.9,5.012575366120315,1.4636011237952986,0.6473364469063394,2.440686665283435,0.011844836451119419,5.012575366120315,0.0018182215281797036,55.582818272937544,703.5900141891891,5.117130043244187,19.81081081081081,0.0,0.007039188451828943,0.024417653234857537,0.30392261460222625,0.0004822417725643532,217.29234845814977,0.929778779431825,0.0,-0.706669955251753,0.5736003230635713,0.40346860108175575,0.02290225760146157,0.07766990291262135,-0.03240860772621208,-0.5872941118147904,0.6486278431643642,0.6444187616808245,REIT—Diversified,Real Estate,GOODN
2013Q3,2013,Q3,2013-11-04,2013-09-30,309000.0,16190000.0,7714000.0,0.01,15326000.0,0.9466337245213094,666412000.0,164857000.0,37921000.0,33451000.0,501555000.0,0.0,-108943000.0,942297121.74,1376428121.74,4.5120184832455905,1.1336282921287855,0.658244449379663,2.6608636575941573,0.012781701984527414,4.5120184832455905,0.001874351710876699,58.2024164138357,762.3763120873786,5.715845379571386,20.734627831715212,0.0,0.006799341579404536,0.024294280415118576,0.13545185495201936,0.0004636771246616207,117.3032642524586,0.9466337245213094,0.0,-0.7293175385591109,0.5482240225652456,0.23414790848360978,0.11917628158317511,-0.3148558758314856,0.07692307692307693,-0.8476520669029293,0.5666105080182108,0.471149344873746,REIT—Diversified,Real Estate,GOODN
2013Q2,2013,Q2,2013-07-30,2013-06-30,451000.0,14258000.0,7163000.0,0.01,13694000.0,0.9604432599242531,594140000.0,166382000.0,32463000.0,15407000.0,427758000.0,0.0,-102813000.0,957639136.5294,1324056136.5293999,4.553756645331213,2.1070292724086452,0.6234894132695997,2.226442764241324,0.013343342858526662,4.553756645331213,0.0027106297556226035,67.16503973414224,530.8420934198448,5.7556654958433,12.563192904656319,0.0,0.005916633712918489,0.02399771097721076,0.2611150775621471,0.0007590803514323223,213.52043177913043,0.9604432599242531,0.0,-0.6301596217951609,0.39436297132118675,0.2173686670865971,0.029778914122424425,0.04157043879907621,0.05930198166223011,-0.551890752753984,0.3348453716731733,0.48676371744651675,REIT—Diversified,Real Estate,GOODN
2013Q1,2013,Q1,2013-04-29,2013-03-03,433000.0,14035000.0,6762000.0,0.01,13298000.0,0.9474884218026363,569198000.0,123648000.0,34211000.0,31634000.0,445550000.0,0.0,-97568000.0,948508463.76,1328664463.76,3.3841575511889137,1.081462982866536,0.6806682384688633,3.1333705357142856,0.013230727690022951,3.3841575511889137,0.003501876293995859,67.58165042821517,547.6376811547344,7.67103765333851,12.170900692840647,0.0,0.005556091696967146,0.024657500553410237,0.23010052475184928,0.0007607194684450754,310.5790647544204,0.9474884218026363,-0.5,-0.6943605641835757,0.4752749282833488,-0.11394876941616688,0.004760105780128448,-0.2947882736156352,-0.2150899593731863,-0.6014113536088841,0.3135265816226448,0.07422844910839244,REIT—Diversified,Real Estate,GOODN
2012Q4,2012,Q4,2013-02-19,2012-12-31,614000.0,13792000.0,8615000.0,0.02,13235000.0,0.9596142691415314,564779000.0,122365000.0,31196000.0,30890000.0,442414000.0,0.0,-92708000.0,936816525.84,1315455525.8400002,3.3490427564637635,1.0099061184849465,0.6802395273195356,3.1396641196420547,0.01700720560655414,3.3490427564637635,0.005017774690475218,67.92463209396752,381.43995351791534,7.655918978792956,8.420195439739414,0.0,0.005518690007484978,0.024420171429886735,0.17954030430560053,0.0010871509032736699,16.261917196222747,0.9596142691415314,-0.33333333333333337,-0.5803471226438951,0.5376224735475867,-0.14050248964536058,0.04831683168316832,-0.3810483870967742,0.2540029112081514,-0.45057993346111386,0.2959761687723304,0.033047193654884295,REIT—Diversified,Real Estate,GOODN
2012Q3,2012,Q3,2012-11-01,2012-09-30,992000.0,12970000.0,6870000.0,0.030000000000000002,12625000.0,0.9734001542020047,525644000.0,124007000.0,37588000.0,5954000.0,401637000.0,0.0,-88138000.0,936085779.72,1264734779.72,3.3939831250831682,6.3130668458179375,0.65335283956442,2.7694484988750636,0.01469713630470779,3.3939831250831682,0.007999548412589612,72.17315186738628,235.90871464717745,7.548652735087536,5.191532258064516,0.0,0.005501632555021247,0.02467449452481147,3.52519314746389,0.0018872088333548942,-13971.429548059701,0.9734001542020047,0.5000000000000001,-0.3762810759151441,0.5513411386006688,-0.14466777502269063,0.047109562909513146,0.16159250585480095,0.07629641234529218,-0.22438799365124046,0.21702970809866165,0.02213910758775094,REIT—Diversified,Real Estate,GOODN
2012Q2,2012,Q2,2012-07-31,2012-06-30,854000.0,12410000.0,6383000.0,0.02,12057000.0,0.9715551974214344,497335000.0,127638000.0,25628000.0,5074000.0,369697000.0,0.0,-83973000.0,939008764.1999999,1249504764.1999998,3.493361004776871,5.0508474576271185,0.6329114178571787,2.4661072721289896,0.014427891059589925,3.493361004776871,0.006690797411429198,75.6654926833199,274.8854696135831,7.356811954120246,6.02576112412178,0.0,0.005480247039423745,0.024952999487267133,1.8955459203783998,0.001717152422411453,-33.65622810752688,0.9715551974214344,-0.5,-0.4512668410961298,0.5359732104488757,-0.13464065434178316,0.02464519418713351,-0.34358186010760955,0.012692368713311121,-0.23540829555140133,0.16509532141468677,0.02735554892248163,REIT—Diversified,Real Estate,GOODN
2012Q1,2012,Q1,2012-04-30,2012-03-31,1301000.0,12100000.0,6303000.0,0.04,11767000.0,0.9724793388429752,467974000.0,131671000.0,25964000.0,4351000.0,336303000.0,0.0,-79676000.0,918913245.9,1195289245.9,3.6037413376892102,5.967363824408182,0.6027364768128144,2.1421953201540203,0.015234352340623005,3.6037413376892102,0.009880687471045257,75.94324346280992,176.57825632205993,6.978858259601582,3.9561875480399693,0.0,0.005601181638163173,0.02585613730677345,5.265456216961618,0.002780068978191096,-147.35619722578576,0.9724793388429752,0.33333333333333326,-0.14986323318578457,0.6387290450909162,-0.12027317117860147,0.04763176638176638,0.16577060931899643,-0.14046093004227464,0.19405012440699032,0.13252890709837295,0.033882742789130955,REIT—Diversified,Real Estate,GOODN
2011Q4,2011,Q4,2012-02-28,2011-12-31,1116000.0,11468000.0,7333000.0,0.030000000000000002,11232000.0,0.9794209975584235,453147000.0,135314000.0,22291000.0,10284000.0,317833000.0,0.0,-75830000.0,915259515.3000001,1215980515.3000002,3.703447648822275,2.1675418125243096,0.6709743195916557,2.2469958762581848,,3.703447648822275,0.00824748363066645,79.80986355946983,205.03125342741936,6.763967625670662,4.608422939068101,0.0,0.005619171299534918,0.0253074609343105,0.323706728899261,0.0024627769796556087,-39.89797363993026,0.9794209975584235,-0.39999999999999997,0.24574426522297266,0.6030425938537545,-0.11108732163542803,0.028383080021973997,-0.36155606407322655,0.22420701168614357,-0.01694795814100985,0.0702834057821621,0.03692655196824778,REIT—Diversified,Real Estate,GOODN
2011Q3,2011,Q3,2011-11-01,2011-09-30,1748000.0,11173000.0,5990000.0,0.05,10922000.0,0.9775351293296339,427093000.0,139292000.0,21180000.0,2007000.0,287801000.0,0.0,-71803000.0,915259515.3000001,1187957515.3000002,3.81232267097087,10.55306427503737,0.6441407374974537,1.9750452287281395,0.014454633204633204,3.81232267097087,0.012549177267897654,81.91707825114115,130.90096042620138,6.570797427705827,2.9548054919908466,0.0,0.0056432081979579714,0.026160578609342695,3.2192326856003985,0.004092785412076526,213.39694924224762,0.9775351293296339,0.25000000000000006,-0.01655152780520514,0.6587054348174638,0.18188930365998007,0.029018277746372716,0.2759124087591241,0.0771443984894803,0.5312392964358391,0.0684562695566083,0.042763913382500886,REIT—Diversified,Real Estate,GOODN
2011Q2,2011,Q2,2011-08-02,2011-06-30,1370000.0,10816000.0,5561000.0,0.04,10614000.0,0.9813239644970414,428016000.0,139860000.0,19883000.0,2964000.0,288156000.0,0.0,-68386000.0,915259515.3000001,1188268515.3000002,3.827868425767351,6.708164642375169,0.6432563268662854,1.9685685685685685,0.013394061428186057,3.827868425767351,0.009795509795509796,84.62088713942309,167.01815972627736,6.544112078507079,3.488321167883212,0.0,0.005221469889262565,0.02527008336136967,1.8960863697705803,0.0032008149228066243,-87.68533390496265,0.9813239644970414,0.0,0.6065387298962788,0.6313572934913733,0.18005155001112633,0.0383486597534729,-0.07432432432432433,-0.0037620924399856684,0.12346190275084155,0.057752131982743454,0.023314912543012205,REIT—Diversified,Real Estate,GOODN
2011Q1,2011,Q1,2011-05-02,2011-03-31,1480000.0,10519000.0,5582000.0,0.04,10222000.0,0.9717653769369712,416148000.0,123422000.0,30610000.0,9148000.0,292726000.0,0.0,-64977000.0,915259515.3000001,1181868515.3000002,3.3779720924142573,3.3460865763008307,0.6750771360189164,2.2761906305196806,,3.3779720924142573,0.011991379170650289,87.0101259910638,154.60464785472973,7.415691815883716,3.0560810810810812,0.0,0.00494176779852157,0.02527706489037554,1.565697420201137,0.003556427040379865,216.88614106635072,0.9717653769369712,1.0,0.7477562588568729,0.8851183534972359,0.024817230188271516,0.022798746386134442,0.8342483919342645,0.16157915666689626,0.04467982680902531,0.1056941197443922,-0.11556826652175654,REIT—Diversified,Real Estate,GOODN
2010Q4,2010,Q4,2011-03-08,2010-12-31,806870.0,10227293.0,4805527.0,0.02,9994146.0,0.9772034496322731,410608602.0,111374307.0,22344513.0,3648288.0,299234295.0,0.0,-61933725.0,915259515.3000001,1196067474.3000002,3.0482353296655207,6.124657099439518,0.7010799617880388,2.584702619069944,,3.0482353296655207,0.007244669095898392,89.49186410323827,283.58332671310126,8.217869452601846,5.305511420674954,0.0,0.004677206768614515,0.024907644287491083,1.9355664903647958,0.001965058686227913,355.3540614770695,0.9772034496322731,-0.6666666666666667,-0.2314184281641467,1.2685455550468645,0.1255781187101142,-0.007702849769458604,-0.6021845411714126,0.574450051340118,-0.44852554209719814,0.14020559457337003,-0.21770163376804402,REIT—Diversified,Real Estate,GOODN
2010Q3,2010,Q3,2010-11-01,2010-09-30,2028252.0,10334413.0,3052194.0,0.060000000000000005,10071727.0,0.9745814300241339,397572376.0,112060003.0,18571801.0,8303704.0,285512373.0,0.0,-58458249.0,915259515.3000001,1185510784.3000002,3.067002340019267,2.2365682832625056,0.6878791297109637,2.4404937772489617,,3.067002340019267,0.018099696106558198,88.5642479451905,112.81383123250957,8.16758424769987,2.0897255370634418,0.0,0.00463091607259688,0.02599379037340361,0.3890397586426491,0.0051015918671371676,138.20156899618007,0.9745814300241339,1.0,1.3382825442610249,1.5605880445089424,0.11836669644187342,-0.03635089718813883,1.015251611851943,-0.42748311538933365,0.275261245174352,0.23609869161060543,-0.22707160324051084,REIT—Diversified,Real Estate,GOODN
2010Q2,2010,Q2,2010-08-03,2010-06-30,1006451.0,10681387.0,5331186.0,0.030000000000000002,10451654.0,0.9784922126686356,411179391.0,111908838.0,19836358.0,3076327.0,299270553.0,0.0,-56245666.0,915259515.3000001,1199954199.3000002,3.0628650618083335,6.448065501489276,0.7004414601119928,2.573586663459056,0.013322310611707073,3.0628650618083335,0.008993489861810557,85.68732836849748,227.348255230508,8.178616914063571,4.200811564596786,0.0,0.0046193576022142665,0.02597743766783292,1.8388002965874564,0.0024477175219124736,281.8650527307751,0.9784922126686356,0.0,-0.12446815266399958,2.84714795153367,0.10611717615978121,0.0010566420276493106,-0.07353362182682474,0.0012387808263171437,-0.3533102616955983,0.322024519132706,-0.24128113238180332,REIT—Diversified,Real Estate,GOODN
2010Q1,2010,Q1,2010-05-03,2010-03-31,1086333.0,10684976.0,5324590.0,0.030000000000000002,10440622.0,0.9771310670234542,414620100.0,115104008.0,19862631.0,47398965.0,299516092.0,0.0,-53023831.0,915259515.3000001,1199200038.3000002,3.1503145853172647,0.4190519982873044,0.6928460318252782,2.4957244842421127,,3.1503145853172647,0.009437838168067961,85.6585466640262,210.6305146073994,7.951586840486041,3.896053051872676,0.0,0.004624274240528073,0.025770521014297186,0.07019916996077868,0.002620068346903587,282.2748402515266,0.9771310670234542,0.0,1.0298308619091752,3.982193223735716,0.13015453043734004,0.0025390381191798105,-0.027926467193179316,-0.1990063604544338,-0.29013710660754266,0.4470892989503601,-0.2309613814547403,REIT—Diversified,Real Estate,GOODN
2009Q4,2009,Q4,2010-02-24,2009-12-31,1117542.0,10642171.0,6647481.0,0.030000000000000002,10414180.0,0.9785766456862984,416865373.0,118450542.0,22045972.0,36500381.0,298414831.0,0.0,-49877753.0,915259515.3000001,1198372254.3000002,3.2419068335251646,0.6039929281834072,0.6865749844854588,2.4162771412223676,,3.2419068335251646,0.009434671898757543,86.00308295177742,204.74834845133336,7.72693395780325,3.789264296106992,0.0,0.004626733652271268,0.025529035725401928,0.08483741580670076,0.0026808223286993904,277.1204345772463,0.9785766456862984,-0.24999999999999994,0.11763252823478701,4.463673725039211,0.15344664298559196,-0.0022397003436723747,-0.12623085403326062,0.2814302633922616,0.24746553552492057,0.4876049358279738,-0.22186774064061948,REIT—Diversified,Real Estate,GOODN
2009Q3,2009,Q3,2009-11-04,2009-09-30,1278990.0,10657094.0,5187548.0,0.04,10437557.0,0.979399918964776,418281683.0,121321060.0,21373562.0,43587712.0,296960623.0,0.0,-2551601.0,915259515.3000001,1199161403.3000002,3.320470863396442,0.4903575117684544,0.685397658209193,2.3630628186070908,,3.320470863396442,0.010542192756970636,85.88265387356066,178.90278956442194,7.544110769391563,3.3109477009202575,0.0,0.0046267413003753125,0.025478270823539744,0.06394916989448769,0.003057724141365282,226.45510341981384,0.979399918964776,0.33333333333333326,0.8670351133805717,6.889848119727407,0.1823188086431389,0.0016172611754445764,0.14508799071746278,-0.004386990188480514,-0.28042290534758546,0.5821157913864303,0.029406305621935764,REIT—Diversified,Real Estate,GOODN
2009Q2,2009,Q2,2009-07-30,2009-06-30,1116936.0,10651489.0,5210406.0,0.030000000000000002,10420704.0,0.9783330762487761,422245782.0,124239364.0,21127243.0,34873014.0,298006418.0,0.0,-43804965.0,915259515.3000001,1198331361.3000002,3.400342761997833,0.6058335823797737,0.6773127623569725,2.3019472073279448,,3.400342761997833,0.008990194122371715,85.927846829678,204.85943583607298,7.366904383863395,3.7913157065400345,0.0,0.004626728189339809,0.0252258032029317,0.14961092838146997,0.0026452271345602215,229.34144678682256,0.9783330762487761,0.0,7.444044604044604,14.602690904829565,0.20799225535321292,-0.024648883279698885,0.02511727114115765,-0.05453784656834868,0.3097817100842554,0.6065444033555042,0.048254354787619975,REIT—Diversified,Real Estate,GOODN
2009Q1,2009,Q1,2009-05-04,2009-03-31,1089569.0,10684054.0,5510962.0,0.030000000000000002,10684054.0,1.0,424996806.0,127355835.0,26856380.0,43120679.0,297640971.0,0.0,-2590215.0,915259515.3000001,1198994084.3000002,3.4856383500195665,0.6228190423439297,0.6734366351920301,2.2473129637130485,,3.4856383500195665,0.00855531275814728,85.66593872513187,210.0049458317922,7.186631969395042,3.886550553475732,0.0,0.004626736930030144,0.025139139516262624,0.2892776804372677,0.0025637110317483186,223.42186596877914,1.0,0.0,6.636527767000336,31.259396362230973,0.2289169583542164,0.0,-0.040230259680772346,1.2367047143520071,0.28668989135569206,0.9146978120691661,0.05748127621505512,REIT—Diversified,Real Estate,GOODN
2008Q4,2008,Q4,2009-02-25,2008-12-31,1135240.0,10714919.0,-23282012.0,0.030000000000000002,0.0,0.0,429098785.0,130495260.0,21760380.0,34173787.0,298603525.0,0.0,-37542148.0,915259515.3000001,1197367110.3000002,3.5715621726462263,0.636756470683217,0.6679375076766997,2.1963339741228913,,3.5715621726462263,0.008699473068983502,85.41917258543906,201.55639232673266,7.013737627711535,3.730623480497516,0.0,0.004627270112140619,0.024970751198934295,0.13497116956923738,0.0026456378803309823,-20.80557142291444,0.0,0.0,10.009197755715862,32.87827442400175,0.2457703486436434,0.0,-0.005535412536715141,-2.494868031189447,0.08136941962265809,1.3767072939180676,0.31881951239783884,REIT—Diversified,Real Estate,GOODN
2008Q3,2008,Q3,2008-11-05,2008-09-30,1141559.0,10457143.0,15574627.0,0.030000000000000002,0.0,0.0,430283055.0,133579613.0,0.0,286856947.0,296703442.0,0.0,0.0,915259515.3000001,1202884856.3000002,3.6559787139205064,0.0,0.6755785816385449,2.176155548526705,,3.6559787139205064,0.008545907375850835,87.52481584119104,200.4406945457922,6.851790439758199,3.710203327204288,0.0,0.004627557462335404,0.02430293937556988,0.010683635282501979,0.002653041960948241,247.11551232095283,0.0,0.0,11.954619606939966,113.24576104531748,0.2707552423371895,0.0,-0.06387003923916208,0.015821298307454434,0.31605317433142993,1.590997219244129,0.33313391489730665,REIT—Diversified,Real Estate,GOODN
2008Q2,2008,Q2,2008-08-05,2008-06-30,1219445.0,10225458.0,15332054.0,0.030000000000000002,0.0,0.0,414245749.0,136673470.0,0.0,267218679.0,277572279.0,0.0,0.0,915259515.3000001,1184451360.3000002,3.740655372894761,0.0,0.6541216648671029,1.9825875424103887,,3.740655372894761,0.008922324135035131,89.50792378199588,187.63853952002754,6.6966874792891415,3.4732308550201116,0.0,0.00462755527716282,0.024684521264694982,0.006643525095788682,0.002943771910620138,24.265506214423667,0.0,-0.24999999999999994,11614.761904761905,0.0,3304.6032022444733,0.0,-0.1392367625654513,0.10346876039986136,0.06081958642263668,2.682934603735787,0.3508930607639637,REIT—Diversified,Real Estate,GOODN
2008Q1,2008,Q1,2008-05-06,2008-03-31,1416702.0,9513481.0,13894416.0,0.04,0.0,0.0,411183078.0,139549493.0,0.0,260786050.0,271633585.0,0.0,-28332410.0,915259515.3000001,1174934748.3000002,3.819370070688846,0.0,0.6347807849232551,1.8703838429567063,,3.819370070688846,0.010151968090632905,96.20658466653795,161.5123567447494,6.558673167662458,2.9896259058009376,0.0,0.00462754981423136,0.023136849517917175,0.026501616938482714,0.003445428753758198,-31.327431571281036,0.0,0.0,135.29727936297283,0.0,254189.51183970858,0.0,-0.031721383296175146,1.8987378955133705,1.6471307064486236,3.4359482484882022,0.3701737626215749,REIT—Diversified,Real Estate,GOODN
2007Q4,2007,Q4,2008-02-27,2007-12-31,1463114.0,8969692.0,4793264.0,0.04,0.0,0.0,378902689.0,142368068.0,0.0,226520471.0,236534621.0,0.0,-25513703.0,915259515.3000001,1366944049.3000002,3.896512457705557,0.0,1.195665681855322,3.18218086656904,,3.896512457705557,0.010276981492788115,102.03912411931202,156.38896136938067,6.428825846677922,2.8069849649446317,0.0,0.004487185253303643,0.02367281167540091,0.029172294984323957,0.0038614505583516724,-61.86617087498709,0.0,0.0,12.611186502551403,27.36024118099008,0.35911386902544906,0.0,-0.08006865938156257,-0.6117392628895587,0.4632325218342684,3.6050256570857964,0.3863505166818441,REIT—Diversified,Real Estate,GOODN
2007Q3,2007,Q3,2007-10-30,2007-09-30,1590460.0,8360508.0,12345477.0,0.04,0.0,0.0,361345877.0,144981092.0,0.0,0.0,216364785.0,0.0,-22869878.0,915259515.3000001,1119851522.3000002,3.968029060489572,0.0,0.5712443786926065,1.4237498018017412,,3.968029060489572,0.010970120158841126,109.47415100852724,143.86710689045935,6.312957797972718,2.5822290406549047,0.0,0.004487177605199599,0.02313713406504428,0.0,0.004401489268964317,-31.11898932217511,0.0,0.0,16.26235989559343,90.33972818249354,0.3792185690698952,0.0,0.021941615819964122,1.988621164720769,1.3217106204327354,5.189598996102122,0.4128946117782132,REIT—Diversified,Real Estate,GOODN
2007Q2,2007,Q2,2007-07-31,2007-06-30,1556312.0,8079568.0,4130827.0,0.04,0.0,0.0,339146439.0,147497107.0,0.0,0.0,191649332.0,0.0,-20353407.0,915259515.3000001,1087701997.3000002,4.0368905961484955,0.0,0.537008047429329,1.2347656893365373,,4.0368905961484955,0.010551474748586085,113.28074908212915,147.02378367897956,6.205270963721342,2.638887960768792,0.0,0.004487178697785891,0.0238232429148401,0.0,0.004588908568784943,-123.56876593450095,0.0,0.0,14823.019047619047,0.0,3566.385164223867,0.0,0.01697006290097246,0.33834881468065875,10.765730485730485,10.835246898208503,0.43412970902687636,REIT—Diversified,Real Estate,GOODN
2007Q1,2007,Q1,2007-05-01,2007-03-31,1530342.0,7383771.0,3086510.0,0.04,0.0,0.0,327189335.0,149672598.0,0.0,0.0,177516737.0,0.0,-17802786.0,915259515.3000001,1076247399.3000002,4.096432232852636,0.0,0.5136917986645255,1.122947555169718,,4.096432232852636,0.010224597023431103,123.9555662411524,149.5187865359508,6.115077359050051,2.683669402002951,0.0,0.004487177605199599,0.022567272860528904,0.0,0.004677236805411154,-24.1549985877951,0.0,1.0,146.06986444212723,0.0,272628.68306010927,0.0,0.7082569626611598,-0.051407026357368685,8.916722278264917,21.294533080509193,0.4442620071795955,REIT—Diversified,Real Estate,GOODN
