Quarters,Year,Quarter,FillingDate,Date,NetIncome,Revenue,OperatingIncome,EPSDiluted,GrossProfit,GrossProfitRatio,TotalAssets,CommonStockEquity,CurrentAssets,CurrentLiability,TotalLiability,Inventory,RetainedEarnings,MarketCap,EnterpriseValue,bookValuePerShare,currentRatio,debtToAssets,debtToEquity,roic,shareholdersEquityPerShare,roe,priceToSalesRatio,peRatio,pbRatio,payoutRatio,inventoryTurnover,dividendYield,assetTurnover,quickRatio,returnOnAssets,priceToFreeCashFlowsRatio,grossProfitMargin,epsdilutedGrowth,fiveYNetIncomeGrowthPerShare,fiveYRevenueGrowthPerShare,fiveYShareholdersEquityGrowthPerShare,grossProfitGrowth,netIncomeGrowth,operatingIncomeGrowth,threeYNetIncomeGrowthPerShare,threeYRevenueGrowthPerShare,threeYShareholdersEquityGrowthPerShare,Industry,Sector,Symbol
2023Q1,2023,Q1,2023-05-11,2023-03-31,-2057610026580.0,0.0,-2282945.0,-176259.77,0.0,0.0,28897965.0,28321987.0,28444740.0,575978.0,575978.0,0.0,-146515710.0,47862317.599999994,19811014.599999994,2.426128790303293,49.385115403713336,0.0,0.0,-81841.02214338549,2.426128790303293,-72650.62393327134,0.0,-5.815280468810826e-06,1.6899350176242929,0.0,0.0,0.0,0.0,48.70203896676609,-71202.59252096125,-30.297476682960422,0.0,-705038.08,-60127.25105312363,0.0,-0.8558255788656387,0.0,-1189928.8436258447,-0.09382231834589766,-263796.89125878067,0.0,-0.5557906073608145,Electrical Equipment & Parts,Industrials,LTBR
2022Q4,2022,Q4,2023-03-30,2022-12-31,-1729186.0,0.0,-2087126.0,-0.25,0.0,0.0,29468486.0,29118155.0,29015261.0,350331.0,350331.0,0.0,-144489130.0,27368133.900000002,-1531863.0999999978,4.138741185784684,82.82241936911093,0.0,0.0,-0.06495500913290038,4.138741185784684,-0.0593851499176373,0.0,-3.9567943963228944,0.9398993136756089,0.0,0.0,0.0,0.0,82.4934048085953,-0.05867915983196422,-10.28998295664114,0.0,-0.47058823529411753,0.801902058090585,-1.0,0.14462441352302216,0.0,0.07115109011175069,0.01804163120397201,0.5094367813378392,0.0,-0.3131474969747147,Electrical Equipment & Parts,Industrials,LTBR
2022Q3,2022,Q3,2022-10-31,2022-09-30,-1861644.0,0.0,-2125473.0,-0.17,0.0,0.0,31698177.0,30507791.0,31590420.0,1190386.0,1190386.0,0.0,-142580974.0,50550595.919999994,19266094.919999994,2.7520056772458323,26.53796331610083,0.0,0.0,-0.06365572268267644,2.7520056772458323,-0.06102192059726645,0.0,-6.788434835016791,1.6569733259284487,0.0,0.0,0.0,0.0,26.280971886430116,-0.05873031751952171,-48.80691989966458,0.0,-0.21428571428571425,0.9125229777348938,-1.0,-0.5512467314534828,0.0,-0.27108687102624046,-0.3968129521791676,0.7706458474174022,0.0,-0.5845241869967874,Electrical Equipment & Parts,Industrials,LTBR
2022Q2,2022,Q2,2022-07-28,2022-06-30,-1464608.0,0.0,-1521659.0,-0.14,0.0,0.0,29785170.0,29302509.0,29677413.0,482661.0,482661.0,0.0,-140543444.0,49038289.08,19770215.08,2.784552530314339,61.48707477919285,0.0,0.0,-0.050614903070618875,2.784552530314339,-0.04998234110259978,0.0,-8.37054848123184,1.673518437619113,0.0,0.0,0.0,0.0,60.638986783684615,-0.049172390152549074,-43.22088731064863,0.0,0.3,0.9298018394470687,-1.0,-0.5999840999233901,0.0,0.28294033005323327,0.2562848725137144,0.8659433311409118,0.0,-0.6280080878145249,Electrical Equipment & Parts,Industrials,LTBR
2022Q1,2022,Q1,2022-05-12,2022-03-31,-2042519.0,0.0,-2046024.0,-0.2,0.0,0.0,28887223.0,28434397.0,28785640.0,452826.0,452826.0,0.0,-139040802.0,85865388.0,57638525.0,2.7651096731782077,63.56887634543953,0.0,0.0,-0.07170983749522078,2.7651096731782077,-0.07183268208571471,0.0,-10.509741647446118,3.0197717222559706,0.0,0.0,0.0,0.0,62.3348990561496,-0.07070665809586474,-44.40670806412658,0.0,0.411764705882353,0.9133365231866294,-1.0,-0.6981957919769358,0.0,0.11095755835742177,0.1116869110815975,0.8090116837357902,0.0,-0.6818159242218464,Electrical Equipment & Parts,Industrials,LTBR
2021Q4,2021,Q4,2022-03-31,2021-12-31,-2297437.0,0.0,-2303269.0,-0.34,0.0,0.0,24962648.0,24791127.0,24861065.0,171521.0,171521.0,0.0,-136991273.0,44782760.75,20035147.75,3.66750985478268,144.94472979984957,0.0,0.0,-0.0927500276888111,3.66750985478268,-0.09267174501586797,0.0,-4.873121738485103,1.8064027807206988,0.0,0.0,0.0,0.0,144.28328309653045,-0.09203498763432469,-19.965510903671234,0.0,-0.21428571428571425,0.9194745524453664,-1.0,-0.4974797674176574,0.0,-0.20338024244259104,-0.20350181784360588,0.6863578973588225,0.0,-0.590848226281297,Electrical Equipment & Parts,Industrials,LTBR
2021Q3,2021,Q3,2021-11-08,2021-09-30,-1909153.0,0.0,-1913806.0,-0.28,0.0,0.0,16592446.0,15484581.0,16490863.0,1107865.0,1107865.0,0.0,-134689948.0,32919553.94,16785901.94,2.2907330277756492,14.885263998772414,0.0,0.0,-0.12339381246522038,2.2907330277756492,-0.12329381079152223,0.0,-4.310753766198937,2.1259570368742944,0.0,0.0,0.0,0.0,14.662122189978021,-0.1150615768163416,-29.044418569975324,0.0,-0.16666666666666682,0.9206572254538121,-1.0,-0.8201040175994978,0.0,-0.1876882247879098,-0.18765262169553668,0.8320727033033964,0.0,-0.7897772924600621,Electrical Equipment & Parts,Industrials,LTBR
2021Q2,2021,Q2,2021-08-09,2021-06-30,-1607453.0,0.0,-1611419.0,-0.24,0.0,0.0,15130660.0,13916565.0,15030443.0,1214095.0,1214095.0,0.0,-132777693.0,48608709.71,34752727.71,2.1100145357057247,12.379956263719066,0.0,0.0,-0.11560128732160334,2.1100145357057247,-0.11550644860998385,0.0,-7.559895951856758,3.49286693303987,0.0,0.0,0.0,0.0,12.059173293687891,-0.10623812840946793,-35.59737191270101,0.0,0.2,0.9226908841725878,-1.0,-0.31892417675223467,0.0,0.18472761244748123,0.2135548667612498,0.8489785718614077,0.0,-0.84278765914682,Electrical Equipment & Parts,Industrials,LTBR
2021Q1,2021,Q1,2021-05-12,2021-03-31,-1971676.0,0.0,-2048991.0,-0.3,0.0,0.0,15959364.0,15325327.0,15873802.0,634037.0,634037.0,0.0,-131167596.0,42106214.879999995,26870063.879999995,2.32575736881339,25.036081490512384,0.0,0.0,-0.13102086574825955,2.32575736881339,-0.12865474257090892,0.0,-5.33888616588121,2.7474921011473357,0.0,0.0,0.0,0.0,24.030381507703808,-0.12354351965404135,-6.6882886576060345,0.0,0.9013157894736843,-1.1071818926306098,-1.0,4.023970077546921,0.0,0.8400035834699788,0.7057068982950746,0.8979258957326539,0.0,-0.8617902216535968,Electrical Equipment & Parts,Industrials,LTBR
2020Q4,2020,Q4,2021-03-25,2020-12-31,-12323251.0,0.0,-6962416.0,-3.04,0.0,0.0,21789687.0,17207557.0,21704125.0,4582130.0,4582130.0,0.0,-129155608.0,17146914.12,-4384750.879999999,4.2449600902299265,4.736689050725317,0.0,0.0,-0.7166067136200343,4.2449600902299265,-0.7161534318904188,0.0,-0.3478569518708984,0.9964757995571365,0.0,0.0,0.0,0.0,4.6990515328024305,-0.5655542918078631,-5.5888056838115805,0.0,-3.0533333333333332,0.7291570121451563,-1.0,1.9277436411166733,0.0,-3.0292906428390896,-1.2695831120768704,-1.450267651434733,-1.0,0.1740006769200392,Electrical Equipment & Parts,Industrials,LTBR
2020Q3,2020,Q3,2020-11-05,2020-09-30,-3058417.0,0.0,-3067707.0,-0.75,0.0,0.0,19400877.0,17585086.0,17575551.0,1815791.0,1815791.0,0.0,-121544000.0,16903695.48,-507203.51999999955,4.33809333034672,9.679280820314673,0.0,0.0,-0.1741848152496941,4.33809333034672,-0.1739210715261785,0.0,-1.3817356724083079,0.9612517948447905,0.0,0.0,0.0,0.0,9.588602983493145,-0.1576432343754357,-8.022297814662789,0.0,-0.2295081967213115,-1.2520988175239387,-1.0,0.7235426891407211,0.0,-0.44280673979098667,-0.43053790657993707,0.6069843116038326,-1.0,-0.2926128105952166,Electrical Equipment & Parts,Industrials,LTBR
2020Q2,2020,Q2,2020-08-11,2020-06-30,-2119769.0,0.0,-2144443.0,-0.61,0.0,0.0,19067471.0,18173533.0,17310965.0,893938.0,893938.0,0.0,-118480938.0,15654681.34,-1401631.6600000001,5.212444852614292,19.364838501104103,0.0,0.0,-0.11731536264553125,5.212444852614292,-0.11664044630177302,0.0,-1.846272086722657,0.8614000007593461,0.0,0.0,0.0,0.0,19.079973107754675,-0.11117200597813942,-9.899411170658446,0.0,0.08955223880597023,0.8763789564347265,-1.0,-0.5610605257122985,0.0,0.03716581584334616,0.07828489812725035,0.6933490115900445,-1.0,-0.25120435092570415,Electrical Equipment & Parts,Industrials,LTBR
2020Q1,2020,Q1,2020-05-14,2020-03-31,-2201593.0,0.0,-2326579.0,-0.67,0.0,0.0,18481912.0,17996219.0,16679005.0,485693.0,485693.0,0.0,-116348832.0,6491146.06,-9843206.940000001,5.4616782771947054,34.34063286891102,0.0,0.0,-0.1257131332166757,5.4616782771947054,-0.12233641966682002,0.0,-0.7370965092094679,0.3606949915423901,0.0,0.0,0.0,0.0,33.63102412429251,-0.11912149565477857,-3.2065952613012523,0.0,-0.3400000000000001,0.8140068297960951,-1.0,-0.6259784933437993,0.0,-0.33361581493114134,-0.28847302993265167,0.7084698038745185,-1.0,-0.4038726554267536,Electrical Equipment & Parts,Industrials,LTBR
2019Q4,2019,Q4,2020-03-18,2019-12-31,-1650845.0,0.0,-1805687.0,-0.5,0.0,0.0,20204844.0,19854545.0,18406360.0,350299.0,350299.0,0.0,-114084746.0,14827491.0,-3131498.0,6.025662231054465,52.544711803345145,0.0,0.0,-0.08687168491528179,6.025662231054465,-0.08314695703175268,0.0,-2.2454396082006487,0.7468058824818197,0.0,0.0,0.0,0.0,52.409481614278086,-0.0817054068816369,-5.652898658743899,0.0,0.3150684931506849,0.8440809675241179,-1.0,-0.6636741896397648,0.0,0.30056112890118897,0.2841920949374967,0.8812959162165814,-1.0,-0.17436699403455225,Electrical Equipment & Parts,Industrials,LTBR
2019Q3,2019,Q3,2019-11-05,2019-09-30,-2360242.0,0.0,-2522586.0,-0.73,0.0,0.0,23038272.0,21351654.0,21312419.0,1686618.0,1686618.0,0.0,-112356480.0,27928421.327999998,7346443.327999998,6.623744610674974,12.63618614292033,0.0,0.0,-0.11421668774489654,6.623744610674974,-0.11054141285728965,0.0,-2.9582158660001814,1.3080214454580428,0.0,0.0,0.0,0.0,12.578655036291561,-0.10244874268347903,-22.74744134078212,0.0,0.29807692307692313,0.7579966675151804,-1.0,-0.10475815394406687,0.0,0.25816321816031396,0.2650268121315244,0.7943066648417204,-1.0,-0.47982369422400106,Electrical Equipment & Parts,Industrials,LTBR
2019Q2,2019,Q2,2019-08-08,2019-06-30,-3181619.0,0.0,-3432215.0,-1.04,0.0,0.0,23408341.0,22939635.0,21637762.0,468706.0,468706.0,0.0,-109915066.0,23167884.599999998,2192200.5999999978,7.485519010225042,46.164892277888484,0.0,0.0,-0.14395039414948058,7.485519010225042,-0.13869527566589443,0.0,-1.8204477500291518,1.0099500101026018,0.0,0.0,0.0,0.0,45.834612742316075,-0.1359181754913772,-16.758315074963598,0.0,0.0,0.8424152821690291,-1.0,-0.1521864245088732,0.0,-0.06007817929927838,-0.06598870470608259,0.6706765823343198,-1.0,1.416194739919481,Electrical Equipment & Parts,Industrials,LTBR
2019Q1,2019,Q1,2019-05-10,2019-03-31,-3001306.0,0.0,-3219748.0,-1.04,0.0,0.0,25767283.0,25079366.0,24081101.0,687917.0,687917.0,0.0,-106608149.0,22643707.7867,-884533.2133000009,8.690283026942291,35.00582337694809,0.0,0.0,-0.12387441873991249,8.690283026942291,-0.1196723234550666,0.0,-1.8861545429473037,0.9028819861993321,0.0,0.0,0.0,0.0,34.72372684495368,-0.11647739499736934,-13.677544163381231,0.0,0.03703703703703707,0.8179301661998722,-1.0,-0.42709498090678544,0.0,0.040282596926851155,0.029834911381138092,-1.3725279475807606,-1.0,12.299182017552885,Electrical Equipment & Parts,Industrials,LTBR
2018Q4,2018,Q4,2019-03-29,2018-12-31,-3127281.0,0.0,-3318763.0,-1.08,0.0,0.0,26344714.0,25868395.0,24767293.0,476319.0,476319.0,0.0,-103497622.0,18873844.86,-5763450.140000001,8.963690469796518,51.997281233795,0.0,0.0,-0.12448309916342674,8.963690469796518,-0.120891961020388,0.0,-1.5088062809194314,0.729610200400914,0.0,0.0,0.0,0.0,51.92013755487394,-0.11870620421235167,-8.735897251229233,0.0,0.3571428571428571,0.7810122390830134,-1.0,-0.5657991326743192,0.0,0.24380548081742917,0.2270479858375949,0.903456690818557,-1.0,2.959030628681697,Electrical Equipment & Parts,Industrials,LTBR
2018Q3,2018,Q3,2018-11-09,2018-09-30,-4135551.0,0.0,-4293621.0,-1.68,0.0,0.0,28182891.0,26793767.0,25971122.0,1389124.0,1389124.0,0.0,-100274600.0,27470707.908,2142058.908,10.896696434853302,18.696042973845387,0.0,0.0,-0.15724193906214,10.896696434853302,-0.15434750179024845,0.0,-1.6606437635517008,1.0252648650710443,0.0,0.0,0.0,0.0,18.60879302351698,-0.14673977201274346,-13.015110740719333,0.0,-0.04347826086956511,0.7319992460838047,-1.0,-0.05061379160862538,0.0,-0.19643858863936914,-0.20018197192153683,-1.561971345481841,-1.0,3.329303232066727,Electrical Equipment & Parts,Industrials,LTBR
2018Q2,2018,Q2,2018-08-09,2018-06-30,-3456551.0,0.0,-3577475.0,-1.61,0.0,0.0,30152086.0,28746745.0,26230186.0,1405341.0,1405341.0,0.0,-96060014.0,25702248.0,-5120.0,13.42143068575169,18.664641535399593,0.0,0.0,-0.12230858067789142,13.42143068575169,-0.12024147429561155,0.0,-1.8589518858538467,0.8940924615986958,0.0,0.0,0.0,0.0,18.587890768148085,-0.11463720951180625,-18.18990725374117,0.0,0.45051194539249145,0.6882206982811152,-1.0,-0.233987269953461,0.0,0.26423956934224224,0.04920337170388199,0.6718632556239812,-1.0,0.1302173732232303,Electrical Equipment & Parts,Industrials,LTBR
2018Q1,2018,Q1,2018-05-09,2018-03-31,-4697930.0,0.0,-3762608.0,-2.93,0.0,0.0,28260324.0,26968547.0,22609159.0,1291777.0,1291777.0,0.0,-92543001.0,22500855.0,526993.0,16.827733874112784,17.502369991105276,0.0,0.0,-0.13882227886578816,16.827733874112784,-0.17420033789732906,0.0,-1.197381346678218,0.8343369407332177,0.0,0.0,0.0,0.0,17.388873621375826,-0.16623765530784432,-11.558151731704912,0.0,-1.3629032258064517,0.5162791769138677,-1.0,-0.24051271460735393,-1.0,-1.3626993714462168,-1.0168591181928603,0.18400077785437752,-1.0,0.15238101875858162,Electrical Equipment & Parts,Industrials,LTBR
2017Q4,2017,Q4,2018-03-14,2017-12-31,-1988374.0,10400.0,-1865578.0,-1.24,2336.0,0.2246153846,6945993.0,5794783.0,5087033.0,1151210.0,1151210.0,0.0,-87821514.0,23462430.0,18947032.0,3.61580719132673,4.418857549882298,0.0,0.0,-0.3219403120074597,3.61580719132673,-0.3431317445364218,2256.0028846153846,-2.949951819929249,4.048888457082862,0.0,0.0,0.0,0.0014972661216330048,3.931340068275988,-0.28626202185922156,-16.029819481660535,0.2246153846153846,0.35416666666666663,-0.1954707612010168,-0.9984014674708844,-0.8688812747384431,-0.5952875952875953,-0.14700870478157285,-0.1639943646435038,0.613887243427119,-0.9954707092607752,-0.7981816376195188,Electrical Equipment & Parts,Industrials,LTBR
2017Q3,2017,Q3,2017-11-14,2017-09-30,-1733530.0,15136.0,-1602738.0,-1.92,5772.0,0.3813424947,6866124.0,5537731.0,4932334.0,1328393.0,1328393.0,0.0,-85833136.0,11919666.0,7705280.0,6.132558512965044,3.713008123349039,0.0,0.0,-0.28941842033196,6.132558512965044,-0.31303976303652165,787.5043604651163,-1.718987557181012,2.152445830250693,0.0,0.0,0.0,0.0022044460601061094,3.1839387891986783,-0.2524757781828583,-10.56083503814677,0.38134249471458775,0.03030303030303033,0.6318815634608445,-0.9940882480554244,-0.7973643042083165,-0.42992592592592593,-0.05855377250189297,-0.06366367601998661,0.36549658633772714,-0.984657737922603,-0.17114512607493199,Electrical Equipment & Parts,Industrials,LTBR
2017Q2,2017,Q2,2017-08-08,2017-06-30,-1637640.0,14425.0,-1506809.0,-1.98,10125.0,0.7019064125,6752107.0,5749768.0,4739593.0,1002339.0,1002339.0,0.0,-84099587.0,17147448.6,13155288.600000001,6.961104620543956,4.728532961403277,0.0,0.0,-0.26206063231879584,6.961104620543956,-0.2848184483269586,1188.7312720970538,-2.617707279988276,2.9822853026417766,0.0,0.0,0.0,0.0021363701730437623,3.9937077176484204,-0.2425376256626265,-11.947476651923449,0.7019064124783362,0.13537117903930132,0.6447980727767636,-0.9962937230730137,-0.8030100902392505,-0.7979928973305136,0.061679218558770815,0.07131789730074871,0.6990621667416724,-0.9874381429899821,-0.21158185696281495,Electrical Equipment & Parts,Industrials,LTBR
2017Q1,2017,Q1,2017-05-09,2017-03-31,-1745288.0,135485.0,-1622524.0,-2.29,50122.0,0.3699450124,8135956.0,6976793.0,6072920.0,1159163.0,1159163.0,0.0,-82461925.0,12153508.08,6938473.08,9.16193213902072,5.239056112039463,0.0,0.0,-0.23255748121208855,9.16193213902072,-0.2501561964071458,89.7037168690261,-1.740902945531053,1.7419906366721787,0.0,0.0,0.0,0.016652622015163307,4.574549912307415,-0.2145154177333309,-10.273655198997783,0.3699450123629922,0.457345971563981,0.01297460508207522,-0.9706840993377923,-0.7738021628430226,-0.5278235720812804,0.4569837171778267,0.4715409897361587,0.5987558741166729,-0.8242787963435135,-0.396001615739867,Electrical Equipment & Parts,Industrials,LTBR
2016Q4,2016,Q4,2017-03-23,2016-12-31,-3214062.0,388435.0,-3070293.0,-4.22,106151.0,0.2732786695,6802375.0,5557590.0,4659424.0,1216321.0,1244785.0,0.0,-80716617.0,10417292.64,6832415.640000001,7.298233219259933,3.8307519149961236,0.0,0.0,-0.5531927706711484,7.298233219259933,-0.5783193794432478,26.81862509815027,-0.8102902682026669,1.8744262603034767,0.0,0.0,0.0,0.05710285010749922,3.266663158820739,-0.47249115198735736,-4.946708226016001,0.27327866953286906,-0.18539325842696622,0.4975847279745088,-0.8731548246003856,-0.828903004141912,1.7010432569974554,-1.255393472256529,-1.035060008656465,0.1470549512924141,-0.7703276230926712,-0.6464738263301841,Electrical Equipment & Parts,Industrials,LTBR
2016Q3,2016,Q3,2016-11-10,2016-09-30,-1425056.0,83219.0,-1508699.0,-3.56,39300.0,0.4722479242,6264676.0,5097727.0,4037664.0,979082.0,1166949.0,0.0,-77506867.0,8358994.8,5172306.8,12.733653065557595,4.12392833286691,0.004370058403658865,0.005370432743848386,-0.27901240198236116,12.733653065557595,-0.27954733550855115,100.4457491678583,-1.4664326875575415,1.6397494020374177,0.0,0.0,0.0,0.013283847400887132,3.3677301799032153,-0.22747481274370773,-5.255219890758754,0.47224792415193645,-0.1301587301587302,0.34049788640799666,-0.9740776187782165,-0.7470150030433349,-0.34760956175298807,-0.26945847474990425,-0.025042803565604958,0.4327820979892783,-0.742828611310675,0.10943299881361528,Electrical Equipment & Parts,Industrials,LTBR
2016Q2,2016,Q2,2016-08-11,2016-06-30,-1122570.0,122377.0,-1471840.0,-3.15,60240.0,0.4922493606,2826845.0,1103170.0,1778327.0,1412020.0,1723675.0,0.0,-76003352.0,9827918.4,8411855.4,3.0980611316430955,1.2594205464511834,0.024067821192884645,0.06167317820462848,-1.0875071744740463,3.0980611316430955,-1.017585684889908,80.30854163772605,-2.1887094791416124,8.908797737429408,0.0,0.0,0.0,0.043291018785961026,1.1004058016175409,-0.3971105596521918,-8.830535865589287,0.4922493605824624,-2.129032258064516,0.4409552735008933,-0.969111628537832,-0.9425358807886621,-0.38731298501845995,-2.227351447801729,0.07083037149361315,0.3909469160822609,-0.8908503362794163,-0.8231817217652988,Electrical Equipment & Parts,Industrials,LTBR
2016Q1,2016,Q1,2016-05-05,2016-03-31,914628.0,166546.0,-1584038.0,2.79,98321.0,0.5903534159,2719376.0,-251978.0,1707183.0,1760000.0,2971354.0,0.0,-74706146.0,11008166.4,10365115.4,-0.7691072693087198,0.9699903409090909,0.03979368796370932,-0.4294581272968275,-30.109097665815167,-0.7691072693087198,-3.629793077173404,66.09685252122537,3.008919035935922,-43.687013945661924,0.0,0.0,0.0,0.06124419719818076,0.5141386363636363,0.33633745388647984,-7.997377643715238,0.5903534158730921,1.2486631016042782,1.3507404144107091,-0.9336787893061081,-1.0133178059075378,7.175702644270746,1.2487176990972362,0.4354214634494066,1.4606689480857271,-0.7942619336766884,-1.0347121719723433,Electrical Equipment & Parts,Industrials,LTBR
2015Q4,2015,Q4,2016-03-15,2015-12-31,-3677374.0,254311.0,-2805700.0,-11.22,12026.0,0.0472885561,2207436.0,-1499068.0,1256842.0,1182371.0,3706504.0,0.0,-74371441.0,19657440.0,19034256.0,-4.575574438991039,1.0629844608841048,0.0,0.0,2.123277299494344,-4.575574438991039,2.453106863731332,77.29685306573448,-1.3363775346211726,-13.113107610862215,0.0,0.0,0.0,0.11520651108344704,0.6452974573970437,-1.6659028846136423,-16.819977136911568,0.047288556137957065,-4.752508361204013,-0.06686336609360224,-0.8639673765420768,-1.0717785975482277,-0.89561579390499,-5.057447256895138,-1.2358509135216504,-9.815208315368325,-0.8087904896065132,-1.1659224223069633,Electrical Equipment & Parts,Industrials,LTBR
2015Q3,2015,Q3,2015-11-23,2015-09-30,906327.0,234163.0,-1254869.0,2.99,115209.0,0.4920034335,3262134.0,762222.0,2368947.0,608346.0,2499912.0,0.0,-71129904.0,15081133.2,13405460.2,2.5169630886888528,3.894078369875038,0.0,0.0,8.562029224593276,2.5169630886888528,1.1890590930201437,64.40442426856505,4.159959153815344,19.78574903374607,0.0,0.0,0.0,0.07178215241924459,3.1737004928116566,0.2778325476513227,-19.0260758765467,0.4920034335057204,1.6077235772357723,1.357804537277417,-0.9264402386189049,-0.9670863840122736,4.1204,1.6114659092442418,0.15270063510197687,1.573887343735831,-0.7272850920084277,-0.9168329881108861,Electrical Equipment & Parts,Industrials,LTBR
2015Q2,2015,Q2,2015-08-19,2015-06-30,-1482220.0,298162.0,-1481022.0,-4.92,22500.0,0.0754623326,4031485.0,3578914.0,3147710.0,452571.0,452571.0,0.0,-78455447.0,20252736.0,17881470.0,11.875087928860575,6.955173884318704,0.0,0.0,-0.4139861303826053,11.875087928860575,-0.4141535672553182,67.92527552136087,-3.415946350744154,5.658905466853912,0.0,0.0,0.0,0.07395835529587733,5.785633635385387,-0.367661047976118,-26.718543330303444,0.07546233255746876,-0.37047353760445684,0.5794015311190727,-0.9134800701957052,-0.4295184644516939,-0.6616744857452184,-0.36903123551046574,-0.37389908810078204,0.11889578888230547,-0.7900421731237051,-0.6639509636727147,Electrical Equipment & Parts,Industrials,LTBR
2015Q1,2015,Q1,2015-05-07,2015-03-31,-1082678.0,123895.0,-1077970.0,-3.59,66504.0,0.5367771096,4987610.0,4400925.0,4134748.0,586685.0,586685.0,0.0,-76975178.0,22422672.0,19251142.0,14.602578140553454,7.047645670163717,0.0,0.0,-0.2454754104399972,14.602578140553454,-0.24601146349915073,180.9812502522297,-5.177594815817815,5.094990712179826,0.0,0.0,0.0,0.024840554895029884,5.948529449363798,-0.21707350815320364,-21.38476254965261,0.5367771096492998,-0.11838006230529592,0.638505617537991,-0.9709608992993082,-0.48998716839117173,-0.6031341564571858,-0.11797700598703463,-0.11709282491414312,-0.5470874906094386,-0.9322639068116461,-0.6394787101466134,Electrical Equipment & Parts,Industrials,LTBR
2014Q4,2014,Q4,2015-03-25,2014-12-31,-968426.0,431803.0,-964978.0,-3.21,167573.0,0.3880774335,6053236.0,5399568.0,5219676.0,653668.0,653668.0,0.0,-75894854.0,28028340.0,23808115.0,17.916145729643638,7.985209617114498,0.0,0.0,-0.17903264213869566,17.916145729643638,-0.17935249634785597,64.9100168363814,-7.235539938002491,5.190848601221432,0.0,0.0,0.0,0.07133424171798357,7.173842072734171,-0.15998484116594827,-30.68092032887341,0.3880774334592395,-0.059405940594059466,0.7402214015777994,-0.886126543331028,-0.38954628827434407,0.20472044688239144,-0.2708919232813433,-0.2686745926672881,0.6175018302925401,-0.6437165968404751,-0.5799807131939555,Electrical Equipment & Parts,Industrials,LTBR
2014Q3,2014,Q3,2014-11-19,2014-09-30,-762005.0,275158.0,-760619.0,-3.03,139097.0,0.5055168303,2252837.0,1863433.0,1451390.0,389404.0,389404.0,0.0,-74928152.0,34755990.0,34315153.0,7.398832661650553,3.7272087600538257,0.0,0.0,-0.4085531216751079,7.398832661650553,-0.4089253544398967,126.31284571046453,-11.402809036686111,18.6515909077493,0.0,0.0,0.0,0.12213844144072562,1.5283612905876673,-0.33824240280144546,-40.77776487193295,0.5055168303302103,0.5402124430955995,0.7760679987047323,-0.9081137085414982,-0.7860969961671874,0.17722183196932895,0.5394362664361848,0.5406088381366072,0.43944908569726804,-0.8637590924279661,-0.8530041890764695,Electrical Equipment & Parts,Industrials,LTBR
2014Q2,2014,Q2,2014-08-05,2014-06-30,-1654505.0,349131.0,-1655711.0,-6.59,118157.0,0.3384317062,3072126.0,2217278.0,2307412.0,854848.0,854848.0,0.0,-74166840.0,41737806.0,40749852.0,8.82920399792936,2.699207344463577,0.0,0.0,-0.7464592984330395,8.82920399792936,-0.7461874424406862,119.54769413200202,-6.306690822934955,18.823893981719927,0.0,0.0,0.0,0.1136447528519338,1.6525838511641835,-0.5385537572352176,-35.11087425961709,0.33843170615041346,-0.1541155866900175,0.1719887683135638,-0.9320430801736139,-0.78720144839683,-0.08472830086370502,-0.15414423376076186,-0.15436063333588973,-0.1683018664039379,-0.8750496478331291,-0.8362322725345486,Electrical Equipment & Parts,Industrials,LTBR
2014Q1,2014,Q1,2014-05-08,2014-03-31,-1433534.0,254107.0,-1434310.0,-5.71,129095.0,0.5080340172,4443626.0,3806884.0,3718038.0,636742.0,636742.0,0.0,-72511732.0,40506235.2,38329163.2,15.168802397118357,5.839159345543407,0.0,0.0,-0.37666550780439345,15.168802397118357,-0.37656361475684574,159.4062154918991,-7.064052055967978,10.640259908103321,0.0,0.0,0.0,0.05718460554511113,4.241867192677725,-0.3226045576292874,-27.08313121061014,0.508034017165997,-0.1535353535353535,0.37371826097679345,-0.9423630811770992,-0.6398372536685754,-0.42959336517601104,-0.15431733431892866,-0.15351270841576672,0.2823599385635561,-0.8679032214188,-0.7373381136337587,Electrical Equipment & Parts,Industrials,LTBR
2013Q4,2013,Q4,2014-03-27,2013-12-31,-1241889.0,557390.0,-1243428.0,-4.95,226321.0,0.4060370656,5657639.0,5181011.0,4958471.0,476628.0,476628.0,0.0,-71077810.0,21834216.0,18161339.0,20.64411000605655,10.403230611713957,0.0,0.0,-0.23979906171389495,20.64411000605655,-0.23970012802520588,39.172242056728685,-4.395363836864647,4.214277097655264,0.0,0.0,0.0,0.0985198949597173,8.632568795790428,-0.21950658216263003,-33.34812199115369,0.40603706560935793,0.21178343949044587,0.5696274484892494,-0.9494057508399083,-0.5265678668300605,4.605334852387557,0.05438747842295501,0.0596191369322221,0.529660838688724,-0.610780617205887,-0.6761488019430342,Electrical Equipment & Parts,Industrials,LTBR
2013Q3,2013,Q3,2013-11-07,2013-09-30,-1313317.0,169156.0,-1322260.0,-6.28,40376.0,0.2386909125,2684284.0,2401945.0,2009860.0,282339.0,282339.0,0.0,-69834895.0,22475812.8,22113215.8,11.477622424404602,7.1186056478205275,0.0,0.0,-0.5480077722255703,11.477622424404602,-0.5467723032792174,132.8703256165906,-4.27844397049608,9.357338656796887,0.0,0.0,0.0,0.06301717702001726,3.5644030757351977,-0.48926156844804797,-17.509640899795503,0.23869091253044528,-0.21235521235521246,-2.225168701085421,-0.9800574101755205,-0.7503500805627552,-0.8622708123688834,-0.21254034670468058,-0.3299604711278301,0.24971891199912605,-0.9231041408975111,-0.8499103707056115,Electrical Equipment & Parts,Industrials,LTBR
2013Q2,2013,Q2,2013-08-01,2013-06-30,-1083112.0,658859.0,-994210.0,-5.18,293155.0,0.4449434553,4089262.0,3666320.0,3410481.0,422942.0,422942.0,0.0,-68515615.0,21343602.0,20757586.0,17.521158799718997,8.063708499037693,0.0,0.0,-0.28687145561622746,17.521158799718997,-0.2954221126361038,32.39479463739586,-4.926453127654389,5.821532763097602,0.0,0.0,0.0,0.16111929242978318,5.519158655323898,-0.2648673525932063,-21.74353076129245,0.4449434552764704,0.1452145214521452,0.13666841713769287,-0.8782613168626772,-0.37326345787739407,0.2657104739371279,0.14408674886166617,0.23134313357114913,0.5573349112425505,-0.7246384899039475,-0.1582801208269886,Electrical Equipment & Parts,Industrials,LTBR
2013Q1,2013,Q1,2013-05-08,2013-03-31,-1265446.0,515950.0,-1293438.0,-6.06,231613.0,0.4489059017,5020293.0,4626674.0,4374238.0,393619.0,393619.0,0.0,-67491771.0,22677417.599999998,21594469.599999998,22.156702551528618,11.11287310825951,0.0,0.0,-0.27661534936774107,22.156702551528618,-0.27351094976650614,43.952742707626705,-4.480123529569812,4.901451366575643,0.0,0.0,0.0,0.10277288596502236,7.910636935717026,-0.2520661642657112,-20.68482748367053,0.4489059017346642,-4.826923076923077,-0.2778330451504481,-0.8923981508769281,-0.10104818474230846,-0.29551233696710144,-4.8391904612488235,-0.7354269475684074,0.3901872302766528,-0.8254629401773299,-0.22615017028826045,Electrical Equipment & Parts,Industrials,LTBR
2012Q4,2012,Q4,2013-03-01,2012-12-31,-216716.0,847703.0,-745314.0,-1.04,328768.0,0.3878339466,6143656.0,5758433.0,5525839.0,385223.0,385223.0,0.0,-66212849.0,17665833.599999998,15468278.599999998,27.576588958700484,14.344519927418665,0.0,0.0,-0.040188023509490085,27.576588958700484,-0.03763454398097538,20.839649735815488,-20.37901400911792,3.0678195960602475,0.0,0.0,0.0,0.1379802189445503,11.41563977228774,-0.03527476147753064,-12.979266920925351,0.3878339465591133,0.800383877159309,0.9632667587480911,0.0,0.2723809618368683,0.48804200235358014,0.800752066343652,0.4692886764722637,0.9160967930033971,-0.6773503301683397,-0.060387689372389745,Electrical Equipment & Parts,Industrials,LTBR
2012Q3,2012,Q3,2012-11-09,2012-09-30,-1087670.0,591355.0,-1404368.0,-5.21,220940.0,0.3736165248,7406388.0,6312033.0,6742619.0,1094355.0,1094355.0,0.0,-65514891.0,25027920.0,24458460.0,30.263959609907655,6.161272164882511,0.0,0.0,-0.19396203839863385,30.263959609907655,-0.17231690645470327,42.32300394855882,-5.75264556345215,3.9651123496977916,0.0,0.0,0.0,0.07984391311932348,5.046684119869695,-0.14685566027596716,-33.972691992881835,0.3736165247609304,0.06630824372759858,0.6266158698420675,0.0,-0.20438804586246487,-0.40804209668949404,0.06404301201107655,-0.009351302361651251,0.6140219963284597,-0.7615353996424129,-0.1250576726802165,Electrical Equipment & Parts,Industrials,LTBR
2012Q2,2012,Q2,2012-08-03,2012-06-30,-1162094.0,981016.0,-1391357.0,-5.58,373236.0,0.3804586266,8287387.0,7357063.0,7579297.0,930324.0,930324.0,0.0,-64267243.0,25233234.0,24405748.0,35.337366411297104,8.146943430460786,0.0,0.0,-0.16713628536305386,35.337366411297104,-0.15795623878713558,25.721531555040897,-5.428397788819149,3.4297971894491046,0.0,0.0,0.0,0.11837458537896203,6.956396911183631,-0.14022441572959005,-17.055428784630315,0.38045862656674306,-1.4051724137931036,0.6236453433167852,0.0,-0.21626457091079804,-0.23491501242220747,-1.4153229661591158,-0.45808784847322565,0.29848380067861713,-0.7696704465107435,-0.14831049417840242,Electrical Equipment & Parts,Industrials,LTBR
2012Q1,2012,Q1,2012-05-10,2012-03-31,-481134.0,1257521.0,-954234.0,-2.32,487836.0,0.3879346746,9804875.0,8392564.0,9119099.0,1412311.0,1412311.0,0.0,-62952308.0,39795408.18,37829516.18,40.50406606081958,6.456863254623096,0.0,0.0,-0.06867868239056968,40.50406606081958,-0.05732860660937468,31.645919376296696,-20.67792349948247,4.7417461672023,0.0,0.0,0.0,0.12825466923341705,5.79823282548957,-0.04907089585537806,-25.847098834992696,0.3879346746495685,0.7238095238095238,0.8629060601631331,0.0,2.8501355598815876,0.3634397062029413,0.7235940687513321,0.5364247290279986,0.7454048596673113,-0.654520975926632,-0.03828560171463844,Electrical Equipment & Parts,Industrials,LTBR
2011Q4,2011,Q4,2012-02-22,2011-12-31,-1740679.0,833243.0,-2058423.0,-8.4,357798.0,0.4294041474,10518787.0,8838354.0,9814712.0,1680433.0,1680433.0,0.0,-62155774.0,25361647.200000003,21792549.200000003,42.65553104926087,5.840585134902731,0.0,0.0,-0.21341796051747394,42.65553104926087,-0.19694606031847106,30.437276040722818,-3.642493417798457,2.869498913485475,0.0,0.0,0.0,0.07921474215610602,5.351675431272773,-0.16548286413633054,-45.76989345114345,0.4294041474095792,-0.5555555555555555,0.7026590681792402,0.0,0.9681217900228134,-0.555239268440333,-0.5649450594896673,-0.6799667993170518,0.26936110952431325,-0.9083914589117655,-0.0217791394144132,Electrical Equipment & Parts,Industrials,LTBR
2011Q3,2011,Q3,2011-11-09,2011-09-30,-1112294.0,1652538.0,-1225276.0,-5.4,804473.0,0.4868105907,11727426.0,10372553.0,11070112.0,1354873.0,1354873.0,0.0,-60256223.0,31776919.2,22492335.2,50.33362934063161,8.170590158634795,0.0,0.0,-0.11241732049556831,50.33362934063161,-0.10723435204428457,19.22916096331824,-7.142203230440871,3.063558142339692,0.0,0.0,0.0,0.1409122513329012,7.4708699634578295,-0.09484553558470546,-49.26302806311488,0.4868105907398196,-0.26463700234192056,0.7860308106818122,0.0,3.3391443652109927,0.12211598144854761,0.042720228033998546,0.05943420631441904,-2.053730694589998,-0.802153070917992,0.09480744750362943,Electrical Equipment & Parts,Industrials,LTBR
2011Q2,2011,Q2,2011-08-09,2011-06-30,-1161932.0,2292549.0,-1302701.0,-4.27,716925.0,0.3127195973,13164015.0,11108605.0,12561560.0,2055410.0,2055410.0,0.0,-59087438.0,44382523.800000004,43088191.800000004,53.912966459108844,6.111461946764879,0.0,0.0,-0.08885494118952153,53.912966459108844,-0.10459747195980053,19.359465730067278,-9.549294580061485,3.995328288295425,0.0,0.0,0.0,0.17415271860446832,5.447932529276398,-0.08826577605692489,-26.05556235249915,0.3127195972692405,0.38649425287356326,0.8435342497423404,0.0,6.406248326997873,0.4779673246405195,0.29095969522907555,0.2520739187174286,0.05944061707071401,-0.5698142797039248,0.9284812471818827,Electrical Equipment & Parts,Industrials,LTBR
2011Q1,2011,Q1,2011-05-10,2011-03-31,-1638739.0,1578094.0,-1741751.0,-6.96,485075.0,0.3073802955,14725519.0,11889978.0,14139472.0,2835541.0,2835541.0,0.0,-57925506.0,71277733.2,68263372.2,57.7502987089943,4.98651650602125,0.0,0.0,-0.12807224895014377,57.7502987089943,-0.1378252339911815,45.166975604748515,-10.873869054193499,5.994774187134745,0.0,0.0,0.0,0.10716729237183423,4.370606878898947,-0.11128565315762386,-54.465780678093026,0.30738029547035856,0.338403041825095,0.8856349021926578,0.0,9.802081622466686,0.8796256829542373,0.24346385314120994,0.22339987248025897,-0.6783295581367845,-0.666203373856195,1.3430713904918439,Electrical Equipment & Parts,Industrials,LTBR
2010Q4,2010,Q4,2011-02-22,2010-12-31,-2166108.0,1174825.0,-2242790.0,-10.52,258070.0,0.2196667589,15310812.0,13124340.0,14740885.0,2186472.0,2186472.0,0.0,-56286767.0,66212937.6,63839516.6,63.74566507679007,6.741858573995002,0.0,0.0,-0.16791565534396738,63.74566507679007,-0.16504509941071321,56.35983027259379,-7.641924779373882,5.04504893960382,0.0,0.0,0.0,0.07673172396081933,6.323127394268027,-0.14147571010603488,-94.3276799070014,0.219666758878982,-0.2583732057416268,0.9242172304637434,0.0,78.8298380193188,-0.6752116529633931,-0.3276039598134828,-0.3113154374345158,0.6276208661164011,0.0,1.941218392340253,Electrical Equipment & Parts,Industrials,LTBR
2010Q3,2010,Q3,2010-11-10,2010-09-30,-1631592.0,2050456.0,-1710336.0,-8.36,794579.0,0.3875133141,16551782.0,14916893.0,16062392.0,1634889.0,1634889.0,0.0,-54082318.0,69052656.0,65483130.0,76.47178874625764,9.824759968413758,0.0,0.0,-0.1119560420090798,76.47178874625764,-0.1093788096488994,33.67673141974273,-10.580564258711737,4.629158096126318,0.0,0.0,0.0,0.12388128359834609,9.340168048106019,-0.09857500539821029,-47.42578613544503,0.38751331411159273,0.2848588537211292,0.6878365367871528,0.0,11.603232134513908,0.13610776294097546,0.18691036883732495,0.14589834591512496,0.40112434492883126,0.0,1.0103737272000826,Electrical Equipment & Parts,Industrials,LTBR
2010Q2,2010,Q2,2010-07-22,2010-06-30,-2006657.0,1962295.0,-2002497.0,-11.69,699387.0,0.3564127718,5331853.0,3572217.0,4862508.0,1759636.0,1759636.0,0.0,-52410629.0,84432120.0,81354669.0,20.815902336693664,2.763360149485462,0.0,0.0,-0.5614349105393678,20.815902336693664,-0.5617399502885743,43.02723086997623,-10.519002500178157,23.63577576614187,0.0,0.0,0.0,0.3680324645109308,2.392601083405886,-0.37635264888210535,118.69880249791231,0.3564127717799821,-0.17605633802816903,0.5150304310788621,0.0,5.487743560183165,-0.21737451910272793,-0.19149399816643628,-0.18958050665215603,0.21158135986649593,0.0,-0.5383311829227883,Electrical Equipment & Parts,Industrials,LTBR
2010Q1,2010,Q1,2010-05-13,2010-03-31,-1684152.0,2399132.0,-1683364.0,-9.94,893642.0,0.3724855489,6428004.0,4852286.0,5975064.0,1575718.0,1575718.0,0.0,-50407044.0,82871808.0,80871674.0,28.631785781722055,3.7919627750650813,0.0,0.0,-0.3470030224524797,28.631785781722055,-0.3470842402941624,34.54241283931022,-12.301711484474087,17.078920739626643,0.0,0.0,0.0,0.3732312549898849,2.949364670581919,-0.26200232607198126,-80.56311093007679,0.37248554894020003,0.19644300727566694,0.7255720320267558,0.0,5.631500480525243,0.07517186781878864,0.19659470859389572,0.18587058189686442,0.41327907251153523,0.0,2.3078362290376964,Electrical Equipment & Parts,Industrials,LTBR
2009Q4,2009,Q4,2010-03-16,2009-12-31,-2096267.0,2132292.0,-2067686.0,-12.37,831162.0,0.3897974574,7136038.0,4973817.0,6676148.0,2162221.0,2162221.0,0.0,-48723286.0,60908236.8,57879445.8,29.348901293429,3.087634427748135,0.0,0.0,-0.41957488679717114,29.348901293429,-0.42146041963345254,28.564679134002283,-7.263893005995897,12.245773577918126,0.0,0.0,0.0,0.2988061442497924,2.5205004483815485,-0.2937578247201038,-68.21899345231029,0.3897974573838855,0.08438193930421914,-15.795879051780556,0.0,1.7758295848373717,0.15439807998933328,0.08200994946442804,0.09755836755465336,0.5621950272604453,0.0,0.35415526962070826,Electrical Equipment & Parts,Industrials,LTBR
2009Q3,2009,Q3,2009-11-12,2009-09-30,-2283540.0,2009548.0,-2291213.0,-13.51,719996.0,0.3582875353,7927391.0,5846068.0,7458859.0,2081323.0,2081323.0,0.0,-46646308.0,81632796.0,77760750.0,34.589662272501364,3.583710457242821,0.0,0.0,-0.391344003163798,34.589662272501364,-0.3906112621337966,40.62246634566579,-8.937088467905095,13.963709624999229,0.0,0.0,0.0,0.2534942454585626,2.8549951160872196,-0.2880569408018351,-78.70026666358162,0.358287535306447,-0.6972361809045226,-14.560882098809055,0.0,1.9325206786141356,-0.5329671862219365,-0.7114963169933954,-0.6846497893832079,0.4643881892218897,0.0,2.6074782339202076,Electrical Equipment & Parts,Industrials,LTBR
2009Q2,2009,Q2,2009-08-10,2009-06-30,-1334236.0,3430485.0,-1360053.0,-7.96,1541639.0,0.4493938904,10595482.0,6957485.0,10126599.0,3637997.0,3637997.0,0.0,-44359385.0,60367320.0,55456603.0,41.49090269370911,2.7835644174527907,0.0,0.0,-0.1936353897178805,41.49090269370911,-0.19176987086569355,17.597313499403146,-11.31121480757527,8.676600811931323,0.0,0.0,0.0,0.32376865913226033,2.421440149620794,-0.12592499331318763,112.76107860937395,0.44939389036827154,0.12719298245614027,-7.011576287682551,0.0,2.145386298437308,0.28949717072273085,0.12709967687465368,0.10578776042094716,0.7792309801377897,0.0,5.160596939951875,Electrical Equipment & Parts,Industrials,LTBR
2009Q1,2009,Q1,2009-05-12,2009-03-31,-1528509.0,2944053.0,-1520951.0,-9.12,1195535.0,0.406084741,10600889.0,7058308.0,10141670.0,3542581.0,3542581.0,0.0,-43012435.0,69382260.0,65006899.0,42.1165224655409,2.8627912812720444,0.0,0.0,-0.2163398085634002,42.1165224655409,-0.21655459070360772,23.566919481408792,-11.348029354096049,9.829871408275185,0.0,0.0,0.0,0.27771755746145443,2.4543046439869687,-0.14418686961065247,-57.584230170066306,0.40608474100160563,0.2069565217391305,-10.4278645038632,0.0,2.190200390279966,-0.21083256542207834,0.20676835125554052,0.3645616169482433,0.8689519896514103,0.0,6.877814028628898,Electrical Equipment & Parts,Industrials,LTBR
2008Q4,2008,Q4,2009-03-26,2008-12-31,-1926939.0,7356780.0,-2393546.0,-11.5,1514932.0,0.2059232436,12446777.0,7307798.0,11982363.0,5138979.0,5138979.0,0.0,-41489974.0,42232680.0,36652436.0,43.605215108300015,2.33166218425878,0.0,0.0,-0.32802442269217147,43.605215108300015,-0.26368257579095644,5.740647402803944,-5.479244542769647,5.779125257704168,0.0,0.0,0.0,0.591059034800736,2.128447693598281,-0.15481429449567546,-6.749396260627467,0.20592324359298497,-3.24609375,-7.1684159743026035,0.0,2.2607042479488078,-0.6898294927450626,-3.2600685900338022,-3.9597818694431735,0.9171796525117418,0.0,53.6075918213391,Electrical Equipment & Parts,Industrials,LTBR
2008Q3,2008,Q3,2008-11-13,2008-09-30,852602.0,6746500.0,808690.0,5.12,4884191.0,0.7239592381,13932635.0,7652517.0,11235583.0,6280118.0,6280118.0,0.0,-39563035.0,44941500.0,34581432.0,45.97486933012917,1.7890719569281979,0.0,0.0,0.1088421522208874,45.97486933012917,0.11141458424724833,6.661454087304528,13.177748820668963,5.872773624677999,0.0,0.0,0.0,0.48422283365637586,1.7706668887431734,0.06119459815031399,7.7229037630113435,0.7239592381234714,1.8533333333333335,5.008496691955048,0.0,2.3639108009819183,0.9042140589753047,1.855056010750855,2.323189897360296,1.191165790152785,0.0,7.374667310043271,Electrical Equipment & Parts,Industrials,LTBR
2008Q2,2008,Q2,2008-08-13,2008-06-30,-997130.0,4301500.0,-611167.0,-6.0,2564938.0,0.5962892014,7462128.0,4649448.0,5401728.0,2812680.0,2812680.0,0.0,-40415637.0,71846784.0,66661187.0,27.956178748376544,1.920491488544733,0.0,0.0,-0.13159599171045164,27.956178748376544,-0.21446201785674343,16.702727885621297,-18.01339444204868,15.452755681964828,0.0,0.0,0.0,0.5764441456914167,1.8436498286331897,-0.13362542159555557,454.88770703540496,0.5962892014413577,-0.2658227848101265,-2.888042812708154,0.0,1.7310898508381027,0.18356935307257877,-0.26549778852316497,0.27791240198064954,0.7513364487843871,0.0,7.027130561820459,Electrical Equipment & Parts,Industrials,LTBR
2008Q1,2008,Q1,2008-05-13,2008-03-31,-787935.0,3815125.0,-846389.0,-4.74,2167121.0,0.5680340749,7233978.0,4094995.0,6986389.0,3138983.0,3138983.0,0.0,-39418507.0,83736576.0,79030999.0,24.647263819337443,2.225685516614776,0.0,0.0,-0.21510463341072902,24.647263819337443,-0.1924141543518368,21.948579928573768,-26.568364141712195,20.448517275356867,0.0,0.0,0.0,0.5273896326474866,2.135246352082824,-0.10892139843389073,-25.80693931176421,0.5680340748992497,0.8322123893805309,0.5140262826907211,0.0,1.6198250453773428,0.0,0.8321436491700331,-1.0432157401286952,0.8690363503476225,0.0,4.986961033208318,Electrical Equipment & Parts,Industrials,LTBR
2007Q4,2007,Q4,2008-03-27,2007-12-31,-4694103.0,0.0,19585202.0,-28.25,0.0,0.0,10733957.0,3600875.0,10483357.0,7127300.0,7133082.0,0.0,-38630572.0,113642496.0,103745238.0,21.67321720916795,1.47087354257573,0.000971962157105716,0.0028973513382164057,-1.3256821663688678,21.67321720916795,-1.303600652619155,0.0,-6.052407456760109,31.559689242198075,0.0,0.0,0.0,0.0,1.3901043873556607,-0.43731337846797785,32.847547543930894,0.0,-1.1848414539829855,-22.167197254155354,0.0,1.6155355544762657,0.0,-1.0426497119726934,9.218944376973932,-37.36383800458164,0.0,1.572925130701354,Electrical Equipment & Parts,Industrials,LTBR
2007Q3,2007,Q3,2007-10-25,2007-09-30,-2298046.0,0.0,-2382934.0,-12.93,0.0,0.0,6792723.0,6258718.0,6557722.0,527101.0,534005.0,0.0,-34721636.0,59232960.0,52774155.0,38.038593377741044,12.441110906638386,0.0016910744041822403,0.001835359893192184,-0.3519640281238924,38.038593377741044,-0.3671751946644664,0.0,-6.44383967944941,9.4640723547538,0.0,0.0,0.0,0.0,12.27524136740397,-0.3383099826093306,-49.08400710327677,0.0,0.12811867835468646,-21.547512107548865,0.0,2.1190847657365928,0.0,0.06022265488737824,0.06592597209303055,-15.085735098934352,0.0,2.02550220440684,Electrical Equipment & Parts,Industrials,LTBR
2007Q2,2007,Q2,2007-08-09,2007-06-30,-2445309.0,0.0,-2551119.0,-14.83,0.0,0.0,8018694.0,7434038.0,7781622.0,576515.0,584656.0,0.0,-32423591.0,83098008.0,75435711.0,45.08838710068718,13.497692167593211,0.0015785612968894935,0.0017027085414414078,-0.33228647242694986,45.08838710068718,-0.32893415395509146,0.0,-8.495655150330695,11.178044556672969,0.0,0.0,0.0,0.0,13.312671829874331,-0.3049510306790607,-61.54715024678703,0.0,0.04691516709511571,-4.827702255349517,0.0,2.3511100106435885,0.0,0.11956680239346755,0.11725344717037736,-13.933389153303487,0.0,2.244697450547269,Electrical Equipment & Parts,Industrials,LTBR
2007Q1,2007,Q1,2007-05-10,2007-03-31,-2777393.0,0.0,-2889979.0,-15.56,0.0,0.0,9413098.0,-3589886.0,9172862.0,952315.0,13002984.0,0.0,-29955382.0,91499724.0,82487274.0,-21.892485577333545,9.632172127919858,0.001460199394503276,-0.0038288123912569925,0.7426103440288403,-21.892485577333545,0.7736716430549605,0.0,-8.23611602679203,-25.488197675357934,0.0,0.0,0.0,0.0,9.478161112657052,-0.29505620784995545,-48.15387181979556,0.0,0.0,-2.732066306616332,0.0,0.629214785734692,0.0,0.0,0.0,-20.22251917572796,0.0,0.3813248731620731,Electrical Equipment & Parts,Industrials,LTBR
