Quarters,Year,Quarter,FillingDate,Date,NetIncome,Revenue,OperatingIncome,EPSDiluted,GrossProfit,GrossProfitRatio,TotalAssets,CommonStockEquity,CurrentAssets,CurrentLiability,TotalLiability,Inventory,RetainedEarnings,MarketCap,EnterpriseValue,bookValuePerShare,currentRatio,debtToAssets,debtToEquity,roic,shareholdersEquityPerShare,roe,priceToSalesRatio,peRatio,pbRatio,payoutRatio,inventoryTurnover,dividendYield,assetTurnover,quickRatio,returnOnAssets,priceToFreeCashFlowsRatio,grossProfitMargin,epsdilutedGrowth,fiveYNetIncomeGrowthPerShare,fiveYRevenueGrowthPerShare,fiveYShareholdersEquityGrowthPerShare,grossProfitGrowth,netIncomeGrowth,operatingIncomeGrowth,threeYNetIncomeGrowthPerShare,threeYRevenueGrowthPerShare,threeYShareholdersEquityGrowthPerShare,Industry,Sector,Symbol
2023Q1,2023,Q1,2023-05-05,2023-03-31,932000.0,102603000.0,4014000.0,0.07,41281000.0,0.4023371636,393367000.0,185235000.0,155224000.0,111362000.0,208132000.0,0.0,4583000.0,207214920.0,307848920.0,13.963138851198552,1.393868644600492,0.3012123538578478,0.6396577320700731,0.006916909053053909,13.963138851198552,0.005031446540880503,2.0195795444577644,55.58340128755365,1.1186596485545388,0.0,0.0,0.0,0.2608327592299303,1.3450997647312368,0.0023692887303713834,15.01122283396117,0.40233716363069305,3.1671826625386994,-0.7208623932155616,0.24000696465221544,0.6216560877378816,-0.04235970955993226,3.192941176470588,-0.12701174423662462,1.099170050846547,-0.16037954064039464,-0.0063143982063762205,Engineering & Construction,Industrials,WLDN
2022Q4,2022,Q4,2023-03-10,2022-12-30,-425000.0,113256000.0,4598000.0,-0.0323,43107000.0,0.3806155965,409674000.0,181502000.0,173974000.0,127169000.0,228172000.0,10679000.0,3651000.0,234513300.00000003,349092300.0,13.815040340995585,1.368053535059645,0.3011784980252591,0.6797996716289628,-0.0028212206350384816,13.815040340995585,-0.0023415719936970393,2.0706479126933677,-137.949,1.2920700598340515,0.0,6.568873490027156,0.0,0.2764539609543198,1.2333273046104003,-0.0010374102335027364,102.09547235524599,0.38061559652468746,-4.23,-1.0854345569893777,0.16742942260947113,0.6990161003639054,0.1488460103406002,-6.592105263157895,307.53333333333336,-1.1147365985389897,-0.24350229502252502,-0.062055900042522885,Engineering & Construction,Industrials,WLDN
2022Q3,2022,Q3,2022-11-04,2022-09-30,76000.0,121399000.0,-15000.0,0.01,37522000.0,0.3090799759,395111000.0,180211000.0,154121000.0,110506000.0,214900000.0,0.0,4076000.0,194159100.0,311026100.0,13.74607170099161,1.3946844515229941,0.3181004831553665,0.6974324541787127,2.440431267019467e-06,13.74607170099161,0.0004217278634489571,1.5993467820986993,638.68125,1.0773987159496368,0.0,0.0,0.0,0.30725289855255866,1.3504244113441803,0.00019235101022244382,35.64514411602717,0.3090799759470836,1.0303030303030303,-0.9824640694205912,0.1714763192365421,0.806488219748254,0.1877809433364989,1.0175681923254738,0.9971687429218573,-0.8436872909698998,-0.11595688084018822,-0.005426745166947964,Engineering & Construction,Industrials,WLDN
2022Q2,2022,Q2,2022-08-05,2022-07-01,-4326000.0,102645000.0,-5298000.0,-0.33,31590000.0,0.3077597545,381883000.0,176810000.0,138384000.0,97505000.0,205073000.0,0.0,4000000.0,340498560.0,464522560.0,13.584050399508298,1.419250294856674,0.3399863308919224,0.734319325829987,-0.011815719518540404,13.584050399508298,-0.024466941915050052,3.3172444834137074,-19.6774479889043,1.9257879079237599,0.0,0.0,0.0,0.26878651314669677,1.3693656735552022,-0.011328076924084078,175.15358024691358,0.3077597544936431,-0.10000000000000009,-1.863313575042534,-0.055534327850217266,0.9812088561178904,0.007334183673469388,-0.14656771799628943,0.05527817403708987,-3.24951092089286,-0.16150711996279676,0.022084117502403723,Engineering & Construction,Industrials,WLDN
2022Q1,2022,Q1,2022-05-06,2022-04-01,-3773000.0,91838000.0,-5608000.0,-0.3,31360000.0,0.3414708508,372737000.0,179538000.0,128861000.0,81746000.0,193199000.0,0.0,8326000.0,401608260.0,528050260.0,14.041764429845143,1.576358476255719,0.35975231865900087,0.7468780982299011,-0.010372625715379957,14.041764429845143,-0.021015049738773963,4.373007469674862,-26.610671879141268,2.2368983724893896,0.0,0.0,0.0,0.2463882040151635,1.5179213661830548,-0.010122418756388554,-40.7434574414122,0.341470850846055,-3.2674253200568986,-1.9252657544492204,-0.129786875464226,1.1265906699747186,-0.09700826398686976,-3.2393258426966294,-5.4899919935948756,-6.765707096453292,-0.14129674472150922,0.07014405359334829,Engineering & Construction,Industrials,WLDN
2021Q4,2021,Q4,2022-03-11,2021-12-31,-890000.0,92218000.0,1249000.0,-0.0703,34729000.0,0.3765967599,394422000.0,179221000.0,148959000.0,117207000.0,215201000.0,0.0,12099000.0,445632000.00000006,552645000.0,14.15647709320695,1.2709053213545265,0.2997652260776529,0.6597106365883463,-0.007349234935393956,14.15647709320695,-0.004965935911528225,4.832375458153506,-125.17752808988764,2.486494328231625,0.0,0.0,0.0,0.2338054165335605,1.2284846468214357,-0.0022564664242866778,56.32355915065724,0.37659675985165586,-2.171666666666667,-1.3734107817639756,0.057144819020069446,1.3634777053324796,-0.0891231935373882,-2.0595238095238093,-0.13444213444213443,-1.6240968229477015,-0.10150438486495915,0.046069754227782436,Engineering & Construction,Industrials,WLDN
2021Q3,2021,Q3,2021-11-05,2021-10-01,840000.0,98297000.0,1443000.0,0.06,38127000.0,0.38787552010742954,386906000.0,177614000.0,142522000.0,107246000.0,209292000.0,0.0,12989000.0,432511860.0,548133860.0,14.08963985403776,1.328926020550883,0.31125648090233804,0.6780265069194996,0.00634295193862238,14.08963985403776,0.004729356920062607,4.400051476647303,128.7237678571429,2.435122569166845,0.0,0.0,0.0,0.25405912547233694,1.2940902224791602,0.002171069975653001,-154.46852142857142,0.38787552010742954,1.162162162162162,-0.7751409235708809,0.10437709295748247,1.4551003147579795,0.23444278961341708,1.1825690067376657,1.2040441176470589,-0.8220116666482185,-0.03395213075788976,0.45235057774202136,Engineering & Construction,Industrials,WLDN
2021Q2,2021,Q2,2021-08-06,2021-06-30,-4601000.0,84154000.0,-7072000.0,-0.37,30886000.0,0.36701761057109583,380487000.0,170813000.0,142799000.0,103580000.0,209674000.0,0.0,12149000.0,467526440.0,582877440.0,13.751952338781097,1.3786348715968333,0.32790870647354575,0.7304186449509112,-0.012495839017936312,13.751952338781097,-0.026935888954587765,5.555605675309551,-25.40352314714193,2.7370659141868594,0.0,0.0,0.0,0.22117444222798677,1.3385016412434834,-0.012092397374943165,-57.53463450652227,0.36701761057109583,-0.1935483870967742,-1.9529923663004736,-0.05662332214685462,1.5226256782381864,-0.038777542636623925,-0.2217206585236325,-0.6882310814036763,-1.9828728969804095,-0.003992419428881516,0.5127078781941691,Engineering & Construction,Industrials,WLDN
2021Q1,2021,Q1,2021-05-07,2021-04-02,-3766000.0,79086000.0,-4189000.0,-0.31,32132000.0,0.40629188478365325,384850000.0,171631000.0,144800000.0,103017000.0,213219000.0,0.0,16750000.0,516854849.99999994,621435850.0,14.129496995142834,1.4055932515992506,0.33767701701961805,0.7571767338068298,-0.009376540381529285,14.129496995142834,-0.021942422988853995,6.535352021849631,-34.310598114710565,3.0114306273342226,0.0,0.0,0.0,0.20549824606989736,1.3604647776580565,-0.009785630765233208,119.69774201018988,0.40629188478365325,0.060606060606060656,-3.2996688830227976,0.5350111801229572,1.7361763573941558,-0.06869167004811315,0.05779334500875657,0.26740118922700246,-2.2318383356612617,0.043841687383404396,0.6409766502379718,Engineering & Construction,Industrials,WLDN
2020Q4,2020,Q4,2021-03-17,2021-01-01,-3997000.0,96897000.0,-5718000.0,-0.33,34502000.0,0.35606881534000023,410323000.0,169164000.0,163203000.0,123969000.0,241159000.0,0.0,20516000.0,500858700.00000006,607604700.0,14.084089584547499,1.31648234639305,0.32937710047937846,0.7989347615331868,-0.011894065314667818,14.084089584547499,-0.023627958667328745,5.168980463791449,-31.327164123092324,2.9607877562601974,0.0,0.0,0.0,0.23614810771026729,1.2716001581040421,-0.009741106396667991,26.294555858882827,0.35606881534000023,-2.5714285714285716,-7.907776643340095,1.0187581893806914,1.9534054296818022,-0.004443674976915974,-2.5140151515151516,-4.571517801374141,-1.8788785811587607,0.09252111002485508,0.7321046028439848,Engineering & Construction,Industrials,WLDN
2020Q3,2020,Q3,2020-11-06,2020-10-02,2640000.0,104508000.0,1601000.0,0.21,34656000.0,0.33161097715007465,398456000.0,169376000.0,137483000.0,105555000.0,229080000.0,0.0,24513000.0,322584800.0,449994800.0,14.124082721814544,1.3024773814599024,0.3479631377115667,0.8185811449083695,0.012099408551033078,14.124082721814544,0.01558662384281126,3.086699582807058,30.54780303030303,1.904548460230493,0.0,0.0,0.0,0.2622824101029976,1.257988726256454,0.006625574718413074,-95.32647754137116,0.33161097715007465,1.4883720930232558,1.2132913843670714,1.0445774588488053,2.0263691910745107,0.17303005686433795,1.5295887662988967,1.4168185368393647,-0.3340674794977664,0.1025010534215703,0.8561658637257971,Engineering & Construction,Industrials,WLDN
2020Q2,2020,Q2,2020-08-07,2020-07-03,-4985000.0,83549000.0,-3841000.0,-0.43,29544000.0,0.35361284994434405,393368000.0,161396000.0,131461000.0,104733000.0,231972000.0,0.0,21873000.0,288428580.0,414243580.0,13.81578496832734,1.2552013214555107,0.36346372862052834,0.8858645815261841,-0.011471636982323358,13.81578496832734,-0.03088676299288706,3.4522086440292523,-14.464823470411234,1.7870862970581676,0.0,0.0,0.0,0.2123939923938907,1.208568455023727,-0.012672611905391389,24.063789420991156,0.35361284994434405,0.39436619718309857,-3.084079543611061,0.5216817580047419,2.028032427368287,-0.037372519631162227,0.3886436104979151,0.5354940137864312,-2.1084281724557457,-0.14345541730021313,1.0150069182945125,Engineering & Construction,Industrials,WLDN
2020Q1,2020,Q1,2020-05-08,2020-04-03,-8154000.0,106026000.0,-8269000.0,-0.71,30691000.0,0.2894667345745383,412803000.0,161737000.0,146334000.0,115989000.0,251066000.0,0.0,26858000.0,215352100.0,353469100.0,14.051867940920939,1.2616196363448258,0.364389309186222,0.9300345622832129,-0.020526668198931286,14.051867940920939,-0.050415180199954245,2.03112538433969,-6.602652072602404,1.3314955761514062,0.0,0.0,0.0,0.25684406363325846,1.2134340325375683,-0.019752763424684412,15.060640604238058,0.2894667345745383,-3.6296296296296293,-4.679557982153079,1.1481935466043736,2.2377671976632376,-0.2898396464354305,-3.546533416614616,-2.495568818954603,-3.2213130442191584,0.11602767800452915,1.1281208218651824,Engineering & Construction,Industrials,WLDN
2019Q4,2019,Q4,2020-03-06,2019-12-27,3202000.0,129416000.0,5529000.0,0.27,43217000.0,0.3339386165543673,439913000.0,167278000.0,175473000.0,131978000.0,272635000.0,0.0,35012000.0,354451970.0,503877970.0,14.729065774412257,1.3295625028413827,0.35206506741105625,0.925871901863963,0.011632440806390866,14.729065774412257,0.01914178792190246,2.7388574055758177,27.67426374141162,2.1189395497315844,0.0,0.0,0.0,0.2941854412122397,1.2821758171816515,0.007278711927131047,152.0600471900472,0.3339386165543673,5.75,0.06950130590969551,1.9263556537383608,2.7606022338575995,0.24645246885094602,6.697115384615385,3.2694980694980695,0.49757387186009533,0.6537765860573849,1.45907356392387,Engineering & Construction,Industrials,WLDN
2019Q3,2019,Q3,2019-11-01,2019-09-27,416000.0,117494000.0,1295000.0,0.04,34672000.0,0.29509591979164895,362612000.0,155031000.0,148387000.0,100645000.0,207581000.0,0.0,31810000.0,393043680.0,511004680.0,13.821075153784435,1.474360375577525,0.3253091458638986,0.7608865323709452,0.04681737123311005,13.821075153784435,0.002683334300881759,3.345223415663779,236.2041346153846,2.535258625694216,0.0,0.0,0.0,0.32402126791170727,1.4264990809280143,0.0011472317518449473,-63.15983930580106,0.29509591979164895,-0.7142857142857143,-0.9330908811056585,1.789693752367588,2.6907659070667242,0.11310154419082474,-0.7463414634146341,-0.5329967544175983,-0.8748516724969289,0.4835199762087288,1.4083032860932712,Engineering & Construction,Industrials,WLDN
2019Q2,2019,Q2,2019-08-02,2019-06-28,1640000.0,104396000.0,2773000.0,0.14,31149000.0,0.29837350090041764,341392000.0,147525000.0,143655000.0,92502000.0,193867000.0,0.0,31394000.0,413475000.0,500312000.0,13.29054054054054,1.5529934487902963,0.33521289309649904,0.7757261481104898,0.010509492900305707,13.29054054054054,0.011116759871208269,3.960640254415878,63.0297256097561,2.802745297407219,0.0,0.0,0.0,0.3057950977175798,1.4973946509264664,0.004803861836246895,1300.2358490566037,0.29837350090041764,4.5,-0.42204327941253456,1.5822898983521898,3.165599454105761,0.20104106419895892,4.932853717026379,12.850427350427351,-0.6198853398853399,0.30956727379387317,1.4379853870410417,Engineering & Construction,Industrials,WLDN
2019Q1,2019,Q1,2019-05-06,2019-03-29,-417000.0,91793000.0,-234000.0,-0.04,25935000.0,0.28253788415238634,320364000.0,143994000.0,121588000.0,88789000.0,176370000.0,0.0,29754000.0,406806180.0,493542180.0,13.121377802077639,1.3694038675962112,0.30526838221523017,0.6791741322555106,-0.00028349458049984017,13.121377802077639,-0.0028959539980832534,4.431777804407743,-243.88859712230217,2.825160631692987,0.0,0.0,0.0,0.2865272003096478,1.3138902341506267,-0.0013016443795182979,47.53519280205656,0.28253788415238634,-1.3636363636363635,-1.2137474611612238,1.727358945810235,3.484744090285939,-0.038304657371699795,-1.347210657785179,-1.1393686718284692,-1.281854597796174,0.9720847375140864,1.540954128149301,Engineering & Construction,Industrials,WLDN
2018Q4,2018,Q4,2019-03-08,2018-12-28,1201000.0,86438000.0,1679000.0,0.11,26968000.0,0.31199241074527406,301836000.0,144289000.0,136094000.0,91310000.0,157547000.0,0.0,30171000.0,362508000.0,419504000.0,13.533014443819171,1.4904610666958713,0.2393849640201964,0.5007658241445987,0.00838336018253823,13.533014443819171,0.008323572829529625,4.193849927115389,75.45961698584513,2.5123744706803706,0.0,0.0,0.0,0.2863740574351635,1.4275435330193844,0.003978981963715395,-67.30560712959524,0.31199241074527406,-0.6857142857142857,0.18861697962901564,1.6697661801474968,3.9524418859610355,0.15677947926049843,-0.6372697070371489,-0.6582536128638307,1.3382321871081757,1.0287062570396088,1.8378460743525526,Engineering & Construction,Industrials,WLDN
2018Q3,2018,Q3,2018-11-02,2018-09-28,3311000.0,71386000.0,4913000.0,0.35,23313000.0,0.32657663967724765,140609000.0,85798000.0,84022000.0,50020000.0,54811000.0,0.0,28970000.0,300342240.0,284070240.0,9.701266395296246,1.6797680927628948,0.002908775398445334,0.004767010886034639,0.038265136515016604,9.701266395296246,0.0385906431385347,4.20729891015045,22.677607973421928,3.5005739061516588,0.0,0.0,0.0,0.5076915417931995,1.6088164734106358,0.02354756807885697,41.05279387643521,0.32657663967724765,-0.027777777777777804,2.2720291062502214,1.8062335133046439,2.663739064096535,0.006519298851567222,-0.0012066365007541479,0.16837098692033295,2.7638883587179195,0.8936947076154649,1.0786917148102881,Engineering & Construction,Industrials,WLDN
2018Q2,2018,Q2,2018-08-03,2018-06-29,3315000.0,59833000.0,4205000.0,0.36,23162000.0,0.38711079170357493,138155000.0,79964000.0,80550000.0,48846000.0,58191000.0,0.0,25659000.0,272412120.0,263616120.0,9.090950432014552,1.6490603120009826,0.01758170171184539,0.03037616927617428,0.0402264903566833,9.090950432014552,0.04145615526987144,4.552874166429897,20.543900452488685,3.406684508028613,0.0,0.0,0.0,0.4330860265643661,1.5826884494124391,0.023994788462234448,26.183402537485584,0.38711079170357493,0.5,3.0278606753069583,1.440343781849957,2.6010213072565316,0.18609176566980745,0.5047662278710849,1.130192502532928,0.8406221418315782,0.4472892558003716,0.9924812644989032,Engineering & Construction,Industrials,WLDN
2018Q1,2018,Q1,2018-05-04,2018-03-30,2203000.0,54595000.0,1974000.0,0.24,19528000.0,0.35768843300668557,127982000.0,75367000.0,73497000.0,41729000.0,52615000.0,0.0,22344000.0,248147550.0,245815550.0,8.610419284816635,1.7612931055141507,0.023604881936522323,0.040083856329693364,0.02810331246789101,8.610419284816635,0.02923029973330503,4.545243154134994,28.160184975034042,3.2925225894622314,0.0,0.0,0.0,0.4265834257942523,1.6830501569651801,0.01721335812848682,-36.115201571823604,0.35768843300668557,-0.3333333333333333,3.626843299268393,1.1393744530249703,2.5408098589521786,-0.022329027736056873,-0.3303951367781155,-0.3406813627254509,0.3072475485710204,0.45456219505926587,0.983973464290836,Engineering & Construction,Industrials,WLDN
2017Q4,2017,Q4,2018-03-09,2017-12-29,3290000.0,64161000.0,2994000.0,0.36,19974000.0,0.311310609248609,138172000.0,70652000.0,83190000.0,56358000.0,67520000.0,0.0,19588000.0,208014660.0,196922660.0,8.131200368281736,1.4760992228255083,0.0241148713198043,0.04716073147256978,0.043922094178354104,8.131200368281736,0.0465662684708147,3.2420732220507786,15.806585106382979,2.9442147426824437,0.0,0.0,0.0,0.46435602003300236,1.4093828737712482,0.023810902353588282,23.95930200414651,0.311310609248609,0.16129032258064513,8.257739670848197,1.3603452346365927,2.4374015734739514,-0.014700078926598263,0.13998613998613998,-0.28424575663399476,0.4363150731658032,0.8962870843640567,1.0760454693620385,Engineering & Construction,Industrials,WLDN
2017Q3,2017,Q3,2017-11-03,2017-09-29,2886000.0,69007000.0,4183000.0,0.31,20272000.0,0.29376729896966974,130852000.0,66429000.0,73484000.0,50265000.0,64423000.0,0.0,16298000.0,283375800.0,281032800.0,7.6092783505154635,1.461931761663185,0.02491364289426222,0.04907495220460943,0.041176147601622214,7.6092783505154635,0.04344488100076774,4.106479052849711,24.547453222453225,4.265844736485572,0.0,0.0,0.0,0.527366796074955,1.4056102655923606,0.0220554519609941,-51.90032967032967,0.29376729896966974,-0.13888888888888887,2.072710759463271,1.68352980040808,2.2734574884745125,0.07892916067912076,-0.1286231884057971,-0.08327854481700636,-0.40358194360825567,1.1052150400709124,1.0319739818340774,Engineering & Construction,Industrials,WLDN
2017Q2,2017,Q2,2017-08-04,2017-06-30,3312000.0,71833000.0,4563000.0,0.36,18789000.0,0.2615650188631966,121662000.0,58986000.0,88898000.0,56031000.0,62676000.0,0.0,13412000.0,262821650.0,240711650.0,6.856445426014181,1.5865859970373544,0.034628725485361084,0.0714237276641915,0.052375681637550395,6.856445426014181,0.05614891669209643,3.6587870477357205,19.83859073067633,4.455661512901367,0.0,0.0,0.0,0.5904308658414296,1.5304385072549125,0.02722296197662376,34.40073952879581,0.2615650188631966,0.2,1.1654814756222842,1.5947877520290221,2.105231024927103,0.06423109600679694,0.25407042786823175,1.3233197556008147,0.5059649151246949,1.2925467360098193,1.1489874874983075,Engineering & Construction,Industrials,WLDN
2017Q1,2017,Q1,2017-05-05,2017-03-31,2641000.0,68351000.0,1964000.0,0.3,17655000.0,0.25829907389796786,116024000.0,54679000.0,83247000.0,55360000.0,61345000.0,0.0,10100000.0,267145059.99999997,252935059.99999997,6.602946504045405,1.503739161849711,0.04507688064538371,0.09564915232539001,0.04366231717283709,6.602946504045405,0.048300078640794455,3.9084294304399347,25.288248769405524,4.885697617001043,0.0,0.0,0.0,0.589110873612356,1.4466582369942196,0.022762531889953804,-135.53782851344494,0.25829907389796786,0.6666666666666666,2.647956338021057,1.3629489835083752,0.4583648771923008,-0.023452624592068146,0.6832377310388783,-0.26961695797694313,0.7939712650196085,1.6912855472382429,1.256815233824224,Engineering & Construction,Industrials,WLDN
2016Q4,2016,Q4,2017-03-10,2016-12-30,1569000.0,57425000.0,2689000.0,0.18,18079000.0,0.3148280365694384,108347000.0,49918000.0,75241000.0,51052000.0,58429000.0,0.0,7459000.0,188265060.0,172187060.0,5.9896808255339575,1.4738110162187574,0.06082309616325325,0.13201650707159743,0.027937589448749772,5.9896808255339575,0.031431547738290794,3.278451197213757,29.99761950286807,3.7714864377579227,0.0,0.0,0.0,0.5300100602693198,1.4228629632531538,0.01448125005768503,41.150832786885246,0.3148280365694384,-0.3571428571428572,2.762053490149543,0.6742738765261908,0.2734599743086952,0.12257063023905619,-0.3627132412672624,-0.11922698984605307,0.9865845254490909,1.269105578667944,1.1919392997810658,Engineering & Construction,Industrials,WLDN
2016Q3,2016,Q3,2016-11-03,2016-09-30,2462000.0,58660000.0,3053000.0,0.28,16105000.0,0.27454824411864986,106798000.0,47679000.0,73139000.0,50946000.0,59119000.0,0.0,5890000.0,145805400.0,134296400.0,5.738926336061628,1.435618105444981,0.06627464933800259,0.14845110006501813,0.045218133609260816,5.738926336061628,0.05163698903081021,2.485601772928742,14.805584890333062,3.058063298307431,0.0,0.0,0.0,0.5492612221202644,1.3881757154634318,0.023052866158542296,15.99444931987714,0.27454824411864986,-0.24324324324324317,-0.0053075529749005475,0.7937370508285408,0.19102061012565258,-0.09770855510112611,-0.22821316614420062,-0.22981836528758828,1.589991102643247,1.4547375379399703,1.1673385459857086,Engineering & Construction,Industrials,WLDN
2016Q2,2016,Q2,2016-08-04,2016-07-01,3190000.0,58941000.0,3964000.0,0.37,17849000.0,0.3028282519807943,102424000.0,44740000.0,68811000.0,51009000.0,57684000.0,0.0,3428000.0,87732830.0,85279830.0,5.451443889362739,1.3489972357819209,0.07825314379442318,0.17914617791685292,0.06064734885279593,5.451443889362739,0.07130084935181046,1.488485604248316,6.875613636363636,1.9609483683504692,0.0,0.0,0.0,0.5754608294930875,1.303907153639554,0.031145044130281966,10.789918829172304,0.3028282519807943,1.846153846153846,2.837744284993149,1.0191497665275027,0.20775211579879707,0.30781066822977726,1.9591836734693877,1.1566920565832426,3.1541519434628977,1.5764903489595472,1.1593743962982395,Engineering & Construction,Industrials,WLDN
2016Q1,2016,Q1,2016-05-06,2016-04-01,1078000.0,33915000.0,1838000.0,0.13,13648000.0,0.40241780922895476,93382000.0,41291000.0,59649000.0,42756000.0,52091000.0,0.0,238000.0,83798080.0,88342080.0,5.163956978489245,1.3951024417625597,0.10047974984472383,0.22724080308057445,0.021587938174656436,5.163956978489245,0.026107384175728367,2.470826477959605,19.43369202226345,2.0294514543120776,0.0,0.0,0.0,0.3631856246385813,1.3408878286088501,0.011543980638666981,-44.4788110403397,0.40241780922895476,1.5999999999999999,4.359316256066177,0.3523474482382339,0.1713283089131141,0.04230945471208187,1.8368421052631578,3.030701754385965,1.4784102577604594,0.4548221328340109,1.123542324225969,Engineering & Construction,Industrials,WLDN
2015Q4,2015,Q4,2016-03-16,2016-01-01,380000.0,31522000.0,456000.0,0.05,13094000.0,0.4153924243385572,72345000.0,37616000.0,50515000.0,28016000.0,34729000.0,0.0,-840000.0,66101440.00000001,55437440.00000001,4.768762677484787,1.8030768132495716,0.08048932199875596,0.15480114844746917,0.006654015026830335,4.768762677484787,0.010102084219481071,2.096993845568175,43.48778947368421,1.7572692471288816,0.0,0.0,0.0,0.43571774137811875,1.7287621359223302,0.005252609026193932,27.1575349219392,0.4153924243385572,-0.5,0.23869815717923276,0.4581533145804547,0.07512897750271103,0.04251592356687898,-0.5140664961636828,-0.7221206581352834,0.17786511156186613,0.27738280362252865,1.0159572496888314,Engineering & Construction,Industrials,WLDN
2015Q3,2015,Q3,2015-11-13,2015-10-02,782000.0,33511000.0,1641000.0,0.1,12560000.0,0.3748023037211662,77001000.0,36692000.0,51273000.0,34621000.0,40309000.0,0.0,-1220000.0,78855860.0,68386860.0,4.667005850928517,1.4809797521735364,0.07179127543798132,0.15065954431483702,0.0213090100875487,4.667005850928517,0.021312547694320286,2.35313359792307,25.209673913043474,2.1491295105200043,0.0,0.0,0.0,0.43520214023194503,1.431818838277346,0.010155712263477099,53.137371967654985,0.3748023037211662,-0.5,-0.08663144832110248,0.48955552536543717,0.06116309506406317,-0.09497045683816112,-0.5118601747815231,-0.41476462196861624,-0.07548638408997392,0.44704443406312155,1.0077127616761994,Engineering & Construction,Industrials,WLDN
2015Q2,2015,Q2,2015-08-13,2015-07-03,1602000.0,36773000.0,2804000.0,0.2,13878000.0,0.37739645935876864,79228000.0,35698000.0,53218000.0,37514000.0,43530000.0,0.0,-2002000.0,86376960.0,77387960.0,4.562627811860941,1.418617049634803,0.07711920028272833,0.17115804806991988,0.03905304701901981,4.562627811860941,0.04487646366743235,2.3489233948821147,13.479550561797751,2.4196582441593364,0.0,0.0,0.0,0.4641414651385874,1.3792983952657674,0.020220124198515675,18.97977587343441,0.37739645935876864,0.11111111111111122,0.17660652803651722,0.6682125394210512,0.06596976446069237,0.028685790527018012,0.07157190635451505,0.06656523392925066,1.0880121539322205,0.46058883900301767,1.066378794882652,Engineering & Construction,Industrials,WLDN
2015Q1,2015,Q1,2015-05-14,2015-04-03,1495000.0,33297000.0,2629000.0,0.18,13491000.0,0.405171637084422,71587000.0,33700000.0,47212000.0,31024000.0,37887000.0,0.0,-3610000.0,103196850.0,97756850.0,4.339987121699935,1.5217895822588963,0.09274030201014151,0.19700296735905046,0.036484548722533254,4.339987121699935,0.0443620178041543,3.099283719253987,17.256998327759195,3.0622210682492583,0.0,0.0,0.0,0.4651263497562407,1.4466542031975245,0.020883679997764956,-36.311347642505275,0.405171637084422,-0.28,2.547572506143475,0.8271993708770743,0.0577583675272854,0.08930157448526443,-0.2696629213483146,0.09313929313929314,1.9948550689253737,0.22759723930670783,-0.0414453938288987,Engineering & Construction,Industrials,WLDN
2014Q4,2014,Q4,2015-03-31,2015-01-02,2047000.0,30237000.0,2405000.0,0.25,12385000.0,0.4095975129807851,54659000.0,30413000.0,48182000.0,23776000.0,24246000.0,0.0,-5099000.0,112592500.0,93206500.0,3.916677398583387,2.0264973082099598,0.018020819993047804,0.03238746588629862,0.06370093128727862,3.916677398583387,0.06730674382665308,3.7236663690180904,13.75091597459697,3.7021175155361195,0.0,0.0,0.0,0.5531934356647579,1.9321164199192462,0.037450374137836404,17.252911431198285,0.4095975129807851,-0.5283018867924528,1.5692432314330622,0.9566223108149724,-0.028397127108980867,0.05692097627581499,-0.5080509492910358,-0.09279517163334591,3.467323090758952,-0.05381462020538579,-0.16727918487529597,Engineering & Construction,Industrials,WLDN
2014Q3,2014,Q3,2014-11-06,2014-09-26,4161000.0,28187000.0,2651000.0,0.53,11718000.0,0.4157235605066165,50320000.0,28112000.0,43783000.0,21952000.0,22208000.0,0.0,-7146000.0,103746740.0,90855740.0,3.744771546556547,1.994487973760933,0.009598569157392687,0.017181274900398405,0.1406571990291771,3.744771546556547,0.1480150825270347,3.6806591691205166,6.2332816630617645,3.690478799089357,0.0,0.0,0.0,0.5601550079491256,1.9318513119533527,0.08269077901430842,68.03064918032787,0.4157235605066165,1.12,5.547895616331362,0.8576544912270008,-0.16752039062539759,0.09811639021647456,1.1980982567353406,0.3657908294693457,0.86049522370345,-0.04611581657969898,-0.22283370948062514,Engineering & Construction,Industrials,WLDN
2014Q2,2014,Q2,2014-08-07,2014-06-27,1893000.0,26970000.0,1941000.0,0.25,10671000.0,0.3956618464961068,44260000.0,23626000.0,39037000.0,20298000.0,20634000.0,0.0,-11307000.0,59240000.0,47722000.0,3.190546927751519,1.9231944033894965,0.013262539539087213,0.02484550918479641,0.0760592768836238,3.190546927751519,0.08012359265216287,2.196514645902855,7.823560486001057,2.5074070938796242,0.0,0.0,0.0,0.6093538183461364,1.8621539067888462,0.04276999548124718,-97.11475409836065,0.3956618464961068,0.47058823529411753,3.0462433587129625,0.6907554242134634,-0.3086442989063693,0.12468381112984823,0.43954372623574145,0.4794207317073171,1.5240347806914796,0.02397970763092143,-0.2931432697920145,Engineering & Construction,Industrials,WLDN
2014Q1,2014,Q1,2014-05-08,2014-03-28,1315000.0,22686000.0,1312000.0,0.17,9488000.0,0.4182315084192894,41427000.0,21642000.0,36425000.0,19616000.0,19785000.0,0.0,-13200000.0,33730320.0,21613320.0,2.9257807219142897,1.856902528548124,0.013010838342144013,0.02490527677663802,0.0566725461871167,2.9257807219142897,0.060761482302929486,1.4868341708542714,6.412608365019011,1.5585583587468808,0.0,0.0,0.0,0.5476138750090521,1.7600428221859707,0.031742583339368045,7.195034129692833,0.4182315084192894,0.847826086956522,3.8071968097555917,0.27941474909285674,-0.383036091555033,0.056923248301214216,0.8758915834522111,1.381125226860254,5.429707501926805,-0.022151533598576325,-0.3363519875308751,Engineering & Construction,Industrials,WLDN
2013Q4,2013,Q4,2014-03-25,2013-12-27,701000.0,22462000.0,551000.0,0.092,8977000.0,0.39965274686136587,38237000.0,20213000.0,33525000.0,17819000.0,18024000.0,0.0,-14515000.0,36319270.0,33919270.0,2.732594294984453,1.8814187103653404,0.019117608599000968,0.03616484440706476,0.024405820126949113,2.732594294984453,0.03468065106614555,1.6169205769744457,12.952664051355207,1.7968272893682284,0.0,0.0,0.0,0.5874414833799723,1.4672540546607553,0.01833302821874101,-12.06620265780731,0.39965274686136587,-0.16363636363636366,1.5528013522954185,0.14843041168346904,-0.429462706758401,-0.02370853724850462,-0.167458432304038,-0.37528344671201813,1.4367512418778172,0.10802390674114519,-0.38393006551420095,Engineering & Construction,Industrials,WLDN
2013Q3,2013,Q3,2013-11-07,2013-09-27,842000.0,21167000.0,882000.0,0.11,9195000.0,0.4344026078329475,36484000.0,19486000.0,31944000.0,16757000.0,16998000.0,0.0,-15216000.0,27301890.0,22197890.0,2.6479141187661366,1.9063078116607985,0.006852318824690275,0.012829723904341579,0.041989712734104505,2.6479141187661366,0.043210510109822436,1.2898327585392355,8.10626187648456,1.4011028430668173,0.0,0.0,0.0,0.5801721302488763,1.5142328579101272,0.023078609801556845,17.053023110555902,0.4344026078329475,0.22222222222222227,2.87467019167053,0.10420931655345324,-0.46615235990410714,0.015124751600794878,0.2238372093023256,0.22841225626740946,0.05066830008215363,0.005177723703451604,-0.3979290295565685,Engineering & Construction,Industrials,WLDN
2013Q2,2013,Q2,2013-08-08,2013-06-28,688000.0,20496000.0,718000.0,0.09,9058000.0,0.44193989071038253,35558000.0,18563000.0,31046000.0,16684000.0,16995000.0,0.0,-16058000.0,22132530.0,14036530.0,2.5245478036175713,1.8608247422680413,0.010658642218347489,0.02041695846576523,0.03793061084082756,2.5245478036175713,0.03706297473468728,1.0798463114754098,8.04234375,1.1922927328556805,0.0,0.0,0.0,0.5764103717869397,1.7875809158475187,0.019348669778952696,16.0846875,0.44193989071038253,0.7999999999999998,13.173950026581606,0.12017047009577776,-0.496890272844844,-0.03133354721420169,0.7243107769423559,0.5711159737417943,-0.46232300411866983,-0.010636901795343746,-0.41018822078884937,Engineering & Construction,Industrials,WLDN
2013Q1,2013,Q1,2013-05-09,2013-03-29,399000.0,21385000.0,457000.0,0.05,9351000.0,0.43726911386485856,39618000.0,17837000.0,34976000.0,21369000.0,21781000.0,0.0,-16746000.0,16210350.0,9426350.0,2.4317655078391276,1.6367635359633113,0.09142309051441264,0.20306105286763468,0.01875734480851652,2.4317655078391276,0.02236923249425352,0.7580243161094224,10.156860902255639,0.9088047317373997,0.0,0.0,0.0,0.5397798980261498,1.5779868033132107,0.01007117976677268,17.24505319148936,0.43726911386485856,0.21951219512195125,2.3552464565263387,0.1735044286637253,-0.5153673274862415,-0.02471839799749687,0.33,-0.626938775510204,0.00231522056675426,0.24231413717963377,-0.40732074965845533,Engineering & Construction,Industrials,WLDN
2012Q4,2012,Q4,2013-03-26,2012-12-28,300000.0,22947000.0,1225000.0,0.041,9588000.0,0.4178323963916852,41977000.0,17351000.0,37227000.0,24128000.0,24626000.0,0.0,-17145000.0,16357050.0,14862050.0,2.365507839127471,1.5428962201591512,0.20275388903447125,0.49051927842775633,0.011639063979823852,2.365507839127471,0.017290069736614604,0.7128186691070728,13.630875,0.9427151172843063,0.0,0.0,0.0,0.5466565023703457,1.4690401193633953,0.007146770850703957,28.104896907216496,0.4178323963916852,-0.6272727272727273,0.03405666717249465,0.19937220358907057,-0.5252662238035157,-0.06522374963439602,-0.6188055908513341,-0.13732394366197184,1.088316658566184,0.5719385293856138,-0.4131928728228278,Engineering & Construction,Industrials,WLDN
2012Q3,2012,Q3,2012-11-08,2012-09-28,787000.0,21547000.0,1420000.0,0.11,10257000.0,0.47602914558871307,42386000.0,17004000.0,35663000.0,24807000.0,25382000.0,0.0,-17445000.0,12435500.0,8062500.0,2.3245386192754616,1.4376184141572943,0.11458972302175247,0.2856386732533521,0.03659834565024172,2.3245386192754616,0.04628322747588803,0.5771337077087297,3.950285895806861,0.7313279228416842,0.0,0.0,0.0,0.5083518142782995,1.394404805095336,0.018567451517010333,3.424814100798678,0.47602914558871307,1.0472103004291844,-0.2694699712243572,0.06979110294148531,-0.5234142591093781,0.6114689709347997,1.0463595664467484,1.0725118725425113,1.882753788592417,0.45732019580764766,-0.48324457775534085,Engineering & Construction,Industrials,WLDN
2012Q2,2012,Q2,2012-08-13,2012-06-29,-16976000.0,23481000.0,-19583000.0,-2.33,6365000.0,0.2710702269920361,46299000.0,16112000.0,39535000.0,29578000.0,30187000.0,0.0,-18232000.0,11018470.0,12069470.0,2.208030697546937,1.336635337074853,0.14153653426639884,0.4067154915590864,-0.7398744502475089,2.208030697546937,-1.0536246276067527,0.4692504578169584,-0.16226540409990575,0.6838673038728897,0.0,0.0,0.0,0.5071599818570596,1.2861586314152411,-0.3666601870450766,6.903803258145364,0.2710702269920361,-11.263157894736842,-5.287022713922241,0.13464548307199142,-0.531911636927887,-0.23072274595117234,-11.031183557760453,-7.451877427708244,-17.621846913320997,0.4938161420488001,-0.5215445359349035,Engineering & Construction,Industrials,WLDN
2012Q1,2012,Q1,2012-05-14,2012-03-30,-1411000.0,25468000.0,-2317000.0,-0.19,8274000.0,0.3248782786241558,67210000.0,33011000.0,45294000.0,33528000.0,34199000.0,0.0,-1256000.0,26612150.0,28639150.0,4.527636812508573,1.3509305654974946,0.10467192382085999,0.21311078125473326,-0.034691898362701,4.527636812508573,-0.0427433279815819,1.044925003926496,-4.715122253720765,0.806160067856169,0.0,0.0,0.0,0.37893170659128106,1.300375805297065,-0.020993899717303973,-29.66794871794872,0.3248782786241558,-0.77836016473231,-4.533302976272116,0.29585273342847745,-0.006887567944909961,-0.26210648354588423,-0.8112965340179717,-7.677233429394812,-2.055924659996604,0.4571920287693522,-0.04525021887596089,Engineering & Construction,Industrials,WLDN
2011Q4,2011,Q4,2011-12-31,2011-12-31,-779000.0,30006000.0,347000.0,-0.10684,11213000.0,0.37369192828101044,64311000.0,34293000.0,42354000.0,29271000.0,30018000.0,0.0,155000.0,28872360.0,29632360.0,4.703470031545741,1.4469611560930613,0.05848144174402513,0.10967252792115009,-0.02209413019968684,4.703470031545741,-0.022716006182019653,0.9622195560887823,-9.26584082156611,0.8419315895372234,0.0,0.0,0.0,0.46657647991789897,1.3880632708141163,-0.012113013325869603,-7.534540709812108,0.37369192828101044,-1.3684137931034484,0.35002442533347733,0.5248541191820966,0.02398208465534545,-0.04570212765957447,-1.3598152424942263,-0.8542016806722689,0.37675750579841466,0.5564418046524534,-0.017964333173595668,Engineering & Construction,Industrials,WLDN
2011Q3,2011,Q3,2011-11-10,2011-09-30,2165000.0,28605000.0,2380000.0,0.29,11750000.0,0.41076734836567036,58224000.0,35016000.0,40695000.0,22390000.0,23208000.0,0.0,934000.0,27105910.0,24352910.0,4.818494564469519,1.817552478785172,0.09484061555372356,0.15769933744573908,0.0533339367088356,4.818494564469519,0.061828878227096186,0.9475934277224262,3.130012702078522,0.7741006968243089,0.0,0.0,0.0,0.49129225061830173,1.772666368914694,0.03718397911514152,18.915498953244942,0.41076734836567036,1.8999999999999997,-0.4357680869826467,-0.05764291858177651,0.1442771085465363,0.14121989121989123,1.945578231292517,1.4947589098532494,5.881286805121047,0.5111156107495133,-0.028540263512931183,Engineering & Construction,Industrials,WLDN
2011Q2,2011,Q2,2011-08-11,2011-07-01,735000.0,25812000.0,954000.0,0.1,10296000.0,0.398884239888424,53368000.0,32756000.0,35722000.0,19704000.0,20612000.0,0.0,-1231000.0,27794310.0,23917310.0,4.513710899820863,1.8129313844904589,0.06177859391395593,0.10065331542312858,0.02066784379556157,4.513710899820863,0.022438637196238856,1.0767980009298002,9.453846938775511,0.8485257662718281,0.0,0.0,0.0,0.4836606205966122,1.7408647990255786,0.013772298006295907,32.622429577464786,0.398884239888424,3.5000000000000004,-0.8081838712550294,-0.1484831625617789,0.0,0.12169081599302756,3.5257731958762886,4.4071428571428575,14.177646660904205,0.42936816933333677,-0.10047579371955842,Engineering & Construction,Industrials,WLDN
2011Q1,2011,Q1,2011-05-12,2011-04-01,-291000.0,22742000.0,-280000.0,-0.04,9179000.0,0.4036144578313253,49667000.0,31967000.0,34551000.0,16693000.0,17700000.0,0.0,-1966000.0,30309179.999999996,25971179.999999996,4.408633291959729,2.0697897322230876,0.05732176294118831,0.08906059373729158,,4.408633291959729,-0.009103137610660995,1.3327403042828245,-26.03881443298969,0.9481396440078832,0.0,0.0,0.0,0.4578895443654741,1.2604085544839154,-0.005859021080395433,64.6251172707889,0.4036144578313253,-2.0256410256410255,-1.0760063696724833,-0.2491391571429568,0.0,0.09377979027645376,-2.0319148936170213,-10.333333333333334,-3.4754076726634615,0.262427209828968,-0.12139236800256639,Engineering & Construction,Industrials,WLDN
2010Q4,2010,Q4,2010-12-31,2010-12-31,282000.0,19872000.0,30000.0,0.039,8392000.0,0.4223027375201288,49454000.0,32162000.0,34359000.0,16299000.0,17292000.0,0.0,-1675000.0,29004000.0,25075000.0,4.4355261343263,2.108043438247745,0.05485906094552513,0.08435420682793358,0.007765286416072491,4.4355261343263,0.008768111435855978,1.4595410628019323,25.71276595744681,0.9018095889559107,0.0,0.0,0.0,0.40182796133780885,1.306951346708387,0.005702268775023254,-19.08157894736842,0.4223027375201288,-0.6454545454545455,1.0399162002035427,-0.23646613111990467,0.4256616060672254,-0.09324689357104268,-0.6421319796954315,-0.9784791965566715,-0.016726339196299442,0.0506833627768054,-0.10983424517265022,Engineering & Construction,Industrials,WLDN
2010Q3,2010,Q3,2010-09-30,2010-09-30,788000.0,20706000.0,1394000.0,0.11,9255000.0,0.44697189220515793,47726000.0,31824000.0,32331000.0,14966000.0,15902000.0,0.0,-1957000.0,24602400.0,19012400.0,4.398009950248756,2.1602966724575703,0.04222017349034069,0.06331699346405228,0.023341587349994867,4.398009950248756,0.024761186525892407,1.188177339901478,7.805329949238578,0.7730769230769231,0.0,0.0,0.0,0.4338515693751833,1.2905920085527196,0.016510916481582365,8.454432989690721,0.44697189220515793,-0.35294117647058826,-0.6166111291930793,-0.3577338106789287,0.0,-0.032814296164698505,-0.37360890302066774,0.10197628458498023,-0.2605559309078749,0.0392598562191497,-0.09830328771352284,Engineering & Construction,Industrials,WLDN
2010Q2,2010,Q2,2010-06-30,2010-06-30,1258000.0,20367000.0,1265000.0,0.17,9569000.0,0.4698286443757058,46405000.0,30942000.0,31093000.0,14494000.0,15463000.0,0.0,-2745000.0,19952040.0,15171040.0,4.280260063632591,2.14523251000414,0.04249542075207413,0.06373214401137613,0.03823484962974157,4.280260063632591,0.04065671255898132,0.9796258653704522,3.9650317965023842,0.644820632150475,0.0,0.0,0.0,0.43889667061739035,1.2673520077273355,0.027109147721150736,-40.388744939271255,0.4698286443757058,2.4,-0.3873474311024004,-0.36763729678294277,0.0,0.10522060522060522,2.2091836734693877,2.2857142857142856,-0.6793234662412654,-0.006571111511197145,-0.09261228617220008,Engineering & Construction,Industrials,WLDN
2010Q1,2010,Q1,2010-03-31,2010-03-31,392000.0,16951000.0,385000.0,0.05,8658000.0,0.5107663264704148,41797000.0,29636000.0,28357000.0,11145000.0,12161000.0,0.0,-4003000.0,15601680.000000002,11226680.000000002,4.103004291845494,2.5443696724988785,0.06978969782520276,0.09842758806856526,0.011751778028753702,4.103004291845494,0.013227156161425294,0.9203987965311782,9.950051020408162,0.5264435146443515,0.0,0.0,0.0,0.4055554226379884,1.4363391655450874,0.009378663540445486,-10.513261455525608,0.5107663264704148,1.1080707214801366,-0.8089353713022135,-0.4732614332797026,0.0,0.11356913183279743,1.117189835575486,1.0969773299748111,2.5517186764502284,-0.12938606292248395,-0.10002839455899143,Engineering & Construction,Industrials,WLDN
2009Q4,2009,Q4,2010-03-30,2010-01-01,-3345000.0,14375000.0,-3970000.0,-0.46266,7775000.0,0.5408695652173913,40332000.0,29117000.0,26815000.0,10111000.0,11215000.0,0.0,-4395000.0,17190740.0,12515740.0,4.0311504914855325,2.652062110572644,0.09347416443518794,0.1294776247552976,-0.09780148544339708,4.0311504914855325,-0.11488134079747227,1.1958775652173914,-1.284808669656203,0.5904021705532849,0.0,0.0,0.0,0.3564167410492909,1.8461081989911976,-0.08293662600416543,97.12282485875706,0.5408695652173913,-2.8555,-2.8499604113112804,-0.48530137617393804,0.32311090889831845,-0.03368133233905046,-2.8097949886104785,-1.8664259927797835,-1.8172486825477716,-0.26260951543134503,-0.12238711926602551,Engineering & Construction,Industrials,WLDN
2009Q3,2009,Q3,2009-11-12,2009-10-02,-878000.0,14561000.0,-1385000.0,-0.12,8046000.0,0.5525719387404712,43436000.0,32406000.0,27939000.0,10204000.0,11030000.0,0.0,-1050000.0,20171200.0,14472200.0,4.498334258745142,2.738043904351235,0.05145501427387421,0.06896870949824106,-0.025119052281538632,4.498334258745142,-0.027093748071344813,1.3852894718769315,-5.743507972665148,0.6224526322285996,0.0,0.0,0.0,0.3352288424348467,1.8895531164249313,-0.020213647665530896,53.50450928381963,0.5525719387404712,0.0,-1.4721269496208953,-0.49308596205132094,0.0,-0.0017369727047146402,0.022271714922048998,0.03349616189811584,-1.2308212122240056,-0.5161104934506807,0.06824670029266733,Engineering & Construction,Industrials,WLDN
2009Q2,2009,Q2,2009-08-13,2009-07-03,-898000.0,15484000.0,-1433000.0,-0.12,8060000.0,0.5205373288555929,45837000.0,33172000.0,30203000.0,11892000.0,12665000.0,0.0,-172000.0,12866520.0,6112520.0,4.614913745130774,2.539774638412378,0.04252023474485678,0.058754371156396965,-0.025385396878002203,4.614913745130774,-0.027071023754974076,0.830955825368122,-3.5819933184855235,0.3878729048595201,0.0,0.0,0.0,0.33780570281650196,1.7030776992936427,-0.019591159979928878,-36.346101694915255,0.5205373288555929,-1.0,-1.4839564113867167,-0.4597535587172212,0.0,-0.09254672371087592,-0.9779735682819384,-1.0326241134751772,-1.2366045946531108,-0.48429208047732886,0.0,Engineering & Construction,Industrials,WLDN
2009Q1,2009,Q1,2009-05-14,2009-04-03,-454000.0,17185000.0,-705000.0,-0.06,8882000.0,0.5168460867035205,47915000.0,33997000.0,32901000.0,13061000.0,13918000.0,0.0,726000.0,10538430.0,2564430.0,4.742223462128609,2.5190261082612357,0.04912866534488156,0.06924140365326352,-0.012413173329428175,4.742223462128609,-0.013354119481130688,0.6132342158859471,-5.803100220264317,0.309981174809542,0.0,0.0,0.0,0.35865595325054783,1.7079090421866625,-0.00947511217781488,6.7209375,0.5168460867035205,0.6500029166423613,-1.2453212969059224,-0.3988154975603086,0.0,-0.07101767597531639,0.6305939788445891,0.649079143852663,-1.1199367229124684,-0.4261218856596505,0.0,Engineering & Construction,Industrials,WLDN
2008Q4,2008,Q4,2009-04-02,2009-01-02,-1229000.0,18956000.0,-2009000.0,-0.17143,9561000.0,0.5043785608778223,47570000.0,34336000.0,32075000.0,12255000.0,13234000.0,0.0,1180000.0,14550202.399999999,7952202.3999999985,4.789510391965407,2.617299061607507,0.03249947445869245,0.04502562907735322,-0.033758870542783835,4.789510391965407,-0.03579333643988816,0.7675776746148976,-2.9597645240032544,0.42375938956197573,0.0,0.0,0.0,0.3984864410342653,1.796001631986944,-0.02583561067899937,42.92095103244837,0.5043785608778223,-1.8571666666666669,-1.684821253047357,-0.3161656878809671,0.5720210548517632,-0.05007451564828614,-1.8123569794050343,-1.8536931818181819,0.8240491814769532,-0.26333039275271014,0.5394388108418142,Engineering & Construction,Industrials,WLDN
2008Q3,2008,Q3,2008-11-10,2008-09-26,-437000.0,18651000.0,-704000.0,-0.06,10065000.0,0.5396493485603989,47753000.0,35514000.0,32047000.0,11053000.0,12239000.0,0.0,2409000.0,22912000.0,15362000.0,4.960055865921787,2.899393829729485,0.011433836617594706,0.015374218618009798,-0.012353480901470662,4.960055865921787,-0.012305006476319198,1.2284596000214465,-13.107551487414188,0.6451540237652758,0.0,0.0,0.0,0.39057232006366094,2.772640911969601,-0.009151257512617009,20.115891132572433,0.5396493485603989,-6.807636363636363,-1.236432075214607,-0.3467101355182247,0.0,-0.014008620689655173,-6.945454545454545,-4.415384615384616,-1.2148722132303034,-0.41533579139821325,0.0,Engineering & Construction,Industrials,WLDN
2008Q2,2008,Q2,2008-08-11,2008-06-27,-55000.0,17807000.0,-130000.0,-0.0076847841274276935,10208000.0,0.5732577076430617,49104000.0,35908000.0,33160000.0,11963000.0,13196000.0,0.0,2846000.0,34992840.0,30016840.0,5.017887087758524,2.771879963219928,0.025456174649723037,0.03481118413723961,-0.004905239687848383,5.017887087758524,-0.0015316921020385428,1.965117088785309,-159.05836363636362,0.974513757379971,0.0,0.0,0.0,0.3626384815900945,2.635459332943242,-0.0011200716845878136,47.60930612244898,0.5732577076430617,-1.3842392063713846,-1.0297735305955389,-0.37592433615743315,0.0,-0.04078180793084007,-1.4741379310344827,-4.023255813953488,-1.027058530061696,-0.44148114956966716,0.0,Engineering & Construction,Industrials,WLDN
2008Q1,2008,Q1,2008-05-12,2008-03-28,116000.0,17776000.0,43000.0,0.02,10642000.0,0.5986723672367237,47021000.0,35902000.0,40489000.0,9883000.0,11119000.0,0.0,2901000.0,42142950.0,30116950.0,5.017749825296995,4.096832945461904,0.02273452287275898,0.0297754999721464,0.0006353250672294414,5.017749825296995,0.0032310177705977385,2.3707780153015303,90.82532327586208,1.1738329340983789,0.0,0.0,0.0,0.3780438527466451,3.9231002731963978,0.002466982837455605,53.96024327784891,0.5986723672367237,-0.5,-0.9371961408976955,-0.3769237117798084,0.0,-0.050499643112062814,-0.5901060070671378,-0.8485915492957746,-0.9429231241468942,-0.44237554452222844,0.0,Engineering & Construction,Industrials,WLDN
2007Q4,2007,Q4,2008-03-27,2007-12-28,283000.0,18663000.0,284000.0,0.04,11208000.0,0.6005465359266999,48226000.0,35652000.0,41461000.0,11290000.0,12574000.0,0.0,2785000.0,50872050.0,36908050.0,4.982809224318658,3.672364924712135,0.03207813212789781,0.04339167508134186,0.005401215589360307,4.982809224318658,0.00793784359923707,2.7258238225365696,44.93997349823322,1.4269059239313362,0.0,0.0,0.0,0.38699042010533735,3.4892825509300267,0.0058682038734292705,47.72237335834897,0.6005465359266999,-0.7333333333333333,-0.8419986764811591,-0.3254182518213965,0.635465918620579,-0.038270121846576285,-0.7312440645773979,-0.8448935008192244,-0.8419986764811591,-0.3254182518213965,0.635465918620579,Engineering & Construction,Industrials,WLDN
2007Q3,2007,Q3,2007-11-09,2007-09-28,1053000.0,19687000.0,1831000.0,0.15,11654000.0,0.59196424036166,46836000.0,34874000.0,39710000.0,10606000.0,11962000.0,0.0,2071000.0,72858500.0,67183500.0,4.877482517482518,3.744107109183481,0.011358783841489452,0.015254917703733441,0.02949084187531508,4.877482517482518,0.03019441417675059,3.7008431960176766,17.29783950617284,2.089192521649366,0.0,0.0,0.0,0.420339055427449,3.6474636997925702,0.02248270561106841,30.690185341196294,0.59196424036166,0.0,-0.42949387833799285,-0.30945764737639514,0.0,-0.06723227149031535,-0.728538283062645,-0.008125677139761646,-0.42949387833799285,-0.30945764737639514,0.0,Engineering & Construction,Industrials,WLDN
2007Q2,2007,Q2,2007-08-10,2007-06-29,3879000.0,20272000.0,1846000.0,0.15,12494000.0,0.6163180741910024,46120000.0,33718000.0,38701000.0,11071000.0,12402000.0,0.0,1018000.0,70693720.0,59447720.0,4.717123670956911,3.4957095113359227,0.03152645273200347,0.04312236787472567,0.05172674894902864,4.717123670956911,0.11504241058188505,3.487259273875296,4.556182005671565,2.0966166439290586,0.0,0.0,0.0,0.43954900260190805,3.3714208291933883,0.08410667823070252,-84.86641056422569,0.6163180741910024,6.0,1.1021960476897779,-0.28873919941262427,0.0,0.09779456989719708,16.516,2.667570009033424,1.1021960476897779,-0.28873919941262427,0.0,Engineering & Construction,Industrials,WLDN
2007Q1,2007,Q1,2007-05-10,2007-03-30,-250000.0,19268000.0,-1107000.0,-0.03,11381000.0,0.5906684658501142,44345000.0,32588000.0,36599000.0,10486000.0,11757000.0,0.0,-40000.0,67119720.0,57257720.0,4.559037493005037,3.4902727446118633,0.028052768068553387,0.03817356081993372,-0.022964771501145915,4.559037493005037,-0.007671535534552596,3.483481419970936,-67.11972,2.059645268196882,0.0,0.0,0.0,0.43450219866952305,3.3235742895288958,-0.005637614161686774,-19.046458569807037,0.5906684658501142,0.8174960457476579,-1.1354856952622956,-0.32396541506918136,0.0,-0.044496683737721435,0.7872340425531915,-1.1448952879581151,-1.1354856952622956,-0.32396541506918136,0.0,Engineering & Construction,Industrials,WLDN
