Quarters,Year,Quarter,FillingDate,Date,NetIncome,Revenue,OperatingIncome,EPSDiluted,GrossProfit,GrossProfitRatio,TotalAssets,CommonStockEquity,CurrentAssets,CurrentLiability,TotalLiability,Inventory,RetainedEarnings,MarketCap,EnterpriseValue,bookValuePerShare,currentRatio,debtToAssets,debtToEquity,roic,shareholdersEquityPerShare,roe,priceToSalesRatio,peRatio,pbRatio,payoutRatio,inventoryTurnover,dividendYield,assetTurnover,quickRatio,returnOnAssets,priceToFreeCashFlowsRatio,grossProfitMargin,epsdilutedGrowth,fiveYNetIncomeGrowthPerShare,fiveYRevenueGrowthPerShare,fiveYShareholdersEquityGrowthPerShare,grossProfitGrowth,netIncomeGrowth,operatingIncomeGrowth,threeYNetIncomeGrowthPerShare,threeYRevenueGrowthPerShare,threeYShareholdersEquityGrowthPerShare,Industry,Sector,Symbol
2023Q1,2023,Q1,2023-05-15,2023-03-31,-23508000.0,14086000.0,-17718000.0,-0.2,2976000.0,0.211273605,101446000.0,78111000.0,101247000.0,17305000.0,23335000.0,6705000.0,-277727000.0,32792601.6,-48675398.4,0.6707628101089729,5.850736781277088,0.011592374268083513,0.015055497945231786,-0.21018659445926252,0.6707628101089729,-0.30095633137458233,2.3280279426380805,-0.34873874425727414,0.41982053231939165,0.0,1.656972408650261,0.0,0.13885219722808192,5.450621207743427,-0.23172919582832247,-1.2830660302058066,0.21127360499787023,0.6491228070175438,0.557931244296763,-0.8553957541047118,0.0,-0.18309085918199286,0.646607838126306,-1.7566944266495836,0.557931244296763,-0.8553957541047118,0.0,Health Information Services,Healthcare,SNCE
2022Q4,2022,Q4,2023-03-06,2022-12-31,-66521000.0,15936000.0,23415000.0,-0.57,3643000.0,0.2286019076,126448000.0,97386000.0,126204000.0,23176000.0,29062000.0,0.0,-253066000.0,48328449.6,-58440550.4,0.8366638602037836,5.445460821539523,0.010454890547893204,0.013574846487174748,0.23519537980373945,0.8366638602037836,-0.6830653276651675,3.0326587349397593,-0.18162854436944723,0.49625664469225556,0.0,0.0,0.0,0.1260280905985069,5.138203313772869,-0.5260739592559788,-2.1817728138684482,0.2286019076305221,-2.3529411764705874,0.04221947704253566,-0.266935922281682,-0.2493317043182968,-0.10972629521016618,-2.3204053109713487,1.9268495428096426,0.04221947704253566,-0.266935922281682,-0.2493317043182968,Health Information Services,Healthcare,SNCE
2022Q3,2022,Q3,2022-11-10,2022-09-30,-20034000.0,16249000.0,-25263000.0,-0.17,4092000.0,0.2518308819,189424000.0,158603000.0,145921000.0,23088000.0,30821000.0,0.0,-186545000.0,187423320.0,58671320.0,1.3624282719994503,6.320209632709632,0.007850114029901174,0.009375610801813332,-0.13313371157864637,1.3624282719994503,-0.12631539125993835,11.534452581697336,-2.3388155136268343,1.181713586754349,0.0,0.0,0.0,0.08578110482304249,6.031574844074844,-0.10576273333896444,-10.172229036635008,0.25183088190042463,-1.5483870967741935,-31985.525471600864,0.0,0.0,-0.24682495858641634,-1.5517640254482359,0.06363973313565605,-31985.525471600864,0.0,0.0,Health Information Services,Healthcare,SNCE
2022Q2,2022,Q2,2022-08-11,2022-06-30,36309000.0,19275000.0,-26980000.0,0.31,5433000.0,0.2818677043,209506000.0,175847000.0,169312000.0,26149000.0,33659000.0,0.0,-163017000.0,233149949.99999997,86647949.99999997,1.5159877580930212,6.474893877394929,0.00872051397096026,0.010389713785279248,0.9356154494670685,1.5159877580930212,0.20648063373273357,12.095976653696496,1.6053178963893249,1.325868226355866,0.0,0.0,0.0,0.09200213836357908,6.176220887988069,0.17330768569873894,-7.3835370681192,0.2818677042801556,-0.11428571428571424,0.0,0.0,0.0,1.0122222222222221,-0.19122822648906312,0.1274820516137378,0.0,0.0,0.0,Health Information Services,Healthcare,SNCE
2022Q1,2022,Q1,2022-05-09,2022-03-31,44894000.0,18686000.0,-30922000.0,0.35,2700000.0,0.1444932035,233301000.0,174181000.0,197675000.0,30877000.0,59120000.0,0.0,-157184000.0,617320450.0,439928450.0,1.5095374695589625,6.40201444440846,0.00925413950218816,0.012395152169295159,-0.1732373223007024,1.5095374695589625,0.2577433818843617,33.03652199507653,3.4376556444068247,3.5441319661731185,0.0,0.0,0.0,0.08009395587674292,6.143213395083719,0.19242952237667219,-17.555467239221933,0.1444932034678369,1.5833333333333333,1.8520180228938992,-0.8064041489729886,0.0,-0.36140018921475875,1.6896265687644971,0.09127777124720818,1.8520180228938992,-0.8064041489729886,0.0,Health Information Services,Healthcare,SNCE
2021Q4,2021,Q4,2022-03-22,2021-12-31,-65099000.0,20376000.0,-34028000.0,-0.6,4228000.0,0.2074990185,260798000.0,121599000.0,232703000.0,35022000.0,139199000.0,0.0,-202078000.0,1360484257.54,1147205257.54,1.1145586739399795,6.644480612186626,0.005069057278046611,0.010871799932565235,-0.2738868404625774,1.1145586739399795,-0.5353580210363572,66.76895649489596,-5.224674179096453,11.188284916323326,,0.0,,0.07812943350792567,6.433099194791845,-0.24961464428408192,0.0,0.20749901845308205,-82.33333333333333,0.0,0.0,0.0,0.0,-77.5619206572753,-39.96664327068588,0.0,0.0,0.0,Health Information Services,Healthcare,SNCE
2021Q3,2021,Q3,2021-11-15,2021-09-30,-828633.0,0.0,-830627.0,-0.0072,0.0,0.0,80411203.0,79696642.0,289397.0,714561.0,714561.0,0.0,-1392079.0,1124130070.0,1123929173.0,0.6947835596996351,0.4049997131105672,0.0,0.0,-0.01040983385303344,0.6947835596996351,-0.01039733894936251,0.0,-339.15197379298195,14.105112107483777,0.0,0.0,0.0,0.0,0.28114744577439854,-0.01030494469781779,-5223.312935032108,0.0,0.0,-1341.668759692835,0.0,0.0,0.0,0.0,0.0,-1341.668759692835,0.0,0.0,Health Information Services,Healthcare,SNCE
2021Q1,2021,Q1,2021-05-17,2021-03-31,-6790000.0,12438000.0,-6861000.0,-0.46,3800000.0,0.3055153562,,,,,,,,150773525.76000002,,,0.0,0.0,0.0,0.0,,0.0,12.122007216594309,-5.551308017673049,0.0,0.0,0.0,0.0,0.0,0.0,0.0,-15.877582746419547,0.30551535616658626,0.0,0.0,0.0,0.0,0.0,0.0,0.0,0.0,0.0,0.0,Health Information Services,Healthcare,SNCE
2020Q3,2020,Q3,2020-09-30,2020-09-30,-80.0,0.0,-80.0,0.0,0.0,0.0,,,,,,,,149360953.28,,,0.0,0.0,0.0,0.0,,0.0,0.0,-466752.97899999993,0.0,0.0,0.0,0.0,0.0,0.0,0.0,-5955.3809122807015,0.0,0.0,0.0,0.0,0.0,0.0,0.0,0.0,0.0,0.0,0.0,Health Information Services,Healthcare,SNCE
