Quarters,Year,Quarter,FillingDate,Date,NetIncome,Revenue,OperatingIncome,EPSDiluted,GrossProfit,GrossProfitRatio,TotalAssets,CommonStockEquity,CurrentAssets,CurrentLiability,TotalLiability,Inventory,RetainedEarnings,MarketCap,EnterpriseValue,bookValuePerShare,currentRatio,debtToAssets,debtToEquity,roic,shareholdersEquityPerShare,roe,priceToSalesRatio,peRatio,pbRatio,payoutRatio,inventoryTurnover,dividendYield,assetTurnover,quickRatio,returnOnAssets,priceToFreeCashFlowsRatio,grossProfitMargin,epsdilutedGrowth,fiveYNetIncomeGrowthPerShare,fiveYRevenueGrowthPerShare,fiveYShareholdersEquityGrowthPerShare,grossProfitGrowth,netIncomeGrowth,operatingIncomeGrowth,threeYNetIncomeGrowthPerShare,threeYRevenueGrowthPerShare,threeYShareholdersEquityGrowthPerShare,Industry,Sector,Symbol
2023Q1,2023,Q1,2023-05-10,2023-03-31,-2924000.0,41189000.0,-180000.0,-0.039,15148000.0,0.3677680934,179562000.0,78270000.0,96881000.0,35255000.0,101292000.0,44675000.0,-68043000.0,229288860.0,266480860.0,1.044560996116427,2.7480073748404483,0.26991234225504285,0.6192155359652485,-0.0014006503885696433,1.044560996116427,-0.03735786380477833,5.5667498603996215,-19.60404069767442,2.9294603296282102,-0.10841313269493844,0.5828987129266928,0.001382535549263056,0.22938595025673583,1.2713941284924124,-0.016284069012374554,-115.56898185483871,0.36776809342300126,-0.3356164383561644,0.8041258650352242,-0.11842621687274342,0.013525752626361395,0.05209056813446312,-0.4489593657086224,0.7862232779097387,0.7499304816391883,0.2000181448814881,20.411588833612427,Communication Equipment,Technology,BOXL
2022Q4,2022,Q4,2023-03-17,2022-12-31,-2018000.0,42814000.0,-842000.0,-0.0292,14398000.0,0.3362918671,195395000.0,80402000.0,111244000.0,48475000.0,114993000.0,58211000.0,-65043000.0,171942019.20000002,206329019.20000002,1.1626682862637918,2.2948736462093864,0.2506614805905985,0.6091639511454939,-0.005198606791149681,1.1626682862637918,-0.025098878137359767,4.016023244733032,-21.301043012884044,2.1385291311161416,-0.1570862239841427,0.48815515967772416,0.0018436447441696668,0.21911512577087439,0.9406910778751933,-0.010327797538319814,316.0698882352942,0.3362918671462606,-1.9733333333333334,0.9479504619220877,0.11578451666718725,0.025122324796726814,-0.31503330161750714,-1.6499194847020935,-1.130259900990099,0.8880922030875318,0.4542802404051535,23.428953084912546,Communication Equipment,Technology,BOXL
2022Q3,2022,Q3,2022-11-09,2022-09-30,3105000.0,68736000.0,6464000.0,0.03,21020000.0,0.3058077281,214499000.0,75269000.0,131654000.0,69380000.0,139230000.0,49435000.0,-63025000.0,354873120.0,390562120.0,1.0520217479419123,1.8975785528970885,0.2687238635145152,0.7657999973428636,0.04033445042891496,1.0520217479419123,0.04125204267361065,5.1628421787709495,28.57271497584541,4.714731429937956,0.10338164251207729,0.9652270658440376,0.0009045486454426303,0.3204490463825006,1.055145575093687,0.014475591960801682,50.15874487632509,0.3058077281191806,7.8181818181818175,-0.12654573742314987,-0.1109523855169641,0.6983535616766859,0.24866341927052393,118.42307692307692,6.337116912599319,2.5835986729151386,-0.11021046503672477,2.000180824543654,Communication Equipment,Technology,BOXL
2022Q2,2022,Q2,2022-08-11,2022-06-30,26000.0,59628000.0,881000.0,-0.0044,16834000.0,0.2823170323,196691000.0,72057000.0,108149000.0,54319000.0,124634000.0,45287000.0,-66130000.0,358166112.0,404568112.0,1.0947584320875114,1.9909976251403745,0.29499061980466823,0.8052236423942157,0.0025380513801942462,1.0947584320875114,0.0003608254576238256,6.006676594888307,3443.9049230769233,4.970594279528706,12.076923076923077,0.9449510897166957,0.0008766881887474603,0.3031557112425073,0.9715385040225335,0.00013218703448556366,-225.82983102143757,0.28231703226672034,0.9407008086253369,1.0045926097311568,0.4328749101125314,6.929684621768542,0.33433734939759036,1.005354200988468,1.2550665894614939,1.003598312350415,-0.1353511947866461,2.324049511558388,Communication Equipment,Technology,BOXL
2022Q1,2022,Q1,2022-05-16,2022-03-31,-4856000.0,50603000.0,-3454000.0,-0.0742,12616000.0,0.2493132818,193116000.0,76025000.0,98305000.0,48705000.0,117091000.0,49094000.0,-66162000.0,628108800.0,673101800.0,1.1619642966314117,2.0183759367621392,0.29131713581474344,0.7399934232160473,-0.024679993382970784,1.1619642966314117,-0.06387372574810918,12.412481473430429,-32.336738056013175,8.261871752712922,-0.06528006589785831,0.7737605410029739,0.0005046896333883557,0.26203421777584457,0.8479211579919926,-0.025145508399096916,-105.58224911749873,0.24931328182123588,0.32545454545454544,0.5500604227801471,0.745336627257623,18.082736000391996,0.3506048602933305,0.32007840940912907,0.5092355782892868,0.8375993249422188,0.5823759058484694,1.6744749586395584,Communication Equipment,Technology,BOXL
2021Q4,2021,Q4,2022-04-13,2021-12-31,-7142000.0,43991000.0,-7038000.0,-0.11,9341000.0,0.2123388875,201436000.0,81808000.0,108546000.0,55196000.0,119628000.0,51591000.0,-61301000.0,663437760.0,697440760.0,1.3613339102073418,1.9665555475034422,0.25785361107249943,0.6349134558967339,-0.048380388094800345,1.3613339102073418,-0.0873019753569333,15.08121570321202,-23.22310837300476,8.109692939565813,0.0,0.6716287724603128,0.0,0.21838698147302368,0.8607688962968331,-0.035455430012510177,1362.2951950718686,0.21233888749971586,-12.0,0.34567132796653705,0.3856121991954907,5.094621323830699,-0.40872262311685026,-10.796982167352537,-3.005128205128205,-1.050380754146217,-0.37357978968372724,0.752193251452548,Communication Equipment,Technology,BOXL
2021Q3,2021,Q3,2021-11-10,2021-09-30,729000.0,61008000.0,3510000.0,0.01,15798000.0,0.2589496459480724,173640000.0,83436000.0,99431000.0,67405000.0,90204000.0,30896000.0,-54157000.0,1081692000.0,1099401000.0,1.388424801144873,1.4751279578666272,0.1378253858557936,0.28683062467040604,0.011241491087608408,1.388424801144873,0.008737235725586079,17.730330448465775,370.9506172839506,12.964331943046167,0.8710562414266118,1.4632962195753496,0.0005870432618527271,0.35134761575673806,0.8031451672724575,0.004198341395991707,-125.73427873997443,0.2589496459480724,1.25,2.12095318252393,0.21983602885786727,0.44274844324517065,0.23094904160822816,1.3283783783783785,1.2601416613007084,1.1002759845013008,0.005244668806531745,0.7147675386014878,Communication Equipment,Technology,BOXL
2021Q2,2021,Q2,2021-08-12,2021-06-30,-2220000.0,46754000.0,1553000.0,-0.04,12834000.0,0.274500577490696,155297000.0,79649000.0,77885000.0,51182000.0,75648000.0,20870000.0,-54886000.0,1115752880.0,1127192880.0,1.3763197456411673,1.5217263881833456,0.12155418327462862,0.2370023478009768,-0.11586883376196933,1.3763197456411673,-0.02787228967093121,23.864329896907215,-125.64784684684686,14.008372735376467,-0.13693693693693693,1.6252994729276473,0.00027246176590644335,0.30106183635227984,0.8626274862256262,-0.014295189218078907,-370.06729021558874,0.274500577490696,0.5555555555555556,-2.159762753504576,0.7308252443436402,3.034680842519217,0.5007015902712816,0.5705165409170052,1.763520157325467,0.9155584337537829,-0.17978945366807375,0.5829374340348661,Communication Equipment,Technology,BOXL
2021Q1,2021,Q1,2021-05-13,2021-03-31,-5169000.0,33424000.0,-2034000.0,-0.09,8552000.0,0.25586404978458593,139740000.0,76230000.0,60877000.0,39101000.0,63510000.0,22561000.0,-52667000.0,1116236000.0,1126834000.0,1.3822302810516773,1.556916702897624,0.14741663088593102,0.27023481568936114,-0.02109157495401428,1.3822302810516773,-0.06780794962613144,33.39624222115845,-53.98703811182047,14.643001443001442,-0.0025149932288643837,1.1024334027746998,1.1646282685740293e-05,0.23918706168598827,0.8456049717398532,-0.03699012451696007,-696.3418590143481,0.25586404978458593,0.4608260145457159,-1.9926728671485567,0.0,6.3411433484283855,1.4009300515756384,0.39656944652144877,0.7286899566464158,0.5295404734530823,-0.028032255829807732,0.34116245112956595,Communication Equipment,Technology,BOXL
2020Q4,2020,Q4,2021-03-31,2020-12-31,-8566023.0,31863131.0,-7496958.0,-0.166922,3561953.0,0.11178917100143108,140401600.0,73343000.0,61402621.0,40394432.0,66664430.0,20912741.0,-47500969.0,652924660.32,664111945.32,1.374918692089262,1.520076356068084,0.1755516746247906,0.3360611919337905,-0.06981412769162447,1.374918692089262,-0.11679400897154465,20.49154115833752,-19.055653373800187,8.902344604393058,-0.03945821765829954,1.3532983552945068,0.0005176707521421314,0.22694279125024217,0.8522078240882308,-0.06101086454855215,266.09995114281315,0.11178917100143108,-0.6692199999999998,-0.05124043891176066,0.6740913691828828,314.05965423024236,0.7594209541798653,-1.0342479904552562,-3.2754958593555297,0.7135793504095329,0.07649581651219874,0.21226308715298886,Communication Equipment,Technology,BOXL
2020Q3,2020,Q3,2020-11-16,2020-09-30,-4210904.0,9476956.0,-1753471.0,-0.1,2024503.0,0.21362376273562947,124224955.0,73194075.0,56328865.0,31272885.0,51030880.0,21571932.0,-38932954.0,569486083.0400001,582200291.0400001,1.6554218163989498,1.8012046218313404,0.17970523716430406,0.304995657093829,-0.018357502438023428,1.6554218163989498,-0.057530667612098386,60.09166688544297,-33.810203405254555,7.780494296020546,0.0,0.3454698911530038,0.0,0.0762886651880856,0.9856527787570606,-0.033897408133494594,-629.7360827578582,0.21362376273562947,-0.25000000000000006,-1.5198245573323839,0.0,11.35959248226374,-0.24755050082696847,-1.9529563897794944,-1.2079957589662353,-2.9168056486719918,-0.8016492687666081,1.6724652256083232,Communication Equipment,Technology,BOXL
2020Q2,2020,Q2,2020-08-14,2020-06-30,-1425996.0,7827718.0,-794146.0,-0.08,2690550.0,0.34372086475266483,28090148.0,10731420.0,17530953.0,13721588.0,17358728.0,2868192.0,-34722050.0,129811690.88000001,130728693.88000001,0.608444822377465,1.2776183776979748,0.25097966731965954,0.6569546248306375,-0.044661421807728446,0.608444822377465,-0.13288045757225045,16.583593185140295,-22.75807416009582,12.09641323142697,0.0,1.7910823264272406,0.0,0.2786641779174677,0.8373661270109553,-0.05076498706948785,-24.386593556056688,0.34372086475266483,0.5,-2.929664097142425,0.0,5.992410374059244,0.6910424496876296,0.2685785918610931,0.7018327904859345,0.060003175650659483,-0.2980355924243252,3.407159981404555,Communication Equipment,Technology,BOXL
2020Q1,2020,Q1,2020-05-15,2020-03-31,-1949623.0,5723049.0,-2663425.0,-0.16,1591060.0,0.2780091521145459,19267512.0,-672308.0,8937270.0,16055242.0,19939820.0,2884640.0,-33296054.0,56971860.239999995,63140889.239999995,-0.05381120551593911,0.5566574455869304,0.3519896601076465,-10.087586344354076,-0.4359369110246287,-0.05381120551593911,2.899895583571815,9.954809095641151,-7.30549704224868,-84.74071443445563,0.0,1.4324106300959565,0.0,0.2970310333788815,0.3035320800521101,-0.10118706556404376,-63.99312154252421,0.2780091521145459,0.3864324883997392,-4.665003421632853,0.0,0.46977846468751633,1.3745711083351615,0.40158111356288617,0.24043465415204626,0.0539932288537632,0.033709457683604505,-1.8837319973603603,Communication Equipment,Technology,BOXL
2019Q4,2019,Q4,2020-05-13,2019-12-31,-3257957.0,5318905.0,-3506512.0,-0.26077,670041.0,0.1259734851440287,20468885.0,-647653.0,9922649.0,17207873.0,21116538.0,3318857.0,-31346431.0,110945201.52000001,115986184.52000001,-0.051837831300556456,0.5766342534024979,0.3035816069121498,-9.594608532655604,-0.629951113158343,-0.051837831300556456,5.030405170670097,20.858654463653703,-8.513402841105638,-171.30346268758117,0.0,1.4007424845360918,0.0,0.2598531869224924,0.2811533418453286,-0.15916631511682244,55.002276295398055,0.1259734851440287,-7.692333333333334,-2.6572362030545937,0.0,0.0,-0.8051589587517677,-10.062822585026622,-1.9960994874222353,-0.4356778773088368,-0.19418443390547888,-1.2320752826743226,Communication Equipment,Technology,BOXL
2019Q3,2019,Q3,2019-11-12,2019-09-30,-294496.0,11602722.0,-1170359.0,-0.03,3438911.0,0.2963882957809383,24931733.0,3768180.0,14221447.0,19387711.0,21163553.0,3418460.0,-25350392.0,158183857.92000002,166198385.92000002,0.3506527804376362,0.7335289349010824,0.35379702646422534,2.3408576554198577,-0.09296714349477674,0.3506527804376362,-0.07815337908486325,13.633340342033534,-134.28353689014452,41.978848653726736,0.0,2.3881546076303364,0.0,0.4653796829927547,0.4756286598247725,-0.011812095051715819,-69.34017012431218,0.2963882957809383,0.7272727272727273,0.274917767906823,0.0,3.1943772107635238,0.05870435123664425,0.7466923332318368,-0.20592162883432422,-1.5323055436800885,0.29733254993544683,-0.6356275452017062,Communication Equipment,Technology,BOXL
2019Q2,2019,Q2,2019-08-13,2019-06-30,-1162602.0,11096016.0,-970510.0,-0.11,3248226.0,0.2927380421946039,23989912.0,3487910.0,13061603.0,18109323.0,20502002.0,3249590.0,-25055896.0,255865296.16,261497128.16,0.3293448031627737,0.7212640141213451,0.27416611615749154,1.8857198150181627,-0.09642298744050128,0.3293448031627737,-0.33332339423895685,23.05920396654078,-55.019967314695826,73.35776902500352,0.0,2.415009278093544,0.0,0.4625284161109053,0.46036105270197014,-0.048462120244542786,-56.016982116358605,0.2927380421946039,0.7608695652173914,-4.335679377982704,0.0,3.702339392958615,1.0499488810632738,0.7519529987371515,0.5975605912833476,-4.318897042225727,1.2446470112115,1.4868865419542332,Communication Equipment,Technology,BOXL
2019Q1,2019,Q1,2019-05-15,2019-03-31,-4687023.0,5012713.0,-2411568.0,-0.46,1584540.0,0.3161042732747716,20681686.0,4455784.0,9449398.0,14393630.0,16225902.0,3520022.0,-23893294.0,243677998.08,244626570.08,0.4344644517526069,0.6564986038963069,0.17726770438348208,0.8227945968655572,-0.2969187681967658,0.4344644517526069,-1.0518963666102306,48.61199874798338,-12.99748252142138,54.68801855745252,0.0,0.9739066971740518,0.0,0.24237448532967767,0.34649723523530895,-0.22662673633087746,431.483996430241,0.3161042732747716,-6.936507936507937,-15.590989838601203,0.0,5.280937519207396,-0.474365647170752,-6.884478738758744,-1.2260429060786842,-13.592356583215555,0.0,2.6788352479453916,Communication Equipment,Technology,BOXL
2018Q4,2018,Q4,2019-03-28,2018-12-31,-594462.0,11984967.0,-1083343.0,-0.05796,3014529.0,0.2515258490073439,21267187.0,7968059.0,9964658.0,12562831.0,13299128.0,4214316.0,-19206271.0,98455756.8,100565857.8,0.776931373910276,0.7931857079029401,0.14160593970420254,0.37795402870385375,-0.09866854214158069,0.776931373910276,-0.07460562227262624,8.21493766315752,-41.40540387779202,12.356303687008342,0.0,2.128563211681326,0.0,0.5635426537604621,0.3610798394088084,-0.027952074714911755,8161.796965928873,0.2515258490073439,0.517,0.1870619783186619,0.0,0.0,0.23934785727882202,0.5132790387117322,0.43848105123702386,0.6205463862422174,2.275211295120132,177.03214941593595,Communication Equipment,Technology,BOXL
2018Q3,2018,Q3,2018-11-13,2018-09-30,-1221361.0,10195968.0,-1929308.0,-0.12,2432351.0,0.23856008571231294,28735150.0,8174509.0,17169618.0,19741288.0,20560641.0,3905498.0,-18605459.0,226147913.6,228396556.6,0.8096868933483719,0.8697313974650489,0.1334621882955196,0.4691481775847332,-0.1606476171285138,0.8096868933483719,-0.14941093098068642,22.18013175404238,-46.290145501616635,27.6650149385119,0.0,1.987868640567733,0.0,0.35482564037424547,0.4160008708651634,-0.042504076018395585,-153.44899638070086,0.23856008571231294,0.7333333333333334,-2.2008232799688305,0.0,6.06700236170972,0.409799474531347,0.7259692682692614,0.1143324859091631,-2.2008232799688305,0.0,6.06700236170972,Communication Equipment,Technology,BOXL
2018Q2,2018,Q2,2018-08-16,2018-06-30,-4457022.0,9663657.0,-2178366.0,-0.45,1725317.0,0.17853665542971983,23863378.0,8530307.0,12284513.0,14345498.0,15333071.0,3487210.0,-17390448.0,401069796.40000004,401749193.40000004,0.8694719804136316,0.8563322792976584,0.10385876634900558,0.29054300155902946,-0.1978762669038603,0.8694719804136316,-0.5224925667974201,41.50290065137867,-22.496512043243225,47.017041285852905,0.0,2.276415816655722,0.0,0.40495763005556046,0.4753416019436899,-0.1867724678375375,-1525.0787936862841,0.17853665542971983,-1.25,-21.080495838107225,0.0,8.134189946772105,0.16498961492857395,-1.326247109168145,-0.2228942581905553,-21.080495838107225,0.0,8.134189946772105,Communication Equipment,Technology,BOXL
2018Q1,2018,Q1,2018-05-15,2018-03-31,-1915971.0,5996685.0,-1781320.0,-0.2,1480972.0,0.24696511489264486,18649501.0,9911724.0,8498731.0,8561862.0,8737777.0,3738723.0,-14701902.0,312367760.32,312843375.32,1.030621070465791,0.9926264870889066,0.04954341673806715,0.09321889915417338,-0.16439386752142274,1.030621070465791,-0.19330350602982893,52.09007315208319,-40.75841444364241,31.514977648691584,0.0,1.207822296543499,0.0,0.32154667301822176,0.4125286065110603,-0.10273577829240578,-152.36470642865922,0.24696511489264486,0.6432712030678677,-6.2324233999289085,0.0,11.155087236354593,1.4588487854119936,0.6446588599237377,0.6786079385636193,-6.2324233999289085,0.0,11.155087236354593,Communication Equipment,Technology,BOXL
2017Q4,2017,Q4,2018-04-02,2017-12-31,-5391920.0,5336354.0,-5542514.0,-0.56065,602303.0,0.11286788695052839,20453425.0,10907628.0,10114832.0,9370503.0,9545797.0,4626569.0,-12785931.0,445277934.2,444124058.2,1.1341751692846405,1.079433195848718,0.04187313371721362,0.07851835431131314,-0.4711388747285486,1.1341751692846405,-0.49432562239929706,83.44235299981972,-20.645611127390612,40.822618281444875,0.0,1.0232314702320444,0.0,0.26090270944841754,0.5442884976398812,-0.26361941826368934,-588.481336565097,0.11286788695052839,-12.283862657489031,-6.863148480966783,0.0,0.0,-0.7923585714837308,-12.464998490306064,-11.166318160474262,-6.863148480966783,0.0,0.0,Communication Equipment,Technology,BOXL
2017Q3,2017,Q3,2017-11-14,2017-09-30,470294.0,10228389.0,545184.0,0.049686,2900688.0,0.283591873558974,20274937.0,5863218.0,9758486.0,14173345.0,14411719.0,2371105.0,-7394001.0,604271774.4,608155144.4,0.6194362420645276,0.6885097342934925,0.23016352652538452,0.795902693708472,0.05177549479005665,0.6194362420645276,0.08021090124910928,59.077903118467624,321.2202230944899,103.0614543753959,0.0,3.0904160718314877,0.0,0.5044843789157026,0.419930651515221,0.02319583039888114,-668.0453916202432,0.283591873558974,1.5777441860465118,2.3145957489629567,0.0,4.876418066358795,0.6952737626852378,1.5776623721185605,-0.2201005945262387,2.3145957489629567,0.0,4.876418066358795,Communication Equipment,Technology,BOXL
2017Q2,2017,Q2,2017-08-14,2017-06-30,-814133.0,5984440.0,699044.0,-0.086,1711044.0,0.285915474129576,18410900.0,1306778.0,7706814.0,12748423.0,17104122.0,2517235.0,-7864305.0,604271774.4,611389512.4,0.1380582563248713,0.6045307721590348,0.4313917298991358,6.077780617671862,0.07557977608170666,0.1380582563248713,-0.6230078865729297,100.97382117625041,-185.55683604521622,462.41348905475917,0.0,1.6976547680292067,0.0,0.32504874829584646,0.3130591917133594,-0.044220163055581206,1434.697838474396,0.285915474129576,0.47864011272296414,-3.180507843590336,0.0,2.1327953591710034,0.4261718730464615,0.4785711083357351,-0.5151941355359749,-3.180507843590336,0.0,2.1327953591710034,Communication Equipment,Technology,BOXL
2017Q1,2017,Q1,2017-05-15,2017-03-31,-1561350.0,4194429.0,1441905.0,-0.1649532349892926,1199746.0,0.28603321214878114,19030258.0,576357.0,8111226.0,14109722.0,18453901.0,3591530.0,-7050172.0,604271774.4,611774046.4,0.06089086473803036,0.5748678818760568,0.41533047003356444,13.713455375748017,0.1700318966420969,0.06089086473803036,-2.7089980689052098,144.06532436238638,-96.7546953597848,1048.4331315486756,0.0,0.8338181777682492,0.0,0.22040841485175872,0.23388086597312122,-0.08204565592331958,-5329.897281563674,0.28603321214878114,0.09181723840063545,-4.988332847521593,0.0,1.599980013053974,-0.21407651143793527,0.0918281107221111,0.5200091501724617,-4.988332847521593,0.0,1.599980013053974,Communication Equipment,Technology,BOXL
2016Q4,2016,Q4,2017-10-10,2016-12-31,-1719223.0,5000696.0,948616.0,-0.18163,1526543.0,0.30526610695791145,19120378.0,2114255.0,8011608.0,12673215.0,17006123.0,4164116.0,-5488822.0,604271774.4,611594189.4,0.22336644688397017,0.6321685539146933,0.406839080273413,3.679270948868514,0.09588593021530405,0.22336644688397017,-0.8131578262792332,120.8375342952261,-87.86989448140237,285.80836956753086,0.0,0.8343074496483768,0.0,0.26153750726057823,0.26860011449344146,-0.0899157432975436,274.95206401135715,0.30526610695791145,-15.783349619758873,-1.5473932982167595,0.0,0.0,-0.4534895668315281,-15.783550544247571,0.901708622096415,-1.5473932982167595,0.0,0.0,Communication Equipment,Technology,BOXL
2016Q3,2016,Q3,2016-09-30,2016-09-30,-102435.0,7877595.0,498823.0,-0.0108220351786135,2793255.0,0.35458220434028404,27443421.0,9109010.0,10390949.0,14023082.0,18334411.0,4245130.0,-3769599.0,604271774.4,614040978.4,0.962347114388072,0.7409889637670235,0.386134877280788,1.1633384967191824,0.025313419269139676,0.962347114388072,-0.011245459166254072,76.70764673736083,-1474.768815346317,66.3378099705676,0.0,1.1976877033212174,0.0,0.28704857896542857,0.3687118138509067,-0.0037325885865322696,2552.782821246161,0.35458220434028404,-1.327179519938675,0.7136671623600971,0.0,7.022346590326836,0.5250046816044882,-1.327179519938675,0.4355527544189848,0.7136671623600971,0.0,7.022346590326836,Communication Equipment,Technology,BOXL
2016Q2,2016,Q2,2016-06-30,2016-06-30,313085.0,4418186.0,347478.0,0.0330767499770216,1831637.0,0.41456765287835323,5230854.0,-6402690.0,5003741.0,9308218.0,11633544.0,2109992.0,-3667164.0,604271774.4,610902587.4,-0.6764302866965086,0.5375616471380451,1.331948473423269,-1.088172002705113,0.6155086105806872,-0.6764302866965086,-0.04889897839814203,136.76920220198969,482.5141530255362,-94.37779658237397,0.0,1.2258572544350879,0.0,0.8446395177536976,0.29020796461793225,0.05985351531509004,8613.995358517463,0.41456765287835323,2.0561389542003017,2.6076664355952652,0.0,-4.550244584933776,0.0,2.0561389542003017,0.3631345842274362,2.6076664355952652,0.0,-4.550244584933776,Communication Equipment,Technology,BOXL
2016Q1,2016,Q1,2016-03-31,2016-03-31,-296443.0,0.0,254911.0,-0.03131855883685968,0.0,0.0,94711.0,-2449546.0,2266.0,2544257.0,2544257.0,0.0,-2426946.0,604271774.4,605426410.4,-0.25878921251166087,0.0008906332968721321,12.215075334438449,-0.4722924166355725,-0.1972012402486686,-0.25878921251166087,0.12101956852412651,0.0,-509.6019929632341,-246.6872532297822,0.0,0.0,0.0,0.0,0.0008906332968721321,-3.129974343001341,-4502.334158390022,0.0,0.794981940057216,-0.13696439255634144,0.0,-1.5499449838490904,-1.0,0.7949752712690946,-0.8016573231507814,-0.13696439255634144,0.0,-1.5499449838490904,Communication Equipment,Technology,BOXL
2015Q4,2015,Q4,2015-12-31,2015-12-31,-1445889.0,3377280.0,1285205.0,-0.15276,1100287.0,0.3257908731286716,6238136.0,41307.0,6002976.0,6196829.0,6196829.0,3549778.0,-3426839.0,604271774.4,604292743.4,0.004363994797900989,0.9687173875541829,0.16272040237660737,24.57384946861307,1.2166135449493032,0.004363994797900989,-35.003486091945675,178.92261654349062,-104.4810103680158,14628.798373157093,0.0,0.641446591871379,0.0,0.5413924928856954,0.34303851211643893,-0.2317822182780241,789.054023802,0.3257908731286716,-3.0412698412698416,-1.1423910386060054,0.0,0.0,0.0,-3.041641043416036,2.8198875913580284,-1.1423910386060054,0.0,0.0,Communication Equipment,Technology,BOXL
2015Q3,2015,Q3,2015-09-30,2015-09-30,-357748.0,0.0,336451.0,-0.0378,0.0,0.0,54883.0,-1512535.0,1417.0,1567418.0,1567418.0,0.0,-1488120.0,604271774.4,605153529.4,-0.15979603630481934,0.0009040345332259806,16.09190459705191,-0.5839018601222451,-0.5345897359711327,-0.15979603630481934,0.23652213006641168,0.0,-422.27473976094905,-399.5092836859974,0.0,0.0,0.0,0.0,0.0009040345332259806,-6.518375453236886,-2949.379270893836,0.0,-0.8376276130286824,0.0,0.0,0.0,0.0,-0.837007368610234,0.9030787418053883,0.0,0.0,0.0,Communication Equipment,Technology,BOXL
2015Q2,2015,Q2,2015-06-30,2015-06-30,-194745.0,0.0,176793.0,-0.02057,0.0,0.0,58103.0,-1153587.0,8103.0,1211690.0,1211690.0,0.0,-1130372.0,604271774.4,604945055.4,-0.12187396002920106,0.006687354026194818,11.689224308555497,-0.5887540341560714,-0.37266024181717006,-0.12187396002920106,0.16881691627939635,0.0,-775.7218085188323,-523.8198544193026,0.0,0.0,0.0,0.0,0.006687354026194818,-3.351720220986868,-2718.0270528967253,0.0,0.2532491105786684,0.0,0.0,0.0,0.0,0.25308362609882945,-0.29700659281232356,0.0,0.0,0.0,Communication Equipment,Technology,BOXL
2015Q1,2015,Q1,2015-03-31,2015-03-31,-260732.0,0.0,251486.0,-0.027546,0.0,0.0,52392.0,-960627.0,2392.0,1013019.0,1013019.0,0.0,-935627.0,604271774.4,604719520.4,-0.10148815529385415,0.0023612587720467236,8.573427240800122,-0.467589397341528,-0.4917137226071859,-0.10148815529385415,0.2714185630843189,0.0,-579.3993203749444,-629.0389239527934,0.0,0.0,0.0,0.0,0.0023612587720467236,-4.976561307069781,-4910.862219621611,0.0,0.613666007489376,0.0,0.0,0.0,0.0,0.6136702746353137,1.3763537892630688,0.0,0.0,0.0,Communication Equipment,Technology,BOXL
2014Q4,2014,Q4,2014-12-31,2014-12-31,-674895.0,0.0,-668217.0,-0.071301,0.0,0.0,,,,,,,,604271774.4,,,0.0,0.0,0.0,0.0,,0.0,0.0,-223.8391803169382,0.0,0.0,0.0,0.0,0.0,0.0,0.0,-2420.0104702480594,0.0,0.0,0.0,0.0,0.0,0.0,0.0,0.0,0.0,0.0,0.0,Communication Equipment,Technology,BOXL
