Quarters,Year,Quarter,FillingDate,Date,NetIncome,Revenue,OperatingIncome,EPSDiluted,GrossProfit,GrossProfitRatio,TotalAssets,CommonStockEquity,CurrentAssets,CurrentLiability,TotalLiability,Inventory,RetainedEarnings,MarketCap,EnterpriseValue,bookValuePerShare,currentRatio,debtToAssets,debtToEquity,roic,shareholdersEquityPerShare,roe,priceToSalesRatio,peRatio,pbRatio,payoutRatio,inventoryTurnover,dividendYield,assetTurnover,quickRatio,returnOnAssets,priceToFreeCashFlowsRatio,grossProfitMargin,epsdilutedGrowth,fiveYNetIncomeGrowthPerShare,fiveYRevenueGrowthPerShare,fiveYShareholdersEquityGrowthPerShare,grossProfitGrowth,netIncomeGrowth,operatingIncomeGrowth,threeYNetIncomeGrowthPerShare,threeYRevenueGrowthPerShare,threeYShareholdersEquityGrowthPerShare,Industry,Sector,Symbol
2023Q1,2023,Q1,2023-05-15,2023-03-31,4170534.0,0.0,-212730.0,0.17,-212730.0,0.0,209445725.0,202218071.0,366948.0,227654.0,7227654.0,0.0,-6861206.0,52200000.0,51919630.0,40.4436142,1.6118671316998603,0.0,0.0,-0.002217053409457413,40.4436142,0.020623943148978016,0.0,3.129095698536446,0.2581371671773093,0.0,0.0,0.0,0.0,1.2315619317033744,0.01991224218111876,25.32501650735032,0.0,0.4166666666666668,0.0,0.0,0.0,0.748752502376889,0.33934537840493795,0.2774902184545158,0.0,0.0,0.0,Shell Companies,Financial Services,PRLH
2022Q4,2022,Q4,2023-03-31,2022-12-31,3113860.0,0.0,-294432.0,0.12,-846695.0,0.0,207466287.0,200239169.0,579142.0,227118.0,7227118.0,0.0,-6648476.0,255750000.0,255339201.0,8.00956676,2.5499608133217095,0.0,0.0,-0.003247910435742059,8.00956676,0.015550703768651777,0.0,20.533196739737818,1.277222639692437,0.0,0.0,0.0,0.0,1.8087469949541648,0.015008992762279494,91.77973008326028,0.0,0.846153846153846,8.813168063431526,0.0,7.903274259598872,-3.6939776803286413,0.9161802668865594,-0.6322964424905338,8.813168063431526,0.0,7.903274259598872,Shell Companies,Financial Services,PRLH
2022Q3,2022,Q3,2022-11-14,2022-09-30,1625035.0,0.0,-180379.0,0.065,-180379.0,0.0,205927567.0,198829455.0,744568.0,98112.0,7098112.0,-6291.0,-6354044.0,49750000.0,49283619.0,39.765891,7.58895955642531,0.0,0.0,-0.0020409554361563768,39.765891,0.008173009376301917,0.0,7.6536813053257315,0.25021443628661555,0.0,-28.672548084565253,0.0,0.0,4.817677756033921,0.007891294126735348,-442.09254174331085,0.0,3.6099290780141846,0.0,0.0,0.0,0.010993288884989912,3.6157112586844513,0.010993288884989912,0.0,0.0,0.0,Shell Companies,Financial Services,PRLH
2022Q2,2022,Q2,2022-08-15,2022-06-30,352066.0,0.0,-182384.0,0.0141,-182384.0,0.0,205285108.0,198107127.0,1004816.0,177981.0,7177981.0,0.0,-6173665.0,49450000.0,48826086.0,39.6214254,5.645636331968019,0.0,0.0,-0.0038203657578371737,39.6214254,0.0017771495924020946,0.0,35.114154732351324,0.24961242308056894,0.0,0.0,0.0,0.0,3.50550901500722,0.0017150099363271885,-738.4344294119404,0.0,3.35,0.0,0.0,0.0,0.0,3.3424374080998542,-0.11641345200347686,0.0,0.0,0.0,Shell Companies,Financial Services,PRLH
2022Q1,2022,Q1,2022-05-16,2022-03-31,-150299.0,0.0,-163366.0,-0.006,0.0,0.0,205179398.0,198022286.0,1090649.0,157112.0,7157112.0,0.0,-5991281.0,49400000.00000001,48739120.00000001,39.6044572,6.941856764601049,0.0,0.0,-0.0007027872567089306,39.6044572,-0.0007590004288709201,0.0,-82.16954204618794,0.249466870612735,0.0,0.0,0.0,0.0,4.206425989103315,-0.0007325248122620966,-69.7575571863699,0.0,-0.875,0.0,0.0,0.0,0.0,-0.8856200130476238,-1.0495558789581974,0.0,0.0,0.0,Shell Companies,Financial Services,PRLH
2021Q4,2021,Q4,2022-03-31,2021-12-31,-79708.0,0.0,-79708.0,-0.0032,0.0,0.0,205454319.0,-5801281.0,1454319.0,255600.0,7255600.0,0.0,-5801781.0,49300000.0,47930953.0,-1.1602562,5.689823943661972,0.0,0.0,0.01373972403681187,-1.1602562,0.01373972403681187,0.0,-154.62688814171725,-8.498123086952692,0.0,0.0,0.0,0.0,5.356208920187793,-0.00038795971964940783,870.4864483093494,0.0,0.0,0.0,0.0,0.0,0.0,0.0,0.0,0.0,0.0,0.0,Shell Companies,Financial Services,PRLH
2021Q3,2021,Q3,2021-09-30,2021-09-30,,,,,,,728386.0,-8985.0,1500.0,737371.0,737371.0,0.0,-33985.0,0.0,102802.0,0.0,0.0020342541271625818,0.14113670498883835,-11.441513633834168,,0.0,,0.0,0.0,0.0,0.0,0.0,,,0.0,,0.0,0.0,0.0,0.0,0.0,0.0,0.0,0.0,0.0,0.0,0.0,0.0,Shell Companies,Financial Services,PRLH
2021Q1,2021,Q1,2021-03-31,2021-03-31,,,,,,,194016.0,3962.0,0.0,190054.0,190054.0,0.0,-21038.0,0.0,0.0,0.0,0.0,0.0,0.0,,0.0,,0.0,0.0,0.0,0.0,0.0,,,0.0,,0.0,0.0,0.0,0.0,0.0,0.0,0.0,0.0,0.0,0.0,0.0,0.0,Shell Companies,Financial Services,PRLH
