Quarters,Year,Quarter,FillingDate,Date,NetIncome,Revenue,OperatingIncome,EPSDiluted,GrossProfit,GrossProfitRatio,TotalAssets,CommonStockEquity,CurrentAssets,CurrentLiability,TotalLiability,Inventory,RetainedEarnings,MarketCap,EnterpriseValue,bookValuePerShare,currentRatio,debtToAssets,debtToEquity,roic,shareholdersEquityPerShare,roe,priceToSalesRatio,peRatio,pbRatio,payoutRatio,inventoryTurnover,dividendYield,assetTurnover,quickRatio,returnOnAssets,priceToFreeCashFlowsRatio,grossProfitMargin,epsdilutedGrowth,fiveYNetIncomeGrowthPerShare,fiveYRevenueGrowthPerShare,fiveYShareholdersEquityGrowthPerShare,grossProfitGrowth,netIncomeGrowth,operatingIncomeGrowth,threeYNetIncomeGrowthPerShare,threeYRevenueGrowthPerShare,threeYShareholdersEquityGrowthPerShare,Industry,Sector,Symbol
2023Q1,2023,Q1,2023-05-09,2023-03-31,-44563000.0,750935000.0,13780000.0,-0.2,185174000.0,0.2465912496,5885859000.0,539320000.0,666431000.0,707276000.0,5345005000.0,52929000.0,-3693450000.0,662505100.0,5156764100.0,2.401481890479032,0.9422502672224139,0.8251121883823584,9.004846844174144,0.0021837339845138582,2.401481890479032,-0.08262812430467997,0.882240273792006,-3.716676951731257,1.2284081806719573,0.0,10.689055149351017,0.0,0.1275829067600838,0.6841204847895306,-0.007571197339249887,-25.820605659053708,0.24659124957552916,-0.5384615384615385,0.9188898484540644,-0.47366574380427046,-0.5844716181074832,0.43939617713588347,-0.7372811976141281,1.5524153136901182,-1.0989080759790832,-0.3927126024342631,-0.5786949320066684,Medical Care Facilities,Healthcare,BKD
2022Q4,2022,Q4,2023-02-22,2022-12-31,-25651000.0,695662000.0,-24945000.0,-0.13,128647000.0,0.1849274504,5937062000.0,582605000.0,637093000.0,641205000.0,5352909000.0,27735000.0,-3648901000.0,552128850.0,5046011850.0,2.8806892630225716,0.9935870743366007,0.8241000346636097,8.39802782331082,-0.0037578419345117493,2.8806892630225716,-0.04402811510371521,0.7936740112295914,-5.381163015087131,0.9476898584804456,0.0,20.444023796646835,0.0,0.11717276996602023,0.7849143409673973,-0.004320487136566875,-5.817148681964726,0.1849274503997631,0.13333333333333328,-2.570225126849632,-0.45003281630067243,-0.6491897666348538,0.007376375239810501,0.0959681398463382,-2.2988128709778195,0.7429670533613766,-0.3541834891488641,-0.23367748317151535,Medical Care Facilities,Healthcare,BKD
2022Q3,2022,Q3,2022-11-08,2022-09-30,-28374000.0,690699000.0,19206000.0,-0.15,127705000.0,0.1848924061,6093953000.0,491237000.0,581434000.0,657003000.0,5601154000.0,0.0,-3623264000.0,797593299.9999999,5603723300.0,2.6298891803629743,0.8849792162288452,0.837769999210693,10.392806323627903,0.0027615723957550397,2.6298891803629743,-0.05776030714298801,1.1547624942268628,-7.027501409741312,1.6236425594977577,0.0,0.0,0.0,0.11334170119132853,0.6700928306263442,-0.004656091046320836,81.38707142857142,0.18489240609874924,0.6666666666666667,0.9316252977946782,-0.4152065073625808,-0.6755530677879741,-0.018054177912081998,0.6633484807137857,1.5528338274661064,0.6408208810506981,-0.3200963657337612,-0.3811421076197889,Medical Care Facilities,Healthcare,BKD
2022Q2,2022,Q2,2022-08-09,2022-06-30,-84283000.0,681105000.0,-34741000.0,-0.45,130053000.0,0.1909441276,6168296000.0,516230000.0,587466000.0,854013000.0,5649729000.0,0.0,-3594905000.0,847894940.0,5767384940.0,2.7641209888574165,0.6878888260483155,0.8362515352700325,9.992148848381536,-0.005035109541743882,2.7641209888574165,-0.163266373515681,1.2448813912686003,-2.515023610929844,1.6424751370513144,0.0,0.0,0.0,0.1104202846296611,0.5313525672325831,-0.013663903288687832,-18.709893199170306,0.19094412755742507,0.1666666666666667,-0.8155258038458892,-0.42762843678244516,-0.7313972184464014,0.019711617622844776,0.15743961932181702,0.3164853325988156,-0.5143816503679179,-0.33411585371273345,-0.4022317480796173,Medical Care Facilities,Healthcare,BKD
2022Q1,2022,Q1,2022-05-06,2022-03-31,-100032000.0,677444000.0,-50827000.0,-0.54,127539000.0,0.1882650079,6294977000.0,597077000.0,654896000.0,792898000.0,5695698000.0,0.0,-3510487000.0,1310707800.0,6223637800.0,3.2115417715527443,0.8259523923632044,0.8264012719982933,8.712740567799463,-0.006968146702015659,3.2115417715527443,-0.16753618042564025,1.9347839821446495,-3.2757212691938578,2.1952073183190777,0.0,0.0,0.0,0.10761659653403023,0.6538785568887802,-0.01589076497022944,-20.735438452168136,0.18826500788257036,-0.22727272727272735,0.2089730905059389,-0.4439219591966266,-0.6949531519817972,0.05792328876206908,-0.22408223201174743,0.00333352942329941,-1.3589416383622226,-0.34698341676816064,-0.34675188137632323,Medical Care Facilities,Healthcare,BKD
2021Q4,2021,Q4,2022-02-15,2021-12-31,-81720000.0,643632000.0,-50997000.0,-0.44,120556000.0,0.1873057896,6410467000.0,697402000.0,698994000.0,631954000.0,5710844000.0,0.0,-3410474000.0,956509200.0,5835495200.0,3.762216108323893,1.1060836706469142,0.8152318700026067,7.493550348292663,-0.005424597524253323,3.762216108323893,-0.1171777540070146,1.4861119397419644,-2.9261784140969165,1.3715320575507384,0.0,0.0,0.0,0.10040329355100026,0.9186760428765385,-0.012747901205949583,-7.233841802355041,0.1873057896437716,-1.4943820224719102,0.6951121421798075,-0.46667274314038976,-0.6638164643110414,-0.022199151614446886,-1.4688952387509897,-0.043844028246852934,-1.6291399032008782,-0.39023601264831365,-0.3068555396630793,Medical Care Facilities,Healthcare,BKD
2021Q3,2021,Q3,2021-11-05,2021-09-30,174282000.0,641565000.0,-48855000.0,0.89,123293000.0,0.19217538363221184,6654333000.0,791541000.0,833113000.0,821916000.0,5860553000.0,0.0,-3328772000.0,1167497100.0,5975471100.0,4.271281102111517,1.0136230466373692,0.7944422078065525,6.678722896223948,-0.005983283103391482,4.271281102111517,0.22018063498921722,1.8197643262958547,1.6747241539573794,1.4749673106004617,0.0,0.0,0.0,0.09641311909097426,0.8378812433387354,0.026190754204816622,-29.87530643056373,0.19217538363221184,2.977777777777778,4.383448682970714,-0.48340489671937475,-0.6621289915257701,-0.037750721923046904,3.0850870371478134,0.06933993713687017,5.754709977707796,-0.4199175003035964,-0.09968689362212062,Medical Care Facilities,Healthcare,BKD
2021Q2,2021,Q2,2021-08-06,2021-06-30,-83585000.0,721984000.0,-52495000.0,-0.45,128130000.0,0.17746930679904263,6602949000.0,613877000.0,780931000.0,897322000.0,5986814000.0,0.0,-3503054000.0,1462937800.0,6518450800.0,3.3149928178764676,0.8702907094666129,0.808152236220513,8.692601286576952,-0.0070155156632571375,3.3149928178764676,-0.13615919801523757,2.026274543480188,-4.375599090745948,2.383112252128684,0.0,0.0,0.0,0.1093426588634866,0.48316880673827234,-0.012658737785192647,-40.901887214471444,0.17746930679904263,0.2372881355932203,-1.3660149176004472,-0.42447279143033245,-0.7426537046775405,0.09884738087887208,0.22810176848132244,0.14767007631108947,0.4883639035294975,-0.36690376564781624,-0.3249356760204164,Medical Care Facilities,Healthcare,BKD
2021Q1,2021,Q1,2021-05-07,2021-03-31,-108285000.0,738710000.0,-61590000.0,-0.59,116604000.0,0.15784814067766784,6746153000.0,692830000.0,856552000.0,898962000.0,6051046000.0,0.0,-3419469000.0,1113266550.0,6195909550.0,3.7651553439740018,0.9528233673948399,0.7984691423393451,7.774771588990085,-0.008186214966788933,3.7651553439740018,-0.15629375171398466,1.5070413964884732,-2.5702233688876577,1.606839412265635,0.0,0.0,0.0,0.10950092593512184,0.5467116518829495,-0.016051370314310986,-17.335739979445016,0.15784814067766784,-1.4583333333333333,-1.233870487557848,-0.4115576020714643,-0.7118864955708966,0.05165183040666685,-1.4543291024478695,-25.61630695443645,0.7594571135722109,-0.3680878690887864,-0.3485152172672026,Medical Care Facilities,Healthcare,BKD
2020Q4,2020,Q4,2021-02-25,2020-12-31,-44120000.0,773876000.0,2502000.0,-0.24,110877000.0,0.14327489158469833,6901758000.0,800434000.0,773603000.0,690733000.0,6099029000.0,0.0,-3311184000.0,812413270.0,4513750270.0,4.364678361297569,1.1199739986362314,0.5914083049565053,5.09942980932844,0.00037166530868636323,4.364678361297569,-0.05512009734718915,1.0497977324532612,-4.603429680417045,1.0149659684621093,0.0,0.0,0.0,0.11212737392415092,0.9591926258047611,-0.006392574181824399,28.68893530616569,0.14327489158469833,0.6470588235294118,0.7448587252390518,-0.36890016970972506,-0.6719596888676519,-0.184188065631668,0.6469693938787757,1.0453943429431936,-3.9785002233448528,-0.3252942916252075,-0.46846962838191863,Medical Care Facilities,Healthcare,BKD
2020Q3,2020,Q3,2020-11-05,2020-09-30,-124975000.0,797215000.0,-55117000.0,-0.68,135910000.0,0.17048098693577016,7007927000.0,841856000.0,722084000.0,719010000.0,6163757000.0,0.0,-3267064000.0,465439760.0,4206010760.0,4.594180437012945,1.0042753230135881,0.5843656761835562,4.864480386194313,-0.009589389482804658,4.594180437012945,-0.1484517542192489,0.5838321657269369,-0.9310657331466293,0.5528733655161928,0.0,0.0,0.0,0.11375903316344477,0.840846441635026,-0.017833376403606944,-4.432928492514001,0.17048098693577016,-0.04615384615384619,-0.8451971673463582,-0.351826546202586,-0.6771744160002348,0.03219387716353639,-0.05552317970287413,0.08103106190706437,0.6930116549305797,-0.3119610500030768,-0.4332203197202296,Medical Care Facilities,Healthcare,BKD
2020Q2,2020,Q2,2020-08-10,2020-06-30,-118401000.0,839216000.0,-59977000.0,-0.65,131671000.0,0.15689762826256887,7424543000.0,937557000.0,838027000.0,930426000.0,6484654000.0,0.0,-3142089000.0,540375100.0,4174647100.0,5.118283855048095,0.9006917261555459,0.5504329357375936,4.358895512486174,-0.009182787547548331,5.118283855048095,-0.12628672176731653,0.6439046681664792,-1.1409850845854341,0.5763650636707955,0.0,0.0,0.0,0.1130326809340319,0.7338756655553478,-0.015947244160347648,4.9867582731954005,0.15689762826256887,-1.325,-0.4087342183941704,-0.3181945584789237,-0.6486131971064593,-0.5653561761404898,-1.3204227162632098,-5.025302013422818,-1.6003433035456218,-0.28096403539205594,-0.5026320172710391,Medical Care Facilities,Healthcare,BKD
2020Q1,2020,Q1,2020-05-06,2020-03-31,369515000.0,1014139000.0,14900000.0,2.0,302940000.0,0.29871644813975207,7501695000.0,1049879000.0,801981000.0,686100000.0,6449465000.0,0.0,-3023688000.0,574660320.0,4279325320.0,5.7001020707328465,1.1688981198076083,0.5461884280819201,3.902677356152471,0.0021664480226077838,5.7001020707328465,0.35195960677373295,0.5666484771811359,0.38879363489980107,0.5473586194218572,0.0,0.0,0.0,0.1351879808496613,0.9273342078414225,0.04925753446387783,-48.26644716949437,0.29871644813975207,5.081632653061225,3.824783616168832,-0.18955259196907331,-0.6207866725772002,0.4339268978444236,5.0424798704708556,1.3453230740706406,3.9494737074212067,-0.15972783031746773,-0.45857837333425155,Medical Care Facilities,Healthcare,BKD
2019Q4,2019,Q4,2020-02-19,2019-12-31,-91408000.0,986638000.0,-43148000.0,-0.49,211266000.0,0.21412716720823646,7194433000.0,696356000.0,596175000.0,1046972000.0,6495708000.0,0.0,-3393088000.0,1346731150.0,4918360150.0,3.7591082080488003,0.5694278357014323,0.5298341092341815,5.47400467576929,-0.0062115302789201325,3.7591082080488003,-0.13126619143081986,1.3649698775031978,-3.68329673004551,1.933969334650667,0.0,0.0,0.0,0.13713909073863081,0.4225585784529099,-0.012705379284232684,-139.92011948051947,0.21412716720823646,-0.16666666666666669,0.1503802883717295,-0.2197273422188168,-0.7607193690933596,0.06119025135118844,-0.16505646333069923,-1.133715755118188,0.6587372132135001,-0.18189895934521141,-0.6640941795918668,Medical Care Facilities,Healthcare,BKD
2019Q3,2019,Q3,2019-11-05,2019-09-30,-78458000.0,1008949000.0,-20222000.0,-0.42,199084000.0,0.19731819943327164,7374203000.0,788366000.0,628500000.0,1058060000.0,6580407000.0,0.0,-3301680000.0,1406211280.0,4988515280.0,4.249584941460575,0.5940116817571782,0.5185231542988442,4.850152086721142,-0.0028328115652011387,4.249584941460575,-0.09951976619996296,1.39373871226395,-4.480777231130031,1.7837036097447125,0.0,0.0,0.0,0.13682143005827205,0.4081450957412623,-0.010639522671127985,-94.52250319284802,0.19731819943327164,-0.4,-0.8242413060779333,-0.20220755141223626,-0.7734411710545629,-0.12323289263914457,-0.4144222102037137,-10.146087743102669,-0.5215218073120452,-0.18845477752685788,-0.6638452222078315,Medical Care Facilities,Healthcare,BKD
2019Q2,2019,Q2,2019-08-06,2019-06-30,-55470000.0,1019457000.0,2211000.0,-0.3,227066000.0,0.22273229768396313,7459482000.0,860724000.0,655929000.0,969598000.0,6593278000.0,0.0,-3223222000.0,1390465800.0,4955169800.0,4.624067905877297,0.6764958261052518,0.5121941443118972,4.438940938093976,0.0003162354757182038,4.624067905877297,-0.06444574567457163,1.363927855711423,-6.266746890210925,1.6154607051737837,0.0,0.0,0.0,0.13666592398775143,0.46690071555428125,-0.007436173181998428,737.2565217391304,0.22273229768396313,-0.30434782608695643,-10.310310202658824,-0.08481063474117698,-0.43944960109148107,-0.05044160449633669,-0.3022655241225496,-0.8672948802592881,-0.5620911008790719,-0.1915256239679005,-0.6410288618183817,Medical Care Facilities,Healthcare,BKD
2019Q1,2019,Q1,2019-05-07,2019-03-31,-42595000.0,1042044000.0,16661000.0,-0.23,239128000.0,0.2294797532541812,7630773000.0,918098000.0,750624000.0,1101724000.0,6713176000.0,0.0,-3167752000.0,1232530200.0,4822704200.0,4.916266392498942,0.6813176439834296,0.5041003054343249,4.189830497397882,0.002348162441867115,4.916266392498942,-0.04639482931016079,1.1828005343344428,-7.234007512618852,1.3424821751054898,0.0,0.0,0.0,0.1365581180307683,0.43429479615584304,-0.005582003291147568,-18.943351161932867,0.2294797532541812,-1.3285714285714285,-11.349762888153197,-0.07051032022182974,-0.403929593661167,0.006210761954454413,-1.3238203118466767,1.3586481541276505,0.13415836818362878,-0.18208873934675637,-0.6238023110210145,Medical Care Facilities,Healthcare,BKD
2018Q4,2018,Q4,2019-02-14,2018-12-31,131539000.0,1068930000.0,-46455000.0,0.7,237652000.0,0.22232699989709334,6467260000.0,1018903000.0,774016000.0,773331000.0,5448847000.0,0.0,-3069272000.0,1257730700.0,4522778700.0,5.427751823184407,1.0008857785346765,0.566440037975897,3.595352060009638,-0.011018384292472148,5.427751823184407,0.12909864825209072,1.1766258782146632,2.3904140597085277,1.2343968954846536,0.0,0.0,0.0,0.16528328844054516,0.7073646342898449,0.020339216298710737,-55.47751312249129,0.22232699989709334,4.499999999999999,90.33798241498327,-0.03594550023354777,-0.3391237915401174,-0.05555356851898216,4.543519840521538,-13.811638168781027,1.7431220988603435,-0.1483985849936914,-0.59206125871386,Medical Care Facilities,Healthcare,BKD
2018Q3,2018,Q3,2018-11-06,2018-09-30,-37121000.0,1120062000.0,3626000.0,-0.2,251631000.0,0.22465809928378966,6494637000.0,890371000.0,636714000.0,962800000.0,5604789000.0,0.0,-3200811000.0,1805433499.9999998,5387742500.0,4.744217397096044,0.6613149148317408,0.5721602300482691,4.173510817400836,0.0004428143804665836,4.744217397096044,-0.04169160945268882,1.6119049659750977,-12.159111419412191,2.0277316983594478,0.0,0.0,0.0,0.17245952314194005,0.27394266722060656,-0.005715638918695533,78.38464377197933,0.22465809928378966,0.7727272727272727,-24.389639028392526,0.016198300158195202,-0.420689835129722,-0.12006056706438573,0.7756876631538239,1.0263538509619228,0.4648658832133886,-0.11083741269802014,-0.6666315629441916,Medical Care Facilities,Healthcare,BKD
2018Q2,2018,Q2,2018-08-07,2018-06-30,-165488000.0,1155200000.0,-137589000.0,-0.88,285964000.0,0.24754501385041552,6729647000.0,921161000.0,551146000.0,736170000.0,5808990000.0,0.0,-3163690000.0,1705147650.0,5328578650.0,4.910632513260655,0.7486667481695803,0.5572458704000374,4.071023415016485,-0.02181548311362396,4.910632513260655,-0.179651548426388,1.4760627164127424,-2.575938512157981,1.8510853694413898,0.0,0.0,0.0,0.1716583351251559,0.3594726761481723,-0.024590888645422262,252.4648578620077,0.24754501385041552,0.6408163265306123,-19.936197785209167,0.060706013292211855,-0.4000817662454698,-0.02275290306265421,0.6380307444639842,0.6675236992878736,-0.9227171765211154,-0.08352822718119335,-0.6628691358495357,Medical Care Facilities,Healthcare,BKD
2018Q1,2018,Q1,2018-05-08,2018-03-31,-457188000.0,1187234000.0,-413831000.0,-2.45,292622000.0,0.24647373643275042,7187428000.0,1080044000.0,892071000.0,1064305000.0,6107867000.0,0.0,-2998201000.0,1253964800.0,4866398800.0,5.7793450342465755,0.8381723284208944,0.5492710326976493,3.655264044798175,-0.06816802815312023,5.7793450342465755,-0.42330497646392184,1.0562069482511451,-0.6856942876890908,1.1610312172467048,0.0,0.0,0.0,0.16518203730179976,0.5971352196973612,-0.06360940241766595,-43.802039960877465,0.24647373643275042,-31.625000000000004,-85.45118630382429,0.09549648188170634,-0.29570559751191167,0.005338958593868099,-31.363817493524607,-158.64990476190476,-2.444623234050616,-0.0649012647507178,-0.6155148392843937,Medical Care Facilities,Healthcare,BKD
2017Q4,2017,Q4,2018-02-22,2017-12-31,15057000.0,1165890000.0,2625000.0,0.08,291068000.0,0.24965305474787503,7675449000.0,1530728000.0,901872000.0,1095776000.0,6145158000.0,0.0,-2541294000.0,1808196399.9999998,5563374400.0,8.211531446473403,0.8230441258067343,0.5182530689735545,2.5986491394944107,-0.00011277241899914127,8.211531446473403,0.009836496098588384,1.5509150949060373,30.022521086537818,1.181265646150067,0.0,0.0,0.0,0.15189860554086151,0.5871674502818094,0.0019617093410431103,186.18167215815484,0.24965305474787503,1.0360360360360361,1.4044341421273416,0.09587458142994568,0.0040713856344421874,0.0023831170620161445,1.0363796706814694,1.0074792717326266,1.139075763257089,-0.08373993886100617,-0.4773067662657807,Medical Care Facilities,Healthcare,BKD
2017Q3,2017,Q3,2017-11-07,2017-09-30,-413885000.0,1177988000.0,-350970000.0,-2.22,290376000.0,0.246501662156151,8092166000.0,1510087000.0,935852000.0,1128396000.0,6582480000.0,0.0,-2556351000.0,1974758800.0,5713919800.0,8.105760663023757,0.8293648683618162,0.4981008792948637,2.66919389412663,-0.0458469616726702,8.105760663023757,-0.27408023511228163,1.6763827814884362,-1.192818536550008,1.3077119397756554,0.0,0.0,0.0,0.14557140819899148,0.5927644195831959,-0.05114638033871277,60.27773266994292,0.246501662156151,-7.880000000000001,-21.658948806282083,0.11207492409047004,-0.027967676982448696,-0.07555068814130217,-7.94171149566833,-12.631537084907537,-8.582921225754138,-0.07245550435477935,-0.5678562332971102,Medical Care Facilities,Healthcare,BKD
2017Q2,2017,Q2,2017-08-08,2017-06-30,-46287000.0,1186472000.0,30174000.0,-0.25,314107000.0,0.2647403394264677,8192792000.0,1916259000.0,560924000.0,1077548000.0,6276890000.0,0.0,-2142466000.0,2739178520.0,6245177520.0,10.290738513092604,0.5205559288310126,0.44643230293165015,1.9086809246558007,0.003976562519144443,10.290738513092604,-0.02415487676770207,2.3086752321167294,-14.794534750577917,1.4294406549427818,0.0,0.0,0.0,0.14481900675618276,0.2886692750578165,-0.005649722341297082,29.62362944217334,0.2647403394264677,0.6323529411764706,-0.6083542069711767,0.12256200598095947,0.22077034254790334,-0.12328939178684768,0.6335270458576133,-0.3730208203465902,-8.434251055309975,0.06471063263658994,0.24748980680959515,Medical Care Facilities,Healthcare,BKD
2017Q1,2017,Q1,2017-05-10,2017-03-31,-126304000.0,1216766000.0,48126000.0,-0.68,358279000.0,0.2944518502325016,8238088000.0,1954939000.0,473717000.0,706328000.0,6283456000.0,0.0,-2096179000.0,2493803270.0,6057453270.0,10.528028046895615,0.6706756634311538,0.439772796794596,1.853196953971454,0.02000461967634907,10.528028046895615,-0.06460764248910068,2.0495339859923765,-4.936113009089182,1.2756424983081314,0.0,0.0,0.0,0.14770004884628568,0.27945373820661223,-0.015331712892603235,139.80285177710505,0.2944518502325016,0.5310344827586206,-6.970762955883188,0.16137367890552165,0.22894420373280952,0.04101847385824118,0.5295712641580411,1.2698114582690938,-35.82854470702909,0.09152336596693579,0.2764658085726486,Medical Care Facilities,Healthcare,BKD
2016Q4,2016,Q4,2017-02-15,2016-12-31,-268487000.0,1208868000.0,-178369000.0,-1.45,344162000.0,0.2846977502920087,9217687000.0,2077982000.0,619504000.0,731142000.0,7139955000.0,0.0,-1969875000.0,2306195280.0,5719051280.0,11.19095883328666,0.8473100984487282,0.3937270814250907,1.7465276407591597,-0.0217255298555339,11.19095883328666,-0.12920564278227625,1.9077312659446688,-2.1473993899145953,1.109824473936733,0.0,0.0,0.0,0.1311465663783116,0.48978447415139603,-0.02912737219217793,122.97084781913192,0.2846977502920087,-4.178571428571428,-10.775986496621439,0.17370610049215188,0.303324631091582,-0.028180786238288597,-4.194679307342556,-4.74370867877007,-183.3500427028218,0.10222327518630496,0.36259701690525264,Medical Care Facilities,Healthcare,BKD
2016Q3,2016,Q3,2016-11-03,2016-09-30,-51685000.0,1246126000.0,47645000.0,-0.28,354142000.0,0.2841943752076435,9632283000.0,2350683000.0,553894000.0,800166000.0,7281887000.0,0.0,-1701388000.0,3244757700.0,6978626700.0,12.641750830886386,0.6922238635483138,0.39534272404579474,1.6199772576736209,0.005989482958061397,12.641750830886386,-0.02198722669113615,2.6038760927867646,-15.694871335977558,1.3803467758094137,0.0,0.0,0.0,0.12936974546948007,0.2619943861648708,-0.00536580995388113,126.98644724483407,0.2841943752076435,-0.47368421052631593,-3.8044376824494153,0.32366147474764956,0.46508450565290427,-0.067190656682058,-0.4579689703808181,-0.18257930584864548,-34.679681097661295,0.1410848581404088,0.5436676157742072,Medical Care Facilities,Healthcare,BKD
2016Q2,2016,Q2,2016-08-09,2016-06-30,-35450000.0,1258830000.0,58287000.0,-0.19,379651000.0,0.301590365656999,9872332000.0,2393695000.0,701586000.0,898098000.0,7478881000.0,0.0,-1649703000.0,2869138000.0,6791937000.0,12.88144759854702,0.7811909168041795,0.4013086269789144,1.6551198043192636,0.006610429982328161,12.88144759854702,-0.014809739753811576,2.2792100601352048,-20.23369534555712,1.1986230493024383,0.0,0.0,0.0,0.12751090623775618,0.1978258497402288,-0.003590843581840643,110.58113003931241,0.301590365656999,0.2692307692307693,0.3186874429384771,0.40851312826910796,0.4619310955923735,0.04868434863794313,0.2731932342388519,0.409464622527446,-3.5273233190864026,0.16680666486461718,0.5736904096679393,Medical Care Facilities,Healthcare,BKD
2016Q1,2016,Q1,2016-05-10,2016-03-31,-48775000.0,1263156000.0,41354000.0,-0.26,362026000.0,0.2866043465731865,9988672000.0,2419636000.0,467499000.0,855915000.0,7569239000.0,0.0,-1614253000.0,2940229640.0,6898096640.0,13.068305671525712,0.546197928532623,0.40332979198836444,1.6650144897827608,0.004788224097882277,13.068305671525712,-0.02015799070604008,2.327685289861268,-15.070372321886213,1.2151537008045838,0.0,0.0,0.0,0.12645885258821193,0.254292774399327,-0.004883031498081026,-77.03591165142663,0.2866043465731865,0.7234042553191489,-1.5859675980153456,0.4471596253285522,0.4994379327794241,0.008075160250162895,0.7201005400008034,5.6606559224614,-10.093692865776227,0.17642358658812862,0.5925566789868548,Medical Care Facilities,Healthcare,BKD
2015Q4,2015,Q4,2016-02-12,2015-12-31,-174259000.0,1235702000.0,-8873000.0,-0.94,359126000.0,0.29062508598351383,10048564000.0,2458888000.0,497943000.0,840148000.0,7589837000.0,0.0,-1565478000.0,3411500300.0,7328446300.0,13.305311003490166,0.5926848602865209,0.3985619238729036,1.6287748770989163,-0.0016477016735648425,13.305311003490166,-0.07086902697479511,2.7607791360700236,-4.89429570352177,1.3874158969420323,0.0,0.0,0.0,0.12297299395217068,0.2762394244823531,-0.017341681856233387,-178.68742405195894,0.29062508598351383,-1.5405405405405403,-12.999377754388163,0.4386750166740921,0.5162072409012329,0.011462980487585057,-1.5543682204632072,-3.4223314223314225,-3.721334028699254,0.17159409694902997,0.6269172373819555,Medical Care Facilities,Healthcare,BKD
2015Q3,2015,Q3,2015-11-09,2015-09-30,-68220000.0,1238841000.0,3663000.0,-0.37,355056000.0,0.2866033655650725,10274960000.0,2626644000.0,478121000.0,716130000.0,7648433000.0,0.0,-1391219000.0,4237727200.0,8127270200.0,14.231153491900091,0.6676455392177398,0.385396536823501,1.5076020960586969,0.00027528507036684744,14.231153491900091,-0.025972305344766935,3.420719204482254,-15.52963647024333,1.6133618411935535,0.0,0.0,0.0,0.12056893652140738,0.3113233630765364,-0.006639441905369948,-132.14403941501138,0.2866033655650725,0.19565217391304351,-1.6313030495477205,0.4471054872233646,0.6122846947493236,-0.024104929279380804,0.1931115237678451,1.084943069823528,-2.7698048306983707,0.18047238529497436,0.7065814996307447,Medical Care Facilities,Healthcare,BKD
2015Q2,2015,Q2,2015-08-07,2015-06-30,-84547000.0,1238184000.0,-43123000.0,-0.46,363826000.0,0.2938383955857934,10353280000.0,2684010000.0,497684000.0,783105000.0,7669271000.0,0.0,-1322999000.0,6394030200.000001,10264686200.0,14.565953567125785,0.6355265258170999,0.3814396983371453,1.471362625325539,-0.002887300447952988,14.565953567125785,-0.031500255215144504,5.164038785834739,-18.906732941440858,2.382267651759867,0.0,0.0,0.0,0.11959340421586202,0.3069958690086259,-0.008166204333312728,4130.51046511628,0.2938383955857934,0.35211267605633795,-4.747801261679924,0.46541327339842353,0.6244880207120099,-0.003527665331923728,0.3518869153935194,0.6310268411010241,-1.9688162871448822,0.1838603883858801,0.7279308091497889,Medical Care Facilities,Healthcare,BKD
2015Q1,2015,Q1,2015-05-11,2015-03-31,-130451000.0,1247881000.0,-116873000.0,-0.71,365114000.0,0.29258719381094833,10490965000.0,2760935000.0,553524000.0,828251000.0,7729771000.0,0.0,-1238452000.0,6935681280.0,10778619280.0,15.031386448023172,0.6683046564386883,0.37728845725822174,1.433615785956569,-0.007850088202653522,15.031386448023172,-0.04724884866901973,5.5579668894710315,-13.291736514093413,2.5120769884115344,0.0,0.0,0.0,0.11894816158475412,0.33568930191451624,-0.012434604442965923,-100.41234190410007,0.29258719381094833,-0.2241379310344828,-4.927903929432661,0.4889284004093392,0.6644145023617586,0.04056954106686351,-0.22450109824093717,-0.5684914041845047,-7.322604121567973,0.20411265594286163,0.7546244336623904,Medical Care Facilities,Healthcare,BKD
2014Q4,2014,Q4,2015-02-25,2014-12-31,-106534000.0,1252103000.0,-74513000.0,-0.58,350879000.0,0.28023173812378055,10521363000.0,2881724000.0,614789000.0,877762000.0,7639122000.0,0.0,-1108001000.0,6726451440.0,10351441440.0,15.710039687731694,0.7004051212059761,0.35442869901931906,1.294042385738537,-0.004938962241434496,15.710039687731694,-0.03696884226247899,5.372123092109835,-15.784752848855765,2.3341761528862586,0.0,0.0,0.0,0.11900577900410812,0.2891592481788913,-0.010125494196902056,-1138.5327420446852,0.28023173812378055,-1.5217391304347825,-2.3316987279506076,0.5706984418038453,0.7250823088747164,0.06696852117644198,-1.890076501546308,-0.01797887891580256,-3.730005570722336,0.23060852211071725,0.829627111087644,Medical Care Facilities,Healthcare,BKD
2014Q3,2014,Q3,2014-11-10,2014-09-30,-36862000.0,1083935000.0,-73197000.0,-0.23,328856000.0,0.3033908859848607,10797714000.0,2982434000.0,698687000.0,1065119000.0,7814501000.0,0.0,-1001467000.0,5123076660.0,8667361660.0,18.757092633472325,0.6559708351836743,0.35031572423570395,1.2682959622912024,-0.0018732362636855475,18.757092633472325,-0.012359703517328464,4.726368887433287,-34.74497219358689,1.7177502201222221,0.0,0.0,0.0,0.10038560013721423,0.34532761128099304,-0.003413870750790399,-77.07351677448473,0.3033908859848607,-6.666666666666667,-0.28988594904875603,0.596377411257373,1.0168504883547507,0.4577531905084866,-10.187253414264037,-3.3876113122614737,-3.0071763978609507,0.34647946079805064,1.173806947788869,Medical Care Facilities,Healthcare,BKD
2014Q2,2014,Q2,2014-08-11,2014-06-30,-3295000.0,748393000.0,30657000.0,-0.03,225591000.0,0.30143387231040375,4750776000.0,1031623000.0,288693000.0,717938000.0,3719153000.0,0.0,-964605000.0,4169433720.0000005,6765990720.0,8.249156391434374,0.4021141101320727,0.5572754850996974,2.566335764130889,0.011768661975567082,8.249156391434374,-0.0031939962563843575,5.571182146278761,-316.3455022761761,4.041625399976542,0.0,0.0,0.0,0.15753068551327193,0.21491967272940002,-0.000693570902943014,234.1589194653488,0.30143387231040375,-0.4999999999999999,0.734665648852133,0.26726989798574974,-0.2153019665415132,-0.009879653444053334,-0.43323183993040454,-0.0463792459873087,0.9059024674625828,0.24427448103960506,-0.0637932461563734,Medical Care Facilities,Healthcare,BKD
2014Q1,2014,Q1,2014-05-12,2014-03-31,-2299000.0,747275000.0,32148000.0,-0.02,227842000.0,0.3048971262252852,4719608000.0,1026669000.0,287382000.0,710117000.0,3692939000.0,0.0,-961310000.0,4171257779.9999995,6759963780.0,8.247794791047413,0.40469669082700455,0.5581834338784069,2.5659750123944525,0.015612974902191663,8.247794791047413,-0.0022392806250115666,5.581958154628483,-453.59479991300566,4.062904188204767,0.0,0.0,0.0,0.15833412435948072,0.21583626360163186,-0.0004871167266433992,-594.1116336704173,0.3048971262252852,-1.0,0.8622021083659325,0.22656000463167694,-0.12070285323856754,0.015361304841908242,-1.357948717948718,0.0651028724778849,0.8186978628522723,0.27343872586238765,-0.05366030743959528,Medical Care Facilities,Healthcare,BKD
2013Q4,2013,Q4,2014-03-03,2013-12-31,-975000.0,734233000.0,30183000.0,-0.01,224395000.0,0.30561824379999264,4737757000.0,1020937000.0,294862000.0,870844000.0,3716820000.0,0.0,-959011000.0,3378691440.0,5956758440.0,8.212962962962964,0.33859336459802214,0.5565034255661487,2.582508029388689,0.003230034610970705,8.212962962962964,-0.0009550050590780821,4.601661107577567,-866.3311384615384,3.309402480270575,0.0,0.0,0.0,0.15497481192049317,0.18691407416253658,-0.00020579358544560222,160.57656195047764,0.30561824379999264,0.0,0.9971376827244722,0.234108285321448,-0.13015869655983503,0.028452657582715743,-0.008273009307135471,-0.11182061619044817,0.8835518029581675,0.2708593551823966,-0.06409148118134077,Medical Care Facilities,Healthcare,BKD
2013Q3,2013,Q3,2013-11-08,2013-09-30,-967000.0,728999000.0,33983000.0,-0.01,218187000.0,0.29929670685419324,4644231000.0,1016537000.0,293878000.0,717370000.0,3627694000.0,0.0,-958036000.0,3264566400.0,5829157400.0,8.189425431812323,0.4096602868812468,0.5614020921870596,2.5648658140333307,1.2954592957719495,8.189425431812323,-0.0009512688667505462,4.478149352742596,-843.9933815925543,3.2114585106100417,0.0,0.0,0.0,0.1569687209787799,0.21106263155693714,-0.0002082153105648707,75.89190998698159,0.29929670685419324,0.75,0.9779823996453236,0.23478121226820783,-0.3277282906480835,0.026013966283416803,0.8140384615384615,0.195111658167751,0.9445403681461167,0.2662017432208969,-0.07219851925446627,Medical Care Facilities,Healthcare,BKD
2013Q2,2013,Q2,2013-08-09,2013-06-30,-5200000.0,716468000.0,28435000.0,-0.04,212655000.0,0.29681018552119565,4630842000.0,1010132000.0,283025000.0,696204000.0,3620710000.0,0.0,-957069000.0,3312190200.0,5907193200.0,8.185503018516268,0.40652596078160996,0.5670564877834312,2.5996097539727483,0.010075622077180855,8.185503018516268,-0.0051478420642054705,4.622942266786514,-159.23991346153846,3.278967699270986,0.0,0.0,0.0,0.15471657206184103,0.19833985441048887,-0.0011229059423750584,104.59768205646435,0.29681018552119565,-2.3333333333333335,-0.23155672987027523,0.23663114069163807,-0.3614509835434841,-0.028866177115300307,-2.461495222034851,-0.26499857833380724,0.4721392906944532,0.26614715458738575,-0.08710050901902303,Medical Care Facilities,Healthcare,BKD
2013Q1,2013,Q1,2013-05-09,2013-03-31,3558000.0,712266000.0,38687000.0,0.03,218976000.0,0.3074357052000236,4620908000.0,1007869000.0,283362000.0,911345000.0,3613039000.0,0.0,-951869000.0,3377632500.0,5988320500.0,8.205865350952184,0.31092725586907266,0.5710847305334795,2.6183263896399236,0.008020607191798297,8.205865350952184,0.0035302206933639194,4.742094245689111,237.32662310286676,3.3512614238556795,0.0,0.0,0.0,0.15413983572059864,0.15078812085434165,0.0007699785410140172,262.4219174889286,0.3074357052000236,1.15,1.0536301119134621,0.23059247642430147,-0.37824285836408744,0.09263463582338295,1.1453015885980316,2.236051861145964,1.2417893282289987,0.2709260934439518,-0.0913704905545236,Medical Care Facilities,Healthcare,BKD
2012Q4,2012,Q4,2013-02-20,2012-12-31,-24487000.0,699748000.0,11955000.0,-0.2,200411000.0,0.2864045342037419,4665978000.0,1002717000.0,309038000.0,1121503000.0,3663261000.0,0.0,-949696000.0,3104434560.0,5714563560.0,8.178234699203967,0.2755569980642049,0.5742352407148084,2.672108880172571,0.0031305879948044105,8.178234699203967,-0.024420649096405067,4.436503655601731,-31.694721280679545,3.0960226664153496,0.0,0.0,0.0,0.14996813101133352,0.15126219011451597,-0.0052479887389096135,119.58530662557781,0.2864045342037419,-1.0,0.5862823284853684,0.23995234905476642,-0.4123869539629734,-0.006917500384030287,-1.0388842631140716,-0.5141428919775665,-0.14569591255356582,0.31325999772731583,-0.10196738659804656,Medical Care Facilities,Healthcare,BKD
2012Q3,2012,Q3,2012-11-09,2012-09-30,-12010000.0,696482000.0,24606000.0,-0.1,201807000.0,0.2897519246728559,4587421000.0,1021467000.0,301355000.0,1150307000.0,3565954000.0,0.0,-925209000.0,2855311830.0,5388118830.0,8.33898263574245,0.2619778893808349,0.5613853622765383,2.5211886433922976,0.007380693935229415,8.33898263574245,-0.01175759960918953,4.0996204209154,-59.43613301415487,2.7953050171958567,0.0,0.0,0.0,0.15182430389536952,0.12874128384857259,-0.0026180287355357184,142.651470323741,0.2897519246728559,0.33333333333333326,0.8310114803538684,0.24298196057996757,-0.4451258824615697,-0.022115510415707633,0.3615098351940457,-0.057638543142736774,0.45448151431833617,0.3314850004330135,-0.10335351379210529,Medical Care Facilities,Healthcare,BKD
2012Q2,2012,Q2,2012-08-09,2012-06-30,-18810000.0,690810000.0,26111000.0,-0.15,206371000.0,0.298737713698412,4578321000.0,1025963000.0,292582000.0,990094000.0,3552358000.0,0.0,-913199000.0,2159099920.0,4705269920.0,8.429708811253164,0.2955093152771353,0.5645838288752579,2.519433936701421,0.007643378862405501,8.429708811253164,-0.018333994500776343,3.125461299054733,-28.696171185539605,2.1044617788360784,0.0,0.0,0.0,0.15088719205140924,0.14706684415823143,-0.00410849304799729,66.59572252552358,0.298737713698412,-0.6666666666666666,0.15984257798934917,0.25700503117316964,-0.47508281277047043,0.003940436172231114,-0.8195008705745792,0.01209349199581379,-0.5563927842989201,0.20196098533251125,-0.19812698257405076,Medical Care Facilities,Healthcare,BKD
2012Q1,2012,Q1,2012-05-09,2012-03-31,-10338000.0,683525000.0,25799000.0,-0.09,205561000.0,0.30073662265462126,4576109000.0,1037816000.0,297541000.0,687513000.0,3538293000.0,0.0,-894389000.0,2267834400.0,4816963400.0,8.566725824425275,0.43277872563864245,0.5662544314394609,2.4968221727165507,0.007922056483443105,8.566725824425275,-0.009961303352424707,3.317851431915438,-54.84219384793964,2.1851989177272273,0.0,0.0,0.0,0.14936816408874876,0.21044111165897955,-0.002259124509490486,545.1525,0.30073662265462126,0.26704129000732957,0.7539930956175065,0.2791477681986987,-0.48734562091083516,-0.27108613169745754,0.30500840336134455,0.10270986493417678,0.3633111609681171,0.15278908858834403,-0.08670162566592865,Medical Care Facilities,Healthcare,BKD
2011Q4,2011,Q4,2012-02-28,2011-12-31,-14875000.0,671971000.0,23396000.0,-0.12279,282010000.0,0.41967584910658345,4466061000.0,1040208000.0,280875000.0,620950000.0,3425853000.0,0.0,-884051000.0,2106711550.0,4474500550.0,8.586470758182344,0.4523311055640551,0.5370784232458984,2.3059090105055913,0.006921189206383576,8.586470758182344,-0.014300024610462522,3.1351227210698083,-35.40691680672269,2.025279126866934,0.0,0.0,0.0,0.15046167081013895,0.20860455753281262,-0.0033306755102538903,193.5959887888256,0.41967584910658345,-1.0465,0.6670358258025141,0.2999241347906398,-0.5069043403642448,0.20355591215206945,-1.1141273450824332,-0.09963440446411391,0.9551911585391203,0.15894675473799064,-0.09060019509041192,Medical Care Facilities,Healthcare,BKD
2011Q3,2011,Q3,2011-11-09,2011-09-30,-7036000.0,615728000.0,25985000.0,-0.06,234314000.0,0.38054790426941765,4438441000.0,1049386000.0,273291000.0,607187000.0,3389055000.0,0.0,-869176000.0,1525064640.0,3897222640.0,8.62868372582555,0.4500936284867759,0.5432882852334863,2.2978703737233013,0.008099017292809041,8.62868372582555,-0.006704873135338189,2.476847958838968,-54.18791358726549,1.4532923442851342,0.0,0.0,0.0,0.13872618786641525,0.21845329363112187,-0.0015852413043228467,190.84778375672633,0.38054790426941765,0.7857142857142857,0.8297716612517441,0.19873738940083568,-0.5684476124327739,0.07950446196160456,0.7928089755293147,-0.09971243460485743,0.8364884693873065,0.06446411814178388,-0.29166948205130894,Medical Care Facilities,Healthcare,BKD
2011Q2,2011,Q2,2011-08-09,2011-06-30,-33959000.0,583299000.0,28863000.0,-0.28,217057000.0,0.37211961618312395,4405764000.0,1068629000.0,253819000.0,575362000.0,3337135000.0,0.0,-862140000.0,2941040000.0,5321980000.0,8.811254947229552,0.4411466172600902,0.5495223983853879,2.2655814131939147,0.013229348000857519,8.811254947229552,-0.03177810072532188,5.042079619543322,-21.651403162637298,2.7521618821873632,0.0,0.0,0.0,0.13239451772723188,0.22135107984190822,-0.007707857252453831,116.03566637733765,0.37211961618312395,-1.8,0.10152121997376715,0.16475871935961564,0.021684747955092853,0.09356327398405932,-1.7597724502234864,0.07513223571481785,-7.183696959831619,0.02442031102067068,-0.3126362341356874,Medical Care Facilities,Healthcare,BKD
2011Q1,2011,Q1,2011-05-10,2011-03-31,-12305000.0,569440000.0,26846000.0,-0.1,198486000.0,0.3485635009834223,4431268000.0,1052759000.0,254253000.0,726733000.0,3378509000.0,0.0,-828181000.0,3382176000.0,5809731000.0,8.715469567521028,0.3498575130068402,0.5561132840532326,2.340789297455543,0.004003811845046914,8.715469567521028,-0.011688335127032873,5.939477381286879,-68.71548151158066,3.2126783052911443,0.0,0.0,0.0,0.12850497871038266,0.1714150864210102,-0.0027768575495772316,52.782995458588886,0.3485635009834223,-0.4845605700712589,0.657341432450823,0.3793011438503795,-0.05404179730013746,-0.011450058520307792,-0.5124139626352016,-0.129704671442928,0.8114068534839632,0.000372031810084142,-0.33963022611772886,Medical Care Facilities,Healthcare,BKD
2010Q4,2010,Q4,2011-02-28,2010-12-31,-8136000.0,561404000.0,30847000.0,-0.06736,200785000.0,0.35764796830802775,4530470000.0,1059997000.0,328109000.0,606358000.0,3470473000.0,0.0,-815876000.0,2586156720.0,5074625720.0,8.775390754354593,0.5411143252006241,0.5673353978726269,2.4248144098521034,0.00459657508683242,8.775390754354593,-0.0076754934212077955,4.606587626735827,-79.46646755162242,2.4397773955964026,0.0,0.0,0.0,0.12391738605486848,0.28013153945359015,-0.0017958401666935218,99.42167922497309,0.35764796830802775,0.5188571428571429,-1.389379813108981,0.7671047828436753,-0.09508389590733383,0.05939491790131274,0.5189499201797434,2.5702546296296296,0.860472418484173,0.009763035997543303,-0.36948078882678964,Medical Care Facilities,Healthcare,BKD
2010Q3,2010,Q3,2010-11-08,2010-09-30,-16913000.0,558464000.0,8640000.0,-0.14,189528000.0,0.3393737107494843,4538063000.0,1062770000.0,328935000.0,707181000.0,3475293000.0,0.0,-807740000.0,1963789239.9999998,4457373240.0,8.82670010963091,0.46513551693272304,0.564678145719881,2.4111943317933324,0.001402789659792229,8.82670010963091,-0.01591407360012044,3.5164115144396053,-29.027807603618516,1.847802666616483,0.0,0.0,0.0,0.12306219635998883,0.21573967626392676,-0.003726920494492915,49.981909900738096,0.3393737107494843,-0.7500000000000001,0.6739374510122081,0.36714932928283245,-0.11544979131027261,-0.03263049902766932,-0.7696976038505807,-0.6361185983827493,0.7578941970199697,0.013959170799533809,-0.41267326626688006,Medical Care Facilities,Healthcare,BKD
2010Q2,2010,Q2,2010-08-06,2010-06-30,-9557000.0,548972000.0,23744000.0,-0.08,195921000.0,0.3568870543488557,4598044000.0,1073477000.0,321857000.0,800117000.0,3524567000.0,0.0,-790827000.0,1795815000.0,4345144000.0,8.966488753017432,0.40226241912120353,0.5656044178785588,2.422663922934539,0.004148971523076306,8.966488753017432,-0.008902845612900882,3.2712324125820627,-46.97643088835409,1.6728956465764988,0.0,0.0,0.0,0.1193925069007604,0.16393727417365211,-0.002078492506813767,39.700557103064064,0.3568870543488557,0.3333333333333333,0.11318221460811036,0.53958593511941,0.0,0.03607086197778953,0.33144456103532705,0.49917918929157723,0.5660474458537788,0.015494053057534435,-0.44165757549347334,Medical Care Facilities,Healthcare,BKD
2010Q1,2010,Q1,2010-05-06,2010-03-31,-14295000.0,544424000.0,15838000.0,-0.12,189100000.0,0.3473395735676605,4638057000.0,1077538000.0,347005000.0,672203000.0,3560519000.0,0.0,-781270000.0,2485331450.0,5049385450.0,9.031035494279848,0.5162205464718247,0.5669759987856984,2.440440151530619,0.0028178564503906424,9.031035494279848,-0.013266353483589443,4.565065922883635,-43.46504809373907,2.3064907687710314,0.0,0.0,0.0,0.1173819122964638,0.23327476967523203,-0.0030821095989117856,103.43910808673576,0.3473395735676605,0.3116108306562644,-3.0565111038693855,0.5874483393550746,0.0,0.05124470486207625,0.3127073416991201,1.7878894560816758,0.6546134855218765,0.03446076794940152,-0.45956016467203226,Medical Care Facilities,Healthcare,BKD
2009Q4,2009,Q4,2010-02-26,2009-12-31,-20799000.0,518522000.0,5681000.0,-0.17432,179882000.0,0.34691295644157816,4645943000.0,1086582000.0,317421000.0,689309000.0,3559361000.0,0.0,-766975000.0,2170339850.0,4729495850.0,9.106834848929305,0.46049159375548554,0.5651223013282771,2.416316486008419,0.0009149654518287527,9.106834848929305,-0.019141675455695013,4.18562732150227,-26.087069690850523,1.9974008864494353,0.0,0.0,0.0,0.11160748205477337,0.2161207818264378,-0.00447680912142056,-11.87048349604835,0.34691295644157816,0.0315555555555555,-2.007739017561843,0.6523312389530892,-0.060905463609235155,0.01683398905621128,0.0230624706434946,-0.2071179344033496,0.5272914727875663,0.01846266335733607,-0.4770213672774129,Medical Care Facilities,Healthcare,BKD
2009Q3,2009,Q3,2009-11-04,2009-09-30,-21290000.0,505843000.0,7165000.0,-0.18,176904000.0,0.34972115854128655,4501682000.0,1101654000.0,406202000.0,653792000.0,3400028000.0,0.0,-746176000.0,2147589150.0,4447841150.0,9.300189945548942,0.6213015760364152,0.5463657806126688,2.2326111465124256,0.0014967136510622577,9.300189945548942,-0.019325486949623022,4.245564631713792,-25.218284992954437,1.9494225500928604,0.0,0.0,0.0,0.11236755506053071,0.3684596936028584,-0.004729343387649327,44.43870196784406,0.34972115854128655,-0.7999999999999998,0.5828008164151557,0.2587052209008571,-0.0679999484503373,-0.03945789510835039,-1.0218423551756886,-0.5723409335084159,0.4711664377907676,0.011086264649402424,-0.534863102721225,Medical Care Facilities,Healthcare,BKD
2009Q2,2009,Q2,2009-08-04,2009-06-30,-10530000.0,500757000.0,16754000.0,-0.1,184171000.0,0.367785173247703,4488049000.0,1114769000.0,343115000.0,642170000.0,3373280000.0,0.0,-724886000.0,1032849080.0,3384277080.0,10.512523339808755,0.5343055577183612,0.5452344660229869,2.1951085830337944,0.003802757620398234,10.512523339808755,-0.009445903142265349,2.0625754208128892,-24.521583095916426,0.9265139952761514,0.0,0.0,0.0,0.11157565347437161,0.2973542831337496,-0.00234623106833281,69.449238838085,0.367785173247703,0.23076923076923075,-0.1031475510846565,0.5855253694590309,0.0,0.024116685387635263,0.22777940745086536,0.6340583243928606,0.681365658566456,0.14362343283864354,0.21895062884108,Medical Care Facilities,Healthcare,BKD
2009Q1,2009,Q1,2009-05-11,2009-03-31,-13636000.0,497946000.0,10253000.0,-0.13,179834000.0,0.36115161081723723,4468431000.0,954301000.0,292901000.0,570078000.0,3514130000.0,0.0,-714354000.0,513776900.0,3026029900.0,9.379985845996579,0.513791095253632,0.5739732805541811,2.687579704935864,0.001746497367319292,9.379985845996579,-0.014288992676314916,1.031792403192314,-9.419494353182753,0.5383803433088722,0.0,0.0,0.0,0.11143643037119741,0.259054024186164,-0.003051630426876906,14.568618499404526,0.36115161081723723,0.9525587268222011,-3.5380298859656762,0.7027717506351173,0.0,0.09432676334029075,0.951087931244754,1.045787243164067,0.5491605141998719,0.4320175813435285,0.01808336125633143,Medical Care Facilities,Healthcare,BKD
2008Q4,2008,Q4,2009-03-02,2008-12-31,-278786000.0,486928000.0,-223927000.0,-2.74023,164333000.0,0.3374893208030756,4449258000.0,960601000.0,280785000.0,646012000.0,3488657000.0,0.0,-700720000.0,567698040.0,3066654040.0,9.44190961096149,0.43464362891091807,0.5737875843567624,2.657637250013273,-0.05721933159614175,9.44190961096149,-0.290220393274627,1.1658767620674926,-0.5090804774988701,0.590982145552628,0.0,0.0,0.0,0.10944027071480233,0.22541222144480288,-0.06265898718393044,-22.31868375530744,0.3374893208030756,-6.611750000000001,-16.84121284830867,0.8197281969300564,-0.026352637789202132,0.029165309752248302,-6.770605123059342,-19.416393143690737,-16.84121284830867,0.8197281969300564,-0.026352637789202132,Medical Care Facilities,Healthcare,BKD
2008Q3,2008,Q3,2008-11-07,2008-09-30,-35877000.0,482277000.0,-10968000.0,-0.36,159676000.0,0.3310877358862231,4686926000.0,1235202000.0,264689000.0,864223000.0,3451724000.0,0.0,-424651000.0,2229742020.0,4641180020.0,12.1817195605436,0.3062739593831685,0.5264267027045019,1.9975056711371906,-0.001825621160595014,12.1817195605436,-0.02904545167511063,4.623363793006924,-15.537405719541768,1.8051638679341515,-0.7203500850126823,0.0,0.01159057853697353,0.1028983602472068,0.1639900812637479,-0.007654697343205333,-140.40312448838233,0.3310877358862231,-10.999999999999998,0.17868847481551317,0.40193813023872904,0.22076681496423348,-0.06989369448085045,-9.294691535150646,-1.3351075154353842,0.17868847481551317,0.40193813023872904,0.22076681496423348,Medical Care Facilities,Healthcare,BKD
2008Q2,2008,Q2,2008-08-08,2008-06-30,-3485000.0,478201000.0,-4697000.0,-0.03,171675000.0,0.3590017586746996,4741528000.0,1305683000.0,257309000.0,830501000.0,3435845000.0,0.0,-391270000.0,2073788160.0,4456233160.0,12.818911011624254,0.3098238292307896,0.5152109193492056,1.8709648513460004,-0.0006980089276942825,12.818911011624254,-0.002669101152423674,4.336645385517805,-148.7652912482066,1.588278441244927,-7.4476327116212335,0.0,0.012515743170218505,0.10085377540742141,0.1627656077476126,-0.0007349951323708307,-449.3582145178765,0.3590017586746996,0.9444444444444444,0.6198987396455171,0.5763328989952077,0.0,-0.022290690191299,0.9367433249233115,-7.524500907441016,0.6198987396455171,0.5763328989952077,0.0,Medical Care Facilities,Healthcare,BKD
2008Q1,2008,Q1,2008-05-08,2008-03-31,-55093000.0,480648000.0,-551000.0,-0.54,175589000.0,0.36531723839483365,4813736000.0,1346116000.0,312354000.0,582969000.0,3467620000.0,0.0,-387785000.0,2437680500.0,4765520500.0,13.197862640325505,0.5357986445248375,0.5084150854970028,1.818101857492222,-9.416556605033274e-05,13.197862640325505,-0.04092737921546137,5.071654308350394,-11.061661644855063,1.8108992835684294,-0.9419890004174759,0.0,0.02128950040827746,0.09984926468755245,0.3293211131295146,-0.011444956682294168,-385.160451888134,0.36531723839483365,-0.11861457513361237,-17.288626664451318,0.6394781823653864,0.0,0.09610906843619883,-0.11893494729573288,-2.1666666666666665,-17.288626664451318,0.6394781823653864,0.0,Medical Care Facilities,Healthcare,BKD
2007Q4,2007,Q4,2008-02-29,2007-12-31,-49237000.0,469458000.0,-174000.0,-0.48274,160193000.0,0.34122967336801163,4811622000.0,1419538000.0,291835000.0,549767000.0,3392084000.0,0.0,-332692000.0,2897677950.0,5131997950.0,13.917721456934164,0.5308339714824644,0.4853298949917512,1.645059167137477,-2.776986917851243e-05,13.917721456934164,-0.034685228574367157,6.1723901818693045,-14.712908737331682,2.041282410192612,-1.052805816763816,0.0,0.017889151553229024,0.09756751465514124,0.3050583247084674,-0.010232931847098546,-17.367276307035787,0.34122967336801163,0.16768965517241374,-3.790701371576576,0.7500192816010097,0.43519196252384457,-0.05544909402878589,0.16444074872299624,0.9855948340094378,-3.790701371576576,0.7500192816010097,0.43519196252384457,Medical Care Facilities,Healthcare,BKD
2007Q3,2007,Q3,2007-11-08,2007-09-30,-58927000.0,464594000.0,-12079000.0,-0.58,169597000.0,0.36504345729820015,4845753000.0,1526365000.0,294911000.0,532836000.0,3315764000.0,0.0,-283455000.0,4057481800.0000005,6229839800.0,15.028602654483873,0.5534742397285469,0.4613146811238625,1.4645363330527101,-0.002011730917268276,15.028602654483873,-0.03860610011366875,8.733392596546663,-17.214018192000275,2.6582644387155105,-0.8792573862575729,0.0,0.012769496587760418,0.09587653353359117,0.24391182277473744,-0.012160545533377372,457.181047887324,0.36504345729820015,-2.2222222222222223,-0.34677709073617924,0.3483277913496248,0.5060615461302416,-0.017079701409495548,-2.1553949129852743,0.060803981027913845,-0.34677709073617924,0.3483277913496248,0.5060615461302416,Medical Care Facilities,Healthcare,BKD
2007Q2,2007,Q2,2007-08-08,2007-06-30,-18675000.0,458410000.0,-12861000.0,-0.18,172544000.0,0.3763966754651949,4854484000.0,1630322000.0,299784000.0,508733000.0,3220542000.0,0.0,-224528000.0,4626266400.0,6691439400.0,16.059121355397952,0.58927571044143,0.4421483313159545,1.3165509635519854,-0.002053596493703515,16.059121355397952,-0.01145479236617061,10.09198403176196,-61.93127710843374,2.837639680995533,-2.4947791164658635,0.0,0.010070755977217394,0.09443022162602657,0.28294606404538336,-0.003846958811688328,104.31971497508287,0.3763966754651949,0.4857142857142857,-1.0435823615248834,0.5160954714445602,0.0,0.039265170907995785,0.4685543540125213,0.2008326601628037,-1.0435823615248834,0.5160954714445602,0.0,Medical Care Facilities,Healthcare,BKD
2007Q1,2007,Q1,2007-05-08,2007-03-31,-35140000.0,446834000.0,-16093000.0,-0.35,166025000.0,0.3715585653732706,4742055000.0,1692810000.0,267866000.0,495361000.0,3044513000.0,0.0,-205853000.0,4524147320.0,6440021320.0,16.710528913545637,0.5407490698702563,0.41581023417062857,1.164805855352934,-0.002766269236206167,16.710528913545637,-0.02075838398875243,10.124894972182064,-32.18659163346613,2.672566513666625,-1.3257825839499147,0.0,0.010297631068300403,0.09422792439142945,0.24173077815976632,-0.0074102894209367035,-159.46941557983786,0.3715585653732706,0.050898934295089106,-10.744845075954236,0.5345660159755051,0.0,0.0651026129576525,0.05934630725165297,0.5448940923616413,-10.744845075954236,0.5345660159755051,0.0,Medical Care Facilities,Healthcare,BKD
