Quarters,Year,Quarter,FillingDate,Date,NetIncome,Revenue,OperatingIncome,EPSDiluted,GrossProfit,GrossProfitRatio,TotalAssets,CommonStockEquity,CurrentAssets,CurrentLiability,TotalLiability,Inventory,RetainedEarnings,MarketCap,EnterpriseValue,bookValuePerShare,currentRatio,debtToAssets,debtToEquity,roic,shareholdersEquityPerShare,roe,priceToSalesRatio,peRatio,pbRatio,payoutRatio,inventoryTurnover,dividendYield,assetTurnover,quickRatio,returnOnAssets,priceToFreeCashFlowsRatio,grossProfitMargin,epsdilutedGrowth,fiveYNetIncomeGrowthPerShare,fiveYRevenueGrowthPerShare,fiveYShareholdersEquityGrowthPerShare,grossProfitGrowth,netIncomeGrowth,operatingIncomeGrowth,threeYNetIncomeGrowthPerShare,threeYRevenueGrowthPerShare,threeYShareholdersEquityGrowthPerShare,Industry,Sector,Symbol
2023Q3,2023,Q3,2023-04-11,2023-03-31,-685000.0,62764000.0,2848000.0,-0.022,44424000.0,0.707794277,470265000.0,289179000.0,57624000.0,69580000.0,181086000.0,18653000.0,-109646000.0,158303008.89751685,262148008.89751685,9.294014653791615,0.828169014084507,0.2378509989048728,0.38679503006788185,0.0049650081552284776,9.294014653791615,-0.002368775049363889,2.5221943932432103,-57.77482076551709,0.5474222156433103,0.0,0.9832198573955933,0.0,0.1334651738913166,0.4826818051164128,-0.0014566255196538122,35.42246786697625,0.7077942769740616,0.7384066587395958,-1.2552373082787145,0.0799384589785202,1.379457925087608,0.03821075510060997,0.7495429616087751,3.3952901597981495,-1.1931732554045433,-0.17205331171115282,0.9297137490072374,Software—Infrastructure,Technology,SANG
2023Q2,2023,Q2,2022-12-31,2022-12-31,-2735000.0,62035000.0,-1189000.0,-0.0841,42789000.0,0.689755783,477542000.0,289801000.0,55205000.0,71142000.0,187741000.0,19297000.0,-108961000.0,213471896.98393998,321544896.98394,8.913646746078024,0.7759832447780496,0.2405484753173543,0.39638234512648335,-0.0024882440022991,8.913646746078024,-0.009437510567596384,3.4411525265405007,-19.512970473851915,0.7366154602086948,0.0,0.9973571021402291,0.0,0.1299048041847628,0.45240504905681594,-0.0057272449334299395,159.4263607049589,0.6897557830257113,-0.4016666666666666,-1.8351924574180758,-0.009539770550720923,1.557982558148195,-0.012645083877518056,-0.3841093117408907,-0.1510164569215876,0.14641614992581245,-0.20211541262292868,0.731608507349455,Software—Infrastructure,Technology,SANG
2023Q1,2023,Q1,2022-09-30,2022-09-30,-1976000.0,64051000.0,-1033000.0,-0.06,43337000.0,0.6766014582,488927000.0,293092000.0,60061000.0,73088000.0,195835000.0,19067000.0,-106226000.0,236573287.0333875,345503287.03338754,8.894243586145224,0.8217628064798599,0.23974131107506846,0.39992903252221146,-0.0042725600290656855,8.894243586145224,-0.0067419103899117,3.693514340656469,-29.93083084936583,0.8071639179281165,0.0,1.0863796087480988,0.0,0.13100319679624975,0.4850864711033275,-0.004041503128278863,202.71918340478794,0.6766014582129866,0.9807692307692307,-1.9132060463429006,-0.02428842333050797,1.5840017195921088,0.0655416416879761,0.9800899731694251,-0.0012600562178927983,-1.8165658528893978,-0.14368979009090954,0.6953016218522475,Software—Infrastructure,Technology,SANG
2022Q4,2022,Q4,2022-06-30,2022-06-30,-99246476.0,62511408.0,-1031700.0,-3.12,40671334.0,0.6506225872,498533000.0,293808000.0,61008000.0,78406000.0,204725000.0,17426000.0,-104250000.0,341591764.00339204,451503764.00339204,9.237257239353895,0.7781037165523047,0.24594961617385408,0.4173269618254098,-0.0025013423576160407,9.237257239353895,-0.3377936475521429,5.464470805127155,-0.8604632067827579,1.1626360208142463,0.0,1.2533039136921842,0.0,0.12539071235003502,0.48299875009565596,-0.19907704404723459,47.18783740129541,0.6506225871604108,-13.857142857142858,-104.61096064987285,0.4545210014954394,1.8829396236838565,0.04390084042426414,-13.690882640325855,0.6409028906325324,-18.364277371764857,-0.395254718379745,1.1341967359515153,Software—Infrastructure,Technology,SANG
2022Q3,2022,Q3,2022-03-31,2022-03-31,-6755651.0,55125865.0,-2873039.0,-0.21,38960917.0,0.7067629143,601312267.0,391898201.0,58112398.0,82739771.0,209414066.0,16468963.0,-5003453.0,566961529.9559544,677074478.9559544,12.321191030458728,0.7023514483742045,0.2101267327047562,0.32240970149286297,-0.006943799546074561,12.321191030458728,-0.017238280203281667,10.284855030500736,-20.981010192650363,1.4467061305952624,0.0,0.981540124900396,0.0,0.09167593615714478,0.4317688043879164,-0.011234846469546578,171.5913590642868,0.70676291428715,-1.6888604353393084,-5.683291954035449,0.5743760539826493,2.9814688948528976,-0.01121463306990454,-1.7272606529534942,-0.6424451692015698,-2.951685224629629,-0.41084481173095916,1.9890627601917035,Software—Infrastructure,Technology,SANG
2022Q2,2022,Q2,2021-12-31,2021-12-31,-2477083.0,54235996.0,-1749245.0,-0.0781,39402805.0,0.7265065253,526593581.0,376463787.0,54019574.0,50900290.0,150129794.0,14341285.0,1752198.0,681705073.2456632,744925478.2456632,11.865981601136824,1.0612822441679606,0.1522499113030396,0.2129655727019502,-0.003935924614777684,11.865981601136824,-0.0065798705892527185,12.569236734320564,-68.80119411074065,1.8108118145389192,0.0,1.0342999947354787,0.0,0.1029940317483665,0.6710994377438714,-0.0047039749236897745,351.351444821258,0.7265065252973321,-0.06981904853225215,-2.6791020012550253,0.6228217917666524,2.928128466570228,0.040944265788151114,-0.0766228121645174,-1.0321768547841825,-1.8448578673603755,-0.414099367407349,2.0403679526826815,Software—Infrastructure,Technology,SANG
2022Q1,2022,Q1,2021-09-30,2021-09-30,-2300790.0,52478731.0,-860774.0,-0.073003,37852944.0,0.7213006732194038,533948339.0,376011113.0,52229551.0,53147352.0,157937226.0,12686934.0,4229281.0,107125635.43372682,173508760.43372682,11.855112017565983,0.9827310116974407,0.16015026689688794,0.22741872791403375,-0.0016056259968034849,11.855112017565983,-0.006118941489902188,2.041315279398178,-11.640092689220529,0.28490018440951453,0.0,1.1528228175538708,0.0,0.09828428551399614,0.6651156580670284,-0.0043090123743226025,30.88399203427701,0.7213006732194038,0.055546341413839746,-7.964328482205477,0.7341686295573925,2.9241047223814287,0.035784261665184655,-0.8707056114483057,0.5268942824597229,0.34751455287871774,-0.3080985123041634,1.7137345213168362,Software—Infrastructure,Technology,SANG
2021Q4,2021,Q4,2021-06-30,2021-06-30,-1229904.901081,51151589.767897,-1819411.535492,-0.0772965400010043,36545200.966025,0.7144489766955583,540116163.815699,375992812.49748,53326232.126007,55149949.593929,164123351.31822,11815071.012073,7400121.781068,50664294.06566401,117745190.56788601,23.630236326204805,0.9669316566678646,0.16508864965248476,0.23715093793292027,0.0034299597328361887,23.630236326204805,-0.0032710862021843655,0.9904734983908785,-10.298416979461917,0.13474803874343627,0.0,1.2362506147399999,0.0,0.09470479351429148,0.6929510637706894,-0.0022771118205243603,13.477274658632142,0.7144489766955583,0.33625400368378944,-2.001663004928905,2.138744542621683,6.782854175165676,0.9846858951245798,0.3442555362118816,-1.7475111940378971,-2.0263974524942028,0.6945761731286969,4.921470456833586,Software—Infrastructure,Technology,SANG
2021Q3,2021,Q3,2021-03-31,2021-03-31,-1875585.641968,28074071.726782,2433958.915938,-0.116455,18413594.340444002,0.6558932569399211,533032069.492747,360734342.346054,55021140.150045,55369636.137496,172297727.146694,11027891.37203,8509899.468426,66076153.734437995,135484413.326132,22.671278485336625,0.9937060090735362,0.17321868935728707,0.25595321993036735,0.00621902200231099,22.671278485336625,-0.005199354266549822,2.3536362796780526,-8.807402906047269,0.1831712315071207,0.0,0.8760040392526747,0.0,0.052668635404054254,0.7295502990605491,-0.003518710691746702,32.05630763082603,0.6558932569399211,-1.9642789126348648,-7.839870279963456,1.0047183132935027,6.443738633127068,0.000821318398476238,-1.971054301732114,-0.17801676250882312,-2.366603109625021,-0.05540483173979351,4.804311190944238,Software—Infrastructure,Technology,SANG
2021Q2,2021,Q2,2020-12-31,2020-12-31,1931494.087017,27701587.251796,2961080.962389,0.120769,18398483.327583,0.66416711650305,176925130.963957,114789549.546724,91225854.794692,25800825.778726,62135581.417234,8983119.765363,10280665.955645,55499708.3840338,22592669.267374806,7.225971444787891,3.535772675536301,0.22303712392986683,0.34376711570815793,0.013309533390763932,7.225971444787891,0.016826393122405307,2.003484777950243,7.183520358292627,0.4834909502057343,0.0,1.0356206047796213,0.0,0.15657237104116845,3.113998856115691,0.010917013747529635,12.129895245313858,0.66416711650305,0.049717946266373485,9.061161917455301,1.209435923173004,1.5585750781622019,0.06265770653089277,0.15529547520408216,0.12829447502349153,0.2071492427088342,-0.09480267963925175,1.0736640623072928,Software—Infrastructure,Technology,SANG
2021Q1,2021,Q1,2020-09-30,2020-09-30,1671861.552713,26172061.020798,2624386.654315,0.115049,17313649.743007,0.6615317658494095,176198307.883098,113753732.369113,88219247.549606,25385551.637581,62444575.513985,8914639.612718,7953718.921826,34087426.709184,5441072.418005995,7.988337365815293,3.4751755175178243,0.2348034630038161,0.3636977179097601,0.011626239754384694,7.988337365815293,0.01469720173477976,1.3024357035579253,5.0972263005074945,0.29965985290553504,0.0,0.9936925846282355,0.0,0.14853752760305924,3.0601720996333475,0.009488522181621785,13.796292983594864,0.6615317658494095,-0.3833299905689451,7.282652985837974,1.4298908646155872,1.7551767422161526,-0.05175537797041742,-0.14724216523000538,0.09961918393382677,0.7880013255646665,-0.07738788034299969,1.3208131517898793,Software—Infrastructure,Technology,SANG
2020Q4,2020,Q4,2020-06-30,2020-06-30,1960534.966136,28104620.996539,2386632.292942,0.18656493463358986,18258632.151216,0.6496665496205942,128666699.370332,54753643.285986,39972214.086982,36398834.382779,73913056.084346,9257386.147313,6156569.775955,24015329.617272,53203107.476402,5.210368627463828,1.098172915830888,0.38191198239410623,0.8974627307989027,0.02262247849839032,5.210368627463828,0.0358064751215887,0.8544975440241452,3.0623439561248413,0.43860697071492666,0.0,1.0635819537657338,0.0,0.21842964134525214,0.7958890988384507,0.01523731451673548,3.713877461977587,0.6496665496205942,0.7180990038824718,6.211210765057535,1.7675869820995582,0.6716018829097239,0.10342828522981126,0.6370043980170274,0.06987909146989778,5.1949984854737705,0.9793128997796793,0.6261513326834024,Software—Infrastructure,Technology,SANG
2020Q3,2020,Q3,2020-03-31,2020-03-31,1197635.735439,25602914.962629,2230749.541673,0.108588,16547185.164293002,0.6463008289659951,120216958.115922,50612178.81822,30012421.379213,30784370.328586,69604779.297701,10117328.303483,4074189.818079,15938195.9501446,50904186.6425706,4.816265966168829,0.9749239974333281,0.3644547778252355,0.8656739501045038,0.01294597121336787,4.816265966168829,0.023662995022215094,0.6225148961908674,3.327012437613672,0.3149083150004001,0.0,0.8950712605835343,0.0,0.21297257361927918,0.5818258225440113,0.009962286138401139,15.46942625039325,0.6463008289659951,2.125754214269423,1.706388224332316,1.990094631945195,0.5940039074047372,0.013766889690985915,2.1757705632145328,0.20549803940571323,1.5129553933089013,1.213188877262569,0.5563278814715285,Software—Infrastructure,Technology,SANG
2020Q2,2020,Q2,2019-12-31,2019-12-31,-1018596.461681,24716543.287376,1850479.609882,-0.096458,16322475.445353001,0.6603866590717692,123028824.821821,53203620.99719,32320522.556592,30766639.36246,69825203.82463,10794534.054981,3104354.383091,26052890.907001,61302823.15684199,5.147610853288079,1.05050545741528,0.3696318976508443,0.854742161009019,0.017895920837717728,5.147610853288079,-0.019145246932249182,1.0540669301563517,-6.394311164208653,0.4896826648016496,0.0,0.7776220630986536,0.0,0.20090042575934736,0.6444420435985074,-0.008279331800138732,-10.310184876417773,0.6603866590717692,-2.403188734689128,-1.9492083385682581,2.3447296271117537,0.5070312587111627,0.23592797783393643,-2.4882839445101843,0.5167583910260432,-3.1194478575396474,1.2701523125848315,0.7040711343838197,Software—Infrastructure,Technology,SANG
2020Q1,2020,Q1,2019-09-30,2019-09-30,684410.031727,21155117.087173,1220022.662034,0.068742,13206655.83925,0.6242771328010093,100571769.904819,48896483.607796,43808218.008763,23195222.087929,51675286.297024,8761140.655688,4330398.85179,13176023.603837501,16693577.6150175,5.246407761013983,1.888674221039737,0.2858151754146534,0.5878733180012343,0.00997948049641971,5.246407761013983,0.013997121699317423,0.6228291504860793,4.812912944375573,0.2694677128425802,0.0,0.907240456499533,0.0,0.21034846167263616,1.4464101692723441,0.006805190287241886,7.116447543985495,0.6242771328010093,-0.6174533863777796,17.616954768874937,2.766779223931801,0.4663260896981752,-0.10940987871763715,-0.48262743035258954,-0.44627314324577944,6.0501452577122325,1.3790461509194003,0.7365886918680028,Software—Infrastructure,Technology,SANG
2019Q4,2019,Q4,2019-06-30,2019-06-30,1322857.205579,23924417.866632,2203293.279263,0.17969574831444038,14829106.593091,0.6198314490140023,73441487.659963,31862786.410725,28055258.988422,24005095.216332,41578701.249238,8465983.394272,3412298.141377,11601224.235000001,19984461.590271,4.328212616835221,1.1687210042530658,0.2357578934217864,0.5434054070879054,0.03489394682860903,4.328212616835221,0.041517310775234864,0.4849114532136862,2.1924558799833336,0.3640994885210363,0.0,1.0743360635097392,0.0,0.32576161824775396,0.7542446125896922,0.018012396640218965,2.0720472115028485,0.6198314490140023,0.803974945683111,0.5052200653909436,2.3029647759622467,0.16079337311107886,0.10627733196233424,0.6512048254028637,0.6267813254142424,7.978140028667042,2.173032542641036,0.42554002299946353,Software—Infrastructure,Technology,SANG
2019Q3,2019,Q3,2019-03-31,2019-03-31,801146.644697,21656102.456561,1354388.106651,0.099611,13404510.934692,0.6189715329237799,71245921.210306,30345396.944278,25531916.566806,21022762.881965,40900524.266028,9437140.503295,2051850.659077,11176084.530509999,23850584.230929,4.122091778918857,1.2144891092649535,0.25218730001193324,0.5920936391071977,0.022237775771985838,4.122091778918857,0.026400928159487008,0.5160709113252305,3.487527721824536,0.36829587535243585,0.0,0.8743741304887785,0.0,0.3039626983365942,0.6914056074842332,0.01124480715649882,-17.01116338995658,0.6189715329237799,4.8763668910767795,2.1765947161146952,2.8518772983268263,0.18483715194084702,0.02420631144052098,4.970113751048761,1.38906589768874,5.314795579850619,2.342447252397361,0.3534205335565654,Software—Infrastructure,Technology,SANG
2019Q2,2019,Q2,2018-12-31,2018-12-31,-201794.380447,21453232.307658,566911.154674,-0.025697,13087705.850825,0.6100575271425732,69000007.341982,28696315.793338,21651948.194974,21279020.285897,40303691.548644,8202754.711717,1226066.973562,8914141.03734,22427118.725056,3.90281103662694,1.0175256146225944,0.2680828533025292,0.6446025677773013,0.015367471932760106,3.90281103662694,-0.007032065785038776,0.41551505663591703,-11.043594248752187,0.310637125042005,0.0,1.019843546568995,0.0,0.3109163771726892,0.5615789494022874,-0.002924555927173377,4.7595783949304975,0.6100575271425732,0.7741439319364365,-1.5378913484136703,2.5227800980612143,0.09297669844040297,0.35874837072016397,0.7384248148133509,-0.6185754616431597,-3.271021863845894,2.696808759161361,0.38190901104276254,Software—Infrastructure,Technology,SANG
2019Q1,2019,Q1,2018-09-30,2018-09-30,-771458.425244,16593784.103838,1486299.641644,-0.113776,9632177.769522,0.5804690304060398,71709679.491645,30313752.21554,21733057.019683,21649032.128234,41395927.276105,8025849.645127,1505243.767463,9061775.759232,24467426.644286,4.368559976829754,1.0038812308537073,0.26889102398181247,0.6360838807025432,0.06295653584960138,4.368559976829754,-0.02544912354494079,0.5460945919584483,-2.936572945057248,0.2989328307099701,0.0,0.8673980503164336,0.0,0.23140229075729404,0.5654265600019941,-0.010758079393366747,-14.159939067111601,0.5804690304060398,-2.5107972045509817,-1.9601351011819876,2.7084638515360897,0.2038892808122966,0.342219353635059,-2.5211610314891324,0.4437803397871923,-8.843132388437025,2.1615652030203574,0.5067158901731309,Software—Infrastructure,Technology,SANG
2018Q4,2018,Q4,2018-06-30,2018-06-30,507151.057169,12775544.196158,1029449.97981,0.07530858520076159,7176306.721725999,0.5617221944943948,39203924.878345,26873940.085158,24014409.975669,9472980.53528,12329984.793187,5114205.444039,2236560.218978,7766017.8415344,-771282.1888795989,3.990602756268872,2.5350426812588385,0.0882437079093047,0.12873064704693676,0.016318760865985386,3.990602756268872,0.018871481277473356,0.6078815682755715,3.828256754942788,0.2889795027050549,0.0,1.0948401537052723,0.0,0.3258741117324915,1.8463613536514056,0.012936231735540695,0.8866707615884729,0.5617221944943948,-0.07377488776167389,1.083518291737701,1.24512840260771,0.12256979276281985,0.033225605371839266,-0.12690505889842288,-0.10815807762541726,1.9108689763569795,0.963155406936644,0.2802739226861142,Software—Infrastructure,Technology,SANG
2018Q3,2018,Q3,2018-03-31,2018-03-31,580865.875284,12578853.346342,1154296.466653,0.081307,6945537.048651999,0.552159792106313,39242870.97049,26303780.364098,22684595.9068,9981074.174739,12939090.606391,5246490.270325,1736244.879628,7723865.126558,598997.7335529998,3.905937800286771,2.2727609783937104,0.09518835510883004,0.14201245165989643,0.027579792069519198,3.905937800286771,0.022082980744350462,0.614035708493584,3.3242894165462933,0.29364087669695926,0.0,1.073730438337597,0.0,0.32053855987756585,1.643563417775419,0.014801819054492767,-2.5983847195664245,0.552159792106313,-0.14080860596838268,3.687431027638287,1.4863738017565027,-0.15624640699355885,0.457841476193353,0.19044635806998042,0.7731464247831803,1.048297042499386,1.2923889112449176,0.2927193305916213,Software—Infrastructure,Technology,SANG
2018Q2,2018,Q2,2017-12-31,2017-12-31,487939.562624,9332435.785288,650987.673956,0.094632,4764260.83499,0.5105056112468043,23767082.306163,16880976.540755,11165470.377734,6886105.765408,6886105.765408,4629413.916501,1186535.188867,3279176.2048176005,2378000.856905601,3.4846393763258874,1.6214491554607204,0.0723928573077665,0.10192342805868551,0.024794041331110767,3.4846393763258874,0.028904700000381433,0.35137409785203305,1.680113919838312,0.19425275527756522,0.0,0.9867717669433878,0.0,0.3926622403654496,0.840206192710169,0.020530057343112463,12.230614999070687,0.5105056112468043,0.5246012566457224,2.658646157094949,1.9207707608719924,-0.2569738637273528,-0.03429243932711668,0.5502520536879549,0.20126160872139512,4.014151511962048,1.6944122934646215,0.020174332351574224,Software—Infrastructure,Technology,SANG
2018Q1,2018,Q1,2017-09-30,2017-09-30,314748.5349,9548826.711164,541919.985813,0.06207,4933440.545573,0.5166541078607149,23399819.432017,16498965.764633,10381119.360273,6900853.667384,6900853.667384,4485719.813306,708152.16077,3099809.7077740002,2524623.295515,3.442042440880884,1.5043239373902435,0.07863593781186676,0.11152618727225598,0.019110017433984793,3.442042440880884,0.019076864537454313,0.32462728684246217,2.4621319593742133,0.18787903144927534,0.0,1.0289064760354336,0.0,0.4080726664966798,0.769967371887953,0.01345089588466408,-1.337563553384117,0.5166541078607149,1.0610708906716808,27.96387277576426,1.7436137321594076,-0.2842039310870288,0.22334148689846506,1.2524746709750676,0.8122287745385773,15.646812195263871,2.3058247796303877,-0.03797858214197294,Software—Infrastructure,Technology,SANG
2017Q4,2017,Q4,2017-06-30,2017-06-30,139734.550162,6269511.325967,299035.085099,0.030115412468792888,4032758.308623,0.6432332759205908,20959401.33481,14866970.381989,11695897.151996,6092430.95282,6092430.95282,3495216.675893,375245.278957,3737685.3906816,1526749.3323686006,3.204110541708262,1.9197422576586323,0.14246450130394758,0.2008459411751056,0.014132053928559374,3.204110541708262,0.009398992973799508,0.5961685363260916,6.687117442229478,0.251408679417948,0.0,0.6399468830562636,0.0,0.2991264505038323,1.2578064539579206,0.0066669151437033026,1.8677346993857886,0.6432332759205908,-0.28282976593653825,1.3998570404336994,0.665185579404152,-0.3035167790369761,0.20098817352037132,-0.33596125317653275,-0.06718406212236991,-0.7477384771161616,0.3732715867061575,-0.14068216772357858,Software—Infrastructure,Technology,SANG
2017Q3,2017,Q3,2017-03-31,2017-03-31,210431.320206,5107887.790759,320572.444098,0.041992,3357866.794643,0.6573885199118757,17919487.394832,14359005.084059,8551103.045937,3560482.310773,3560482.310773,3773030.489359,241453.831041,2660082.05448,1956773.6665319998,3.0946345069748324,2.401669858059345,0.05609905314752027,0.07000946582678078,0.013747889501782731,3.0946345069748324,0.014655007012959098,0.520779265999641,3.1602734467900673,0.18525531810230747,0.0,0.46382370909844167,0.0,0.2850465349936361,1.289404294859224,0.011743155123214553,2968.5625337825386,0.6573885199118757,-0.10411332991978144,0.9151815814600326,0.2948315159057445,-0.349282334802345,0.03743229939993144,-0.024670296077808213,-0.16458125061925719,0.32379382556654385,0.4414303934211106,-0.11049095163436307,Software—Infrastructure,Technology,SANG
2017Q2,2017,Q2,2016-12-31,2016-12-31,215754.036158,4887786.623019,383726.657243,0.046872,3236709.3222229993,0.6622034822428086,17480159.214344,14016286.734618,8078728.517223,3463872.479726,3463872.479726,3372817.498698,30779.703891,1688524.7229216,991573.6032136001,3.020772284338599,2.3322823125007317,0.057058877257796806,0.07115994970298266,0.015823101187848264,3.020772284338599,0.015393095207243572,0.3454579451094497,1.9565389748781656,0.12046876286792939,0.0,0.489524648586341,0.0,0.2796191134808511,1.268140472800393,0.012342795824248269,-25.869079470167314,0.6622034822428086,3.401953418482344,0.1932393523558029,0.334689275281037,-0.3467885546069628,0.1301338355997384,3.464175176048536,2.4668853471995345,-0.08866499284977208,0.2718581290998906,-0.15403700381810953,Software—Infrastructure,Technology,SANG
2017Q1,2017,Q1,2016-09-30,2016-09-30,48330.10078,4427024.909679,110683.399886,0.010648,2864005.324206,0.6469367990101657,16906159.345883,14017806.427077,8008036.508842,2888352.918806,2888352.918806,3037355.390759,-189103.631869,1830843.2134079998,1051604.574883,3.021099806523881,2.772527019361746,0.06031315531527326,0.07274061171535387,0.004428276833146239,3.021099806523881,0.0034477648861411638,0.41356063061790016,9.470512081808241,0.13060839603773644,0.0,0.5145988481388802,0.0,0.26185870008122647,1.5729505654039337,0.0028587273898947,8.653189951757376,0.6469367990101657,1.4134946748724806,-0.8991104647954627,0.4010495744555518,0.0,-0.021468401001098137,1.404487023867824,0.22628142714389346,1.2773339999641253,0.47960908311375633,-0.16744426249640051,Software—Infrastructure,Technology,SANG
2016Q4,2016,Q4,2016-06-30,2016-06-30,-119484.9227,4752330.902759,90259.378831,-0.025751238521472562,2926839.896776,0.6158746006253062,17587575.940268,14087831.779746,8510950.857178,3499744.160522,3499744.160522,3004554.870225,-241282.134521,1197761.33952,620902.0589620001,3.0361915814389238,2.431878007879456,0.05891606979450578,0.07355218800260847,0.00901834794941196,3.0361915814389238,-0.00848142741679971,0.25203660351694596,-2.506093054366599,0.08502098536142481,0.0,0.6075745276192261,0.0,0.2702095455848581,1.4742214877142494,-0.0067937118284976845,0.6169481307435015,0.6158746006253062,-2.591744252779859,0.9755117041313672,0.3102107995545082,-0.3395682534893821,0.04539660699207049,-2.4942407131479962,-0.5517197524530845,0.9714415103442718,0.21212193124060927,-0.1459092366410249,Software—Infrastructure,Technology,SANG
2016Q3,2016,Q3,2016-03-31,2016-03-31,79963.637484,4083716.218298,201345.87532,0.016178,2799741.1481919996,0.6855866075235924,17050596.283628,14131878.062309,7937229.977505,2918718.221318,2918718.221318,2829043.018705,-120715.078118,1388406.9527136001,1301478.1985916002,3.045684380217493,2.719423176767232,0.06057208730962014,0.07308230386784507,0.009208349563644953,3.045684380217493,0.005658387167751629,0.33998614950092115,4.340744732227219,0.09824645716527991,0.0,0.4538549119319302,0.0,0.2395057715500066,1.6007005730067618,0.004689785398342999,-1.2283003774441623,0.6855866075235924,0.6035285955000496,-0.7909088189001233,0.18702725804918757,-0.4535860698439047,0.058922186154658815,0.42606204827418664,21.562677195568934,1.5369475514808844,0.17154448286027185,-0.3420767891430753,Software—Infrastructure,Technology,SANG
2016Q2,2016,Q2,2015-12-31,2015-12-31,56073.04225,3662116.178685,-9791.812292,0.010089,2643953.620765,0.721974260716763,17320288.392941,13104276.891813,8868610.424518,4216011.501128,4216011.501128,2886916.386225,-187713.394202,1287312.7219200002,148676.57119500008,2.8242170833533766,2.1035546089343424,0.05577667346184186,0.07372158555055858,-0.00048082333147779114,2.8242170833533766,0.004278987899365288,0.3515215408546244,5.73944568666595,0.09823607456923157,0.0,0.3526816927494646,0.0,0.21143505786990938,1.3761313743723715,0.003237419665185999,1.5932521818423733,0.721974260716763,-0.3550057537399309,-0.8480567060587463,0.14369179237210716,-0.4736430615813942,0.0585329846978497,-0.14745453780611664,-1.1721269592123635,1.199006185258322,0.1966284418569806,-0.3977950425240752,Software—Infrastructure,Technology,SANG
2016Q1,2016,Q1,2015-09-30,2015-09-30,65771.32216,3509594.040968,56887.150838,0.015642,2497752.700186,0.7116927687445815,17927360.148976,13453086.03352,9269206.703911,4474274.115456,4474274.115456,3162268.156425,-251993.296089,1228255.209216,886466.7548400001,2.899391985789557,2.071667149737499,0.05570184100278918,0.07422735290102948,0.0027877486434319102,2.899391985789557,0.004888939385069176,0.34997073589663047,4.6686578925236555,0.09129914178469184,0.0,0.31997328838990824,0.0,0.19576747562403748,1.2927709381152872,0.003668767828249204,-2.2943203419098097,0.7116927687445815,-0.39539678767308173,0.1520857839777426,0.340027541406196,-0.43374741655594107,-0.16788145472045893,-0.4521019488864155,-0.8704992205399472,5.2525187286128245,0.04173044057602104,-0.3970517733840578,Software—Infrastructure,Technology,SANG
2015Q4,2015,Q4,2015-06-30,2015-06-30,120042.993448,4483806.551723,439280.374027,0.02587151321905668,3001678.9246619996,0.6694488020471221,19269599.858214,14462740.169659,9934185.658699,4806859.688555,4806859.688555,3202980.721979,-343668.382596,1400999.3618688,452362.03517379984,3.116991360642789,2.066668532545691,0.05604633733240887,0.07467398855575677,0.009245077090754762,3.116991360642789,0.00830015557493282,0.31245758390946543,2.9177033195104434,0.09686956589373841,0.0,0.4627338581498704,0.0,0.23268809859648953,1.3658872263755855,0.006229656782251739,3.286371150580388,0.6694488020471221,-0.414287355526099,-0.9018174459447608,0.43915334208049733,-0.36650664242630765,0.11688657638504871,-0.3856275221574186,2.242032926761138,1.3435087172733646,0.19090143115985117,-0.32245403074733425,Software—Infrastructure,Technology,SANG
2015Q3,2015,Q3,2015-03-31,2015-03-31,195391.2289,3780723.300205,135495.346269,0.044171,2687541.410317,0.7108537697459306,18573139.296419,14019614.292475,8929002.997318,4553525.003944,4553525.003944,2945190.881843,-452274.017984,1345452.4489536001,828601.2105876,3.0214894353743387,1.9608990813895197,0.056933007166154036,0.07542466223400815,0.007047902348164149,3.0214894353743387,0.013936990335381469,0.35587170552276237,1.7214852177962838,0.09596929137171549,0.0,0.37117522556090626,0.0,0.20355865747121943,1.2897915956097885,0.010520097102683791,3.3331795119564434,0.7108537697459306,2.220867882808182,-0.5695041222501698,0.11510118634661873,-0.36831130759582487,0.44590152854395126,2.419712967591502,0.31441786028883567,0.7782984130014092,-0.041599995426449175,-0.3646627585988588,Software—Infrastructure,Technology,SANG
2015Q2,2015,Q2,2014-12-31,2014-12-31,-137627.27633,2944655.686302,103083.920542,-0.03618,1858730.5962830002,0.6312217095293943,17336537.566976,14067817.824716,12928391.881881,3268719.74226,3268719.74226,2725041.77937,-707329.049153,1199535.07135,-2934910.081382,3.415729317844673,3.9551851799145927,0.06661284384777169,0.08209063297514757,0.005798990749844584,3.415729317844673,-0.00978312898594693,0.4073600444799091,-2.1789559150937827,0.08526802708821801,0.0,0.39849851045955487,0.0,0.16985258301583886,3.0867523374460175,-0.007938567652180055,-5.056308830250616,0.6312217095293943,-6.769414766384946,-1.4012680052018733,0.062095754623242023,-0.24830520798936492,0.13356440708630524,-9.471671168380608,1.6693905940538591,-1.8575211712951591,-0.09411274373234031,-0.26138309188399683,Software—Infrastructure,Technology,SANG
2015Q1,2015,Q1,2014-09-30,2014-09-30,16245.587629,2481835.367055,-153996.667204,0.006271,1639722.087835,0.6606893066322647,16368209.428587,14735835.617911,11820992.133885,1632373.810676,1632373.810676,2582042.322923,-592506.584959,1277874.2325440003,-3268801.930799,3.577927036743846,7.241596291593088,0.0,0.0,-0.008121140456323596,3.577927036743846,0.001102454455263734,0.5148908140753727,19.664943209916068,0.08671881701712114,0.0,0.3261423222012434,0.0,0.15162534288695537,5.573391225027304,0.0009925085391824934,15.281588875520024,0.6606893066322647,-0.9474710163228272,-0.9685331902424845,-0.13388058129340438,-0.18733620451071456,-0.39236384183531947,-0.966958912409495,-1.2263001267585656,-0.9617936506262433,-0.11511628391202677,0.0,Software—Infrastructure,Technology,SANG
2014Q4,2014,Q4,2014-06-30,2014-06-30,491678.356062,4052337.043962,680497.485396,0.1193817119809447,2698526.191706,0.6659184965196357,17297770.154374,15356666.572936,12576031.268453,1941103.581438,1941103.581438,2425399.057072,-636876.341516,1358242.186542,-3311003.002746,3.7286675795150708,6.47880483489525,0.0,0.0,0.037077387428843214,3.7286675795150708,0.03201725802450611,0.33517502907755087,0.6906152008706316,0.08844642032768453,0.0,0.5581806623980273,0.0,0.2342693311216941,5.173611647633635,0.02842437792120112,1.674838322942001,0.6659184965196357,0.8851629159907262,1.8930850296477524,0.2530826185717792,-0.00781432091591594,0.2766878421513356,2.484678848096216,5.123579921576923,1.113526760348072,0.2586696458169268,-0.18894102178835354,Software—Infrastructure,Technology,SANG
2014Q3,2014,Q3,2014-03-31,2014-03-31,141097.179251,3145400.67669,111127.395104,0.063327,2113693.0286410004,0.6719948413266392,16388861.748901,14328551.267437,12002310.51765,2060310.481463,2060310.481463,2841320.631819,-1082323.725778,1408890.7559,-2318995.5818299996,3.4790365681617756,5.825486316570751,0.0,0.0,0.005326843050418367,3.4790365681617756,0.009847274620963027,0.44792091714770604,2.4963127600759862,0.09832750915312971,0.0,0.3631084913456267,0.0,0.1919230709784298,4.417649574564597,0.008609333668975616,-7.178095795353111,0.6719948413266392,0.20407270791345006,-0.7409938788980762,0.4615517976175336,0.009958492933172315,-0.07883795486431781,-0.3285569961641433,-0.3480458393149027,-0.5843448144338055,0.03003696377107095,-0.3758401045382452,Software—Infrastructure,Technology,SANG
2014Q2,2014,Q2,2013-12-31,2013-12-31,210140.218075,3411158.278314,170452.773838,0.052594,2294594.137701,0.6726730190998721,16364812.119049,14706519.717873,11716341.557332,1658292.401176,1658292.401176,2909360.707007,-1270080.862534,832111.0571619999,-3241718.0326880002,3.5708090046164416,7.065304978195161,0.0,0.0,0.00805990262044685,3.5708090046164416,0.01428891553585001,0.24393797920549126,0.9899474084311358,0.05658109961602445,0.0,0.38378333010541804,0.0,0.20844469545381075,5.264610069660103,0.012840979569230263,140.56907668058778,0.6726730190998721,2.2917915213440097,-0.7667759575507704,0.6213724065074177,0.02357161282188166,0.2964111153297536,2.3585207946587814,2.2531048491678702,-0.3584828169796592,0.20019124615501155,-0.33449871597128683,Software—Infrastructure,Technology,SANG
2014Q1,2014,Q1,2013-09-30,2013-09-30,-154683.107466,2655787.238993,-136024.350996,-0.040714,1769958.704124,0.6664535012959543,16379995.734698,14944969.852072,11532591.752457,1435025.882627,1435025.882627,2966821.768549,-1527845.634851,1065064.74035,-3133726.434353,3.628705767595313,8.036504353040032,0.0,0.0,-0.007414271018616842,3.628705767595313,-0.010350178621775835,0.4010354160575916,-1.7213656322881055,0.07126576707027196,0.0,0.2985782780278834,0.0,0.16213601529621918,5.906342039416765,-0.009443415613249054,3.2670413884455294,0.6664535012959543,0.9548475951215403,-1.2394860923166295,0.08332420127460055,-0.042877252890244966,-0.17323289787157758,0.958705999804037,-1.540006003680933,-4.0525503119657,0.1424095300926033,-0.2913121007680328,Software—Infrastructure,Technology,SANG
2013Q4,2013,Q4,2013-06-30,2013-06-30,-3745897.872135,3510253.046642,251894.145748,-0.9017016947290656,2140818.979816,0.6098759694444147,16493305.20073,14767881.310827,11804767.335766,1725423.889903,1725423.889903,2885211.374696,-1346303.7941,1135234.6522816,-2661802.8705293997,3.5548816492267927,6.841662158989604,0.0009816409232688789,0.0010963321687268714,0.01541423608373299,3.5548816492267927,-0.2536516778062614,0.32340536058151004,-0.07576518975105997,0.0768718699986645,0.0,0.4746390780364542,0.0,0.2128289632624172,5.143224550544442,-0.22711626484479322,2.00315437295166,0.6098759694444147,-25.212258567705394,-6.070560029677001,0.03724006746888983,-0.03682718086735948,0.09229347069671821,-27.094234041082736,2.371993183073671,-4.42196355639631,0.25840538190809653,-0.2775103774168378,Software—Infrastructure,Technology,SANG
2013Q3,2013,Q3,2013-03-31,2013-03-31,-133333.333333,3120863.924517,-183597.228365,-0.0344,1959930.2177010002,0.6280088671294211,20795591.920979,19231038.380264,12420369.551329,1564553.540715,1564553.540715,3534539.2894,2494211.01774,1054266.58012,-2394180.026593,4.6292399021013155,7.938603076282643,0.0008051147353545391,0.0008706153643363567,-0.00863962777454172,4.6292399021013155,-0.0069332362973095795,0.3378124152859896,-1.9767498377299422,0.054821094902600224,0.0,0.32845403934187767,0.0,0.15007333940654083,5.643136466573817,-0.006411615203820705,6.621665948186908,0.6280088671294211,0.456787784041562,-1.1381987690845714,-0.031221258728832676,0.33036456898591915,0.04110794927156661,0.47809185054789877,0.46922694695598405,-1.32811388427634,0.02810188584322163,-0.03218642224995185,Software—Infrastructure,Technology,SANG
2013Q2,2013,Q2,2012-12-31,2012-12-31,-255472.794347,2774788.657359,-345905.330559,-0.063327,1882542.7459969998,0.6784454524146623,20936130.796216,19729943.809495,12224517.756803,1206186.986721,1206186.986721,3630885.67896,2687288.28041,1454146.0639019997,-1909874.924609,4.68979381237705,10.13484467282735,0.0016358353325338416,0.0017358418662357358,-0.013716887553275166,4.68979381237705,-0.012948480584321492,0.5240565114915934,-1.422995027336338,0.0737024939322024,0.0,0.2457378144765955,0.0,0.1325358866147567,6.7810218917292175,-0.012202483679227596,-1.4964138164234937,0.6784454524146623,-29.09666901730674,-1.3197174817614192,-0.14407623270835332,0.38930683726773047,-0.14202359977007706,-27.70444964371719,-36.620142456477204,-1.729198665675373,-0.020216205793883175,0.032076390231059626,Software—Infrastructure,Technology,SANG
2013Q1,2013,Q1,2012-09-30,2012-09-30,9566.675133,3063945.13589,9710.947422,0.002253897070894503,2194166.116332,0.7161244797207015,22144486.664973,20291836.423673,13274332.740665,1768759.96952,1852650.2413,3722619.253239,2974392.684785,1989360.5394,1308277.4812329998,4.80869145608479,7.50488080316932,0.002344819125165452,0.0025589017556056737,0.00030285422539179103,4.80869145608479,0.0004714543786603395,0.6492807315957829,51.986727670352046,0.09803748156964043,0.0,0.2336470534291728,0.0,0.13836153360630346,5.155455045718056,0.0004320116007986797,-4.001913269081605,0.7161244797207015,1.0299260922673388,-0.9817232926991014,0.015049133418177693,0.5351699748693095,0.005861347169774748,1.0298548051510572,1.159764936772924,-0.9819146397834004,0.04360136520594329,0.09221049225061041,Software—Infrastructure,Technology,SANG
2012Q4,2012,Q4,2012-06-30,2012-06-30,-320440.045902,3452381.505126,-60782.720027,-0.07531544883173402,2181380.289148,0.6318479825909006,22054093.009537,19573097.040606,13396332.710648,2203177.66198,2480995.968931,2989712.909252,2869068.921443,2242339.4107260006,-2639892.4248849996,4.600413111572098,6.080459575197713,0.002278387201290528,0.002567185108455595,-0.018590123922968972,4.600413111572098,-0.01637145339019271,0.6495051046347681,-1.7494219584931137,0.11456232021299864,0.0,0.4251248379216429,0.0,0.15654153193391646,4.555874283532074,-0.0145297313185099,-0.9319395698607377,0.6318479825909006,-4.578271039135975,-1.7100006461782773,0.11419733133856491,0.6681503972370685,-0.09851238258129974,-4.180523658937491,-1.6341011072934257,-2.8251874085292936,0.033411997535872574,0.22415418104021873,Software—Infrastructure,Technology,SANG
2012Q3,2012,Q3,2012-03-31,2012-03-31,100750.719147,3617227.450862,95856.511411,0.021048,2419756.241793,0.6689533004667324,22072510.04801,20233894.618677,13343682.031853,1798328.171513,1838615.429333,2871918.693809,3237338.505177,2162054.372796,-4409791.1534589995,4.75572536675309,7.420048377836658,0.0030943198345109693,0.0033754947787439735,0.004687768104033262,4.75572536675309,0.0049793043329385295,0.5977103740824409,5.364860894048463,0.10685310038139194,0.0,0.41695860389445943,0.0,0.163879297959052,5.674882538832666,0.004564533844490578,4.834072344648519,0.6689533004667324,-0.48833138856476077,-0.8133120049240152,0.7350207806583986,0.9678695948004922,-0.013810202401411158,-0.3934544603622489,-0.479940388913942,-0.8209722215283206,0.627026494772567,0.3805791143919546,Software—Infrastructure,Technology,SANG
2012Q2,2012,Q2,2011-12-31,2011-12-31,166105.778648,3364228.20764,184318.315377,0.041136,2453641.527914,0.7293326660604945,21634192.94809,19712085.210578,12928088.148874,1578159.647405,1922107.737512,2439165.523996,3065039.177277,2087552.9000159998,-4018007.3350480003,4.624493807699589,8.19187600578428,0.0030849974450233584,0.0033858127771375945,0.00820607909790741,4.624493807699589,0.008426596013234738,0.6205146533386967,3.14190288412512,0.10590218526935784,0.0,0.3733189366477341,0.0,0.1555051402061668,6.527919364536377,0.0076779281319419345,-2.062058904374219,0.7293326660604945,-0.5934575282897663,-0.6438887367960272,1.020025751478803,1.0392018403537502,0.16167378042174518,-0.6225496940794217,-0.7642292733035648,-0.8218754401843625,0.5450455126197792,0.32561012899661435,Software—Infrastructure,Technology,SANG
2012Q1,2012,Q1,2011-09-30,2011-09-30,440073.238894,2902764.768237,781769.297485,0.101185,2112160.5473639998,0.7276375166448037,,,,,,,,2210765.8523500003,,,0.0,0.0,0.0,0.0,,0.0,0.7616069605573701,1.2559079131385817,0.0,0.0,0.0,0.0,0.0,0.0,0.0,19.175603909973532,0.7276375166448037,1.0962224871398496,0.13555639823434767,0.9435874558860096,0.0,-0.16946447406112453,1.0966766946892148,-0.24712177670673563,-0.3416796322502866,0.14406824525516165,0.0,Software—Infrastructure,Technology,SANG
2011Q4,2011,Q4,2011-06-30,2011-06-30,-4552009.564546,3383873.510376,1038374.166363,-1.051573317294718,2543130.885312,0.7515443108360806,22112881.509933,19900538.966671,14372396.026928,1611247.057366,2212342.543262,1508706.066989,2738986.288357,2240055.8998020003,-6741837.091567,4.597282909976088,8.920044856698388,0.003977210753718115,0.00441935719853079,0.047120227499010583,4.597282909976088,-0.22873800413996873,0.6619797970974086,-0.12302565867001945,0.11256257448874116,0.0,0.55726071728598,0.0,0.15302725286417243,7.965703849665776,-0.20585329697991914,2.273194374786737,0.7515443108360806,-14.273083549525634,-21.537379244794163,1.3012424597234187,1.1077951961782924,0.08890825595122905,-13.75844416596727,1.2155571811529569,-6.913336596923634,-0.040412860153481577,0.24560488299662206,Software—Infrastructure,Technology,SANG
2011Q3,2011,Q3,2011-03-31,2011-03-31,356784.064368,3209545.122491,468674.054182,0.079226,2335486.8249120004,0.7276691044304049,25687306.437839,24128300.97437,13039137.368686,1488893.004496,1559005.463469,1877590.517641,7071389.326172,2170529.0721244,-5600888.0343976,5.573950831281746,8.757605368090122,0.004094209066431318,0.0043587487996653695,0.01472278059056113,5.573950831281746,0.014786953492787977,0.6762731132565614,1.5208982749616569,0.08995780823647792,0.0,0.465521256827162,0.0,0.12494673702973934,7.434287214856571,0.013889508626814795,3.9481737215434634,0.7276691044304049,0.029069465371226736,0.008813135406243552,1.5332120742600854,1.756438962813085,0.01394012308842018,0.03893564995483622,0.03760175054771296,-0.6451046367078146,-0.04385734889204668,0.6018583724383857,Software—Infrastructure,Technology,SANG
2011Q2,2011,Q2,2010-12-31,2010-12-31,343413.053911,2979664.253719,451689.729643,0.076988,2303377.459606,0.7730325511443419,24728970.364742,23167380.219165,12459923.412254,1493459.046553,1561590.145577,2029809.230523,6524948.008319,1942217.9519400003,-5629411.5873340005,5.365592960241949,8.342996375436144,0.004132749835865083,0.004411316568778766,0.014758026170915884,5.365592960241949,0.014823128496286116,0.6518244293852454,1.4139080691756052,0.08383416396530317,0.0,0.3331775143907234,0.0,0.12049285553624736,6.923197995844789,0.013887074505966109,2.970378625113417,0.7730325511443419,4.673815314319405,1.0902314301538458,2.366037787800178,1.6472265503540393,0.3024950047551195,5.464289944695161,3.520489854754323,-0.5812532770920638,-0.10445914639446599,0.5895059108966259,Software—Infrastructure,Technology,SANG
2011Q1,2011,Q1,2010-09-30,2010-09-30,53124.636557,2437178.716806,99920.527234,0.013569,1768434.774181,0.7256073434362621,23455059.119984,22108330.102733,11611067.067261,1280686.179492,1346729.017251,1848215.739484,5991979.06571,2554591.3015888003,-4720834.1684632,5.120315686958792,9.066285912343234,0.00422359801875731,0.004480878509080782,0.0023922048007555523,5.120315686958792,0.002402923979791346,1.0481756155070454,12.02168836885997,0.11554881303644933,0.0,0.36183218676176054,0.0,0.1039084448407761,7.536600999537289,0.0022649542806625097,6.454460272785075,0.7256073434362621,-0.948505560355309,-0.8019502024187506,1.1125381450113037,1.5875586461838078,-0.11198087007025898,-0.9520274519347851,-0.9121541173941597,-0.9008099429005276,-0.2109060834284004,0.6346557012978911,Software—Infrastructure,Technology,SANG
2010Q4,2010,Q4,2010-06-30,2010-06-30,1107396.598671,2821892.664623,1137452.596183,0.26350417819138117,1991437.7005830002,0.7057099391301804,22967205.198748,20678032.44474,11643376.340006,2194243.430415,2289172.754008,1564227.302912,5813215.064984,3294168.968565,-3939817.370491999,4.920322089218116,5.306328449530267,0.0049257465933716235,0.005471054031341253,0.08467133724893014,4.920322089218116,0.05355425385033165,1.167361540664799,0.7436741661746054,0.15930766030899415,0.0,0.5309042761841625,0.0,0.12286617549691368,4.5422961652458715,0.0482164281238436,2.0712397492184667,0.7057099391301804,1.7409806854047034,8.348507394387422,2.2142755299349117,1.7057501633487313,-0.1295823549092946,1.6938066712480941,0.6749836788207546,1.4840605704221377,-0.07800012848709674,0.7841522160297167,Software—Infrastructure,Technology,SANG
2010Q3,2010,Q3,2010-03-31,2010-03-31,411089.856778,3070869.138709,679082.7938,0.096135,2287910.535609,0.7450368062804664,22354643.908181,20101740.239356,11003551.108495,2169345.693545,2252903.668825,1686902.099274,4820956.444968,3355327.8108729,-3535362.7914411006,4.783193797366711,5.072290295288867,0.005232986857696666,0.0058194741543306176,0.020332138742629673,4.783193797366711,0.020450461098544676,1.0926313233534553,2.0405075408397093,0.1669172803409181,0.0,0.4641399186336691,0.0,0.137370523606738,4.2148305780290025,0.018389461199494028,21.018752953717755,0.7450368062804664,0.10618247091718734,0.5916722476966729,2.1968297055072488,1.6447865682823486,0.08295269063705611,0.17240547954758068,0.1235318736524575,-0.22882661012851138,0.4912045153195053,0.9792357451251769,Software—Infrastructure,Technology,SANG
2010Q2,2010,Q2,2009-12-31,2009-12-31,350637.95244,2834391.175628,604417.916149,0.086907,2112659.726865,0.7453663224155749,21591464.043549,19132606.245822,10555248.782351,2361240.569191,2458857.797727,1617336.453061,4293207.907554,3942943.2985880002,-2870811.8346369998,4.544037492541716,4.4702132091383655,0.009566656177940582,0.01079613045024152,0.018130977426755766,4.544037492541716,0.018326721824245405,1.3911076680212937,2.8112639199137344,0.2060850073391869,0.0,0.44624694348355165,0.0,0.13127369083963744,3.7196814502184425,0.016239656177681108,11.682532036663174,0.7453663224155749,-0.3015422697646009,0.835975945201022,2.489942697490624,1.4937527982938417,-0.048234757744887065,-0.3340554768288812,-0.26881536814120294,-0.23898007422635226,0.7229290086431778,1.0037240837039625,Software—Infrastructure,Technology,SANG
2010Q1,2010,Q1,2009-09-30,2009-09-30,526527.271026,2922357.563851,826628.309477,0.124427,2219727.757508,0.7595674755771178,21198525.587052,18492772.008607,10636590.887829,2594189.353541,2705753.578445,1641930.957059,3862162.035738,4053376.1406291,-2652720.7814399,4.402714943871299,4.100159794931829,0.014638089837980714,0.01677984900433401,0.02800218522572888,4.402714943871299,0.028472057665608,1.387022652795326,1.9245803416462277,0.21918704987778778,0.0,0.42792895969361533,0.0,0.13785664252215576,3.4045000791579323,0.02483791945170005,4.5983901235669045,0.7595674755771178,2.015352058625523,25.435747504207484,6.539790089699231,1.5995902177957226,-0.08347644281262517,2.0515257977852523,0.8730706568304751,0.378769084596636,0.9856948745874885,0.9684507093356368,Software—Infrastructure,Technology,SANG
2009Q4,2009,Q4,2009-06-30,2009-06-30,172545.57422,3283294.090778,441322.545128,0.04126450165050283,2421899.295551,0.7376431195589651,19050988.41466,15714042.809768,9311117.619191,2407449.933244,3336945.604893,1416430.509497,3071157.241914,4324747.212857,-1325657.197325,3.75803406370178,3.867626691054139,0.014210042887311862,0.017227607541562807,0.010794381269979732,3.75803406370178,0.010980342634216576,1.3171976354491655,6.266094091962679,0.2752154404319616,0.0,0.6081447620984223,0.0,0.17234245380420576,3.213932804733763,0.009057040530622748,4.406227183367268,0.7376431195589651,-0.6647070638620067,4.167781394246975,10.281157660781316,1.3539597831030414,0.5014212023578206,-0.6880308934987606,-0.4790267660639774,-0.19409830412585716,1.3115028401082485,0.7230103740964245,Software—Infrastructure,Technology,SANG
2009Q3,2009,Q3,2009-03-31,2009-03-31,553085.45181,2184971.093688,847111.744674,0.12307,1613071.196642,0.7382574539781698,17377930.624852,14403985.903223,8152258.652095,2105857.289934,2973944.721628,1574153.797418,2824240.120377,4696524.38054,-348968.6106689994,3.4447322266262472,3.871230349303728,0.00962885256986259,0.011616890843982203,0.03795713944087063,3.4447322266262472,0.03839808338650505,2.14946751199933,2.1228746684487847,0.32605727415278274,0.0,0.3633062398248867,0.0,0.12573252482452055,3.06778620763873,0.0318268880081175,7.501926872753111,0.7382574539781698,-0.4056513109283469,35.59027480368261,4.2066461316574975,1.106278806845194,0.010437169651193744,-0.3944130998219856,-0.39417062942752606,0.6189517422018258,0.785295654805038,0.7034944177552093,Software—Infrastructure,Technology,SANG
2009Q2,2009,Q2,2008-12-31,2008-12-31,913304.847987,2132548.890715,1398267.871816,0.207067,1596409.2029580004,0.7485920767906789,17613553.820871,14563695.152013,8144926.047658,2149173.377157,3049858.668858,1603531.635168,2356439.605588,4517634.13668,-448406.94795399945,3.48857760403504,3.7897947807414156,0.008690504320009543,0.010510427743321895,0.0620588014586573,3.48857760403504,0.06271106600722569,2.1184199604283536,1.23661725508116,0.3101983452362755,0.0,0.33434930499567556,0.0,0.1210743108632659,2.9925212498810767,0.05185238920409059,1.2362299815239473,0.7485920767906789,0.30477000630119716,4.181492783939354,1.7411673369308693,1.1042269077116502,-0.104204836642348,0.411816305099625,0.9570673588230414,4.7494903392079655,1.4916478601279761,0.7211621017103027,Software—Infrastructure,Technology,SANG
2009Q1,2009,Q1,2008-09-30,2008-09-30,646900.623465,2455329.68071,714470.999433,0.1587,1782114.112979,0.7258145930381421,19001931.796713,15638762.516531,8124757.226526,2327713.017193,3363169.280181,1757368.22218,1659073.304364,3903589.022802,399461.87373699946,3.791264786625328,3.4904462734515627,0.054492157643051625,0.06621088221618993,0.024660623372088974,3.791264786625328,0.041365205385093085,1.5898431292017825,1.5085736824201716,0.24960984084742635,0.0,0.38308167817890887,0.0,0.12921474021576737,2.692685452841334,0.03404393986809817,-2.191567897512848,0.7258145930381421,-0.10757861339993642,6.999936588223961,3.371763862181527,1.3600733013231057,-0.17034486217206668,-0.09659178784830767,-0.3986395939167145,1.5243928177344397,1.2277575878998754,0.9159209272175347,Software—Infrastructure,Technology,SANG
2008Q4,2008,Q4,2008-06-30,2008-06-30,716066.795457,3280293.26182,1188091.188255,0.17783078978487213,2148017.931456,0.6548249683823143,16743864.216938,14861666.339163,10244942.031833,1436861.858911,1882197.877776,1971608.370996,1052746.11908,3652906.9464750006,-2437010.522575999,3.690803538692097,7.13008141199994,0.0,0.0,0.05467693352036137,3.690803538692097,0.04818213376046824,1.1135915770068265,1.2753373601633364,0.24579390110844934,0.0,0.5742901820770862,0.0,0.19591016860383242,5.58036580012432,0.04276592226139954,2.9781795076928885,0.6548249683823143,-0.20761595283559264,3.372475142957719,3.9653907781343385,1.3169920534175386,0.015200705671962956,-0.23428801944411087,-0.14671037881892487,5.309017430631424,2.8996388132942137,1.0296216582217985,Software—Infrastructure,Technology,SANG
2008Q3,2008,Q3,2008-03-31,2008-03-31,935164.675022,3122509.472457,1392365.685417,0.224425,2115855.435733,0.6776137764821903,15440968.61945,14011531.137666,9057859.710483,1032796.075002,1429437.481784,1754630.331293,356893.034101,3674409.3909750003,-1329726.429486,3.479677683862244,8.770230570895091,0.0,0.0,0.06200894012520671,3.479677683862244,0.06674250414418141,1.1767488372369062,0.9822894002301144,0.2622418174625755,0.0,0.5737128891315753,0.0,0.20222238315566388,6.847719360300924,0.06056386086064788,1.9106637075472368,0.6776137764821903,0.22114123721998233,4.2948317499837305,3.8804666876037466,1.4249826617667145,-0.05254421114424683,0.2236739511608066,0.09341587118478895,2.778975508580791,2.3925875010831543,0.9240292553684987,Software—Infrastructure,Technology,SANG
2008Q2,2008,Q2,2007-12-31,2007-12-31,764227.001919,3100551.348076,1273409.067959,0.183783,2233197.011006,0.7202580316535563,14442545.693224,13582251.842876,7888608.502474,564158.335858,860293.850348,1737930.930021,-601045.137837,3572421.1326320004,-289501.5170699996,3.3756357390424974,13.98296896646331,0.0,0.0,0.05548529947366417,3.3756357390424974,0.0562665904564156,1.1521889920800092,1.1686387433516252,0.26302127025466426,0.0,0.49907296204200674,0.0,0.21468177521714082,10.575951428885357,0.052914978989995635,4.129569387083396,0.7202580316535563,0.5332754895171988,5.414260243550452,5.962082290079636,1.6027765145720296,0.0984646553132598,0.5503475091551192,0.5795306321541839,3.1874194744587165,2.994969445151736,0.8525377671453371,Software—Infrastructure,Technology,SANG
2008Q1,2008,Q1,2007-09-30,2007-09-30,492939.161966,2842655.116841,806194.601128,0.119863,2033016.7203870001,0.7151823337071791,13070678.887994,12447872.68332,6640824.939565,585272.965351,622806.204674,1642366.035455,-1361834.206285,3508185.833061,757541.1916429996,3.132351162935009,11.346543122118009,0.0,0.0,0.03960027343680438,3.132351162935009,0.03960027343680439,1.234122919898772,1.7792184633237629,0.28183015060572775,0.0,0.4929707379327888,0.0,0.21748335654180176,8.370143135198598,0.03771335568642777,-6.5938423901618135,0.7151823337071791,0.12995154079210558,1.628579891727663,4.441744914153621,0.0,-0.00770871198276508,0.17389701401133445,-0.0725646545602776,25.158979751520192,6.751876211626397,0.8495018518521052,Software—Infrastructure,Technology,SANG
2007Q4,2007,Q4,2007-06-30,2007-06-30,419916.871823,2882915.748865,869273.10361,0.10607800040342882,2048810.4097429998,0.7106730089318821,11838332.550493,10916907.468295,5892601.221231,921425.082198,921425.082198,1449773.60263,-1729844.058243,3750366.168635,840221.4997760002,2.757792774075821,6.395095309511849,0.0,0.0,0.049391193138368025,2.757792774075821,0.03846481918460215,1.3008934340559601,2.232802740428958,0.34353741474193616,0.0,0.5753348920196016,0.0,0.2435238017321065,4.684772601919919,0.035470947452436015,3.269149941652253,0.7106730089318821,-0.1675390584143956,1.0250693228585392,4.045830411382379,0.0,0.5480545001709053,-0.16371120452518004,0.1276908527171029,9.143365424911421,9.46321270464671,0.727428003649359,Software—Infrastructure,Technology,SANG
2007Q3,2007,Q3,2007-03-31,2007-03-31,502119.45215,1939752.947295,770843.446602,0.127427,1323474.341192,0.6822901560931225,10206270.804438,9566618.411928,4728059.119279,639652.39251,639652.39251,1405581.65742,-1884289.181692,4066742.7604090003,2258577.0183840003,2.416687253727927,7.391607026944848,0.0,0.0,0.05248661862836922,2.416687253727927,0.05248661862836921,2.096526140651109,2.0247884955441475,0.4250972062749405,0.0,0.4384509450942917,0.0,0.19005501465349478,5.026681013633094,0.049197151611111774,3.4968785152121558,0.6822901560931225,0.17879906382112704,28.50411342843226,5.301289684002651,0.0,0.14208082605303782,0.1599275299536519,0.15254481141526016,34.170960201847564,3.882564692912306,0.47768151787094904,Software—Infrastructure,Technology,SANG
2007Q2,2007,Q2,2006-12-31,2006-12-31,432888.641043,1545630.576527,668818.63418,0.108099,1158827.213452,0.7497439757279264,9379082.017845,8971178.792038,3857210.878518,407903.225806,407903.225806,1527380.748113,-2361840.253946,,,,,,,,,,,,,,,,,,,,,,,,,,,,,,,Software—Infrastructure,Technology,SANG
2007Q1,2007,Q1,2006-09-30,2006-09-30,359383.843812,1385000.895576,537217.445818,0.087767,985080.601827,0.7112490720934304,9177153.859932,8841107.827333,3321200.967222,336046.032599,336046.032599,812853.304675,-2917370.589289,,,,,,,,,,,,,,,,,,,,,,,,,,,,,,,Software—Infrastructure,Technology,SANG
