Year,Date,FillingDate,NetIncome,Revenue,OperatingIncome,EPSDiluted,GrossProfit,GrossProfitRatio,TotalAssets,CommonStockEquity,CurrentAssets,CurrentLiability,TotalLiability,Inventory,RetainedEarnings,EnterpriseValue,bookValuePerShare,currentRatio,debtToAssets,debtToEquity,roic,shareholdersEquityPerShare,roe,priceToSalesRatio,peRatio,pbRatio,payoutRatio,inventoryTurnover,dividendYield,assetTurnover,quickRatio,returnOnAssets,priceToFreeCashFlowsRatio,grossProfitMargin,epsdilutedGrowth,fiveYNetIncomeGrowthPerShare,fiveYRevenueGrowthPerShare,fiveYShareholdersEquityGrowthPerShare,grossProfitGrowth,netIncomeGrowth,operatingIncomeGrowth,threeYNetIncomeGrowthPerShare,threeYRevenueGrowthPerShare,threeYShareholdersEquityGrowthPerShare,Industry,Sector,Price,MarketCap,AvgVolume,Symbol
2022,2022-07-31,2022-07-31,332800000.0,3306600000.0,443500000.0,2.66,1067400000.0,0.3228089276,2600300000.0,1133200000.0,1406500000.0,629600000.0,1467100000.0,502400000.0,1830400000.0,7253252000.0,9.160873080032337,2.2339580686149936,0.24920201515209783,0.5718319802329686,0.18901388549669623,9.160873080032337,0.29368160960112955,2.0560551624024677,20.428341346153847,5.999428168019767,0.3308293269230769,4.457006369426751,0.016194624973082505,1.2716225050955658,1.2863722998729352,0.12798523247317617,40.53996422182469,0.32280892759934676,0.18749999999999994,0.5324071373209213,0.4943733390437753,0.42892809129783294,0.09848718740351961,0.1599860578598815,0.1528463737977645,0.2918254033565852,0.2055122083333227,0.3166125419157039,Specialty Industrial Machinery,Industrials,62.37,7561863540,495552,DCI
2021,2021-07-31,2021-09-24,286900000.0,2853900000.0,384700000.0,2.24,971700000.0,0.3404814464,2400200000.0,1137100000.0,1244000000.0,606600000.0,1263100000.0,384500000.0,1608400000.0,8671216000.0,8.996044303797468,2.0507748104187273,0.21981501541538206,0.4639873362061384,0.1721453339547199,8.996044303797468,0.2523085040893501,2.9315729352815447,29.161436040432207,7.357678304458711,0.3736493551760195,4.89518855656697,0.012813132887487306,1.1890259145071245,1.2784371909000989,0.1195317056911924,24.34928987194412,0.34048144644171136,0.1200000000000001,0.5917000039805749,0.3606177492264986,0.5685049880741481,0.1148462597521799,0.11634241245136187,0.13113790061746544,0.6403335334217934,0.07598400221664811,0.374190589431196,Specialty Industrial Machinery,Industrials,62.37,7561863540,495552,DCI
2020,2020-07-31,2020-09-25,257000000.0,2581800000.0,340100000.0,2.0,871600000.0,0.3375939267,2244600000.0,992900000.0,1096700000.0,406800000.0,1251700000.0,322700000.0,1430000000.0,6598446000.0,7.824271079590228,2.6959193706981317,0.3121714336630135,0.7057105448685668,0.14753698176710367,7.824271079590228,0.2588377480108772,2.3759958168719497,23.86905058365759,6.178211300231645,0.4140077821011673,5.299659126123334,0.01734496228285786,1.1502272119754076,1.7008357915437562,0.1144970150583623,23.183469387755103,0.3375939267177938,-0.02439024390243894,0.3405054093492168,0.18190484439481489,0.39111732329040594,-0.08088157755984393,-0.03817365269461078,-0.12390520350334878,0.1535383815489102,0.13738664188478647,0.22044270692114362,Specialty Industrial Machinery,Industrials,62.37,7561863540,495552,DCI
2019,2019-07-31,2019-09-27,267200000.0,2844900000.0,388200000.0,2.05,948300000.0,0.3333333333,2142600000.0,892700000.0,1122600000.0,482900000.0,1249900000.0,332800000.0,1281500000.0,6867485000.0,6.957911145752143,2.3247049078484157,0.2971623261458042,0.7132295283969978,0.18076238769164882,6.957911145752143,0.2993166797356335,2.2526573869028788,23.9842252994012,7.178878682648147,0.3731287425149701,5.698918269230769,0.015557256399033484,1.3277793335200223,1.4646924829157175,0.12470829832913283,32.797262026612074,0.3333333333333333,0.5073529411764703,0.1652170260460776,0.30520514377066615,0.010523073935399592,0.013682522715125602,0.4819744869661675,0.02157894736842105,0.4604528497968109,0.3362410316568413,0.21314635301229695,Specialty Industrial Machinery,Industrials,62.37,7561863540,495552,DCI
2018,2018-07-31,2018-10-01,180300000.0,2734200000.0,380000000.0,1.36,935500000.0,0.3421476117328652,1976600000.0,853000000.0,1125700000.0,469400000.0,1118800000.0,334100000.0,1122100000.0,6553710000.0,6.546431312356101,2.398167873881551,0.2747647475462916,0.6366940211019929,0.13497052018789732,6.546431312356101,0.21137162954279015,2.2731731402238315,34.472046589018305,7.28641266119578,0.5252357182473655,5.38371744986531,0.015236569052871055,1.3832844278053222,1.564124414145718,0.09121724172822017,37.577448609431684,0.3421476117328652,-0.21839080459770108,-0.17061397154540212,0.2767454639206243,-0.10553210833627516,0.13655691896488883,-0.22551546391752578,0.15642118076688982,-0.08409932178992101,0.21901037417650593,0.16392363093154255,Specialty Industrial Machinery,Industrials,62.37,7561863540,495552,DCI
2017,2017-07-31,2017-09-22,232800000.0,2371900000.0,328600000.0,1.74,823100000.0,0.34702137526877186,1979700000.0,850100000.0,1151000000.0,484100000.0,1125200000.0,293500000.0,1041200000.0,6599974000.0,6.411010558069382,2.377607932245404,0.3087336465120978,0.7189742383249029,0.16257556765799874,6.411010558069382,0.27385013527820257,2.6549070365529746,27.049716494845363,7.407568521350429,0.39690721649484534,5.277001703577513,0.014673248666782908,1.1981108248724555,1.7413757488122288,0.11759357478405819,25.765851063829786,0.34702137526877186,0.2253521126760564,-0.0017016906252214194,0.07821920155591214,0.05876142165644708,0.09048754636989931,0.22012578616352202,0.19839533187454414,-0.017717342858669084,0.05291006877960387,-0.06890531361158148,Specialty Industrial Machinery,Industrials,62.37,7561863540,495552,DCI
2016,2016-07-31,2016-09-23,190800000.0,2220300000.0,274200000.0,1.42,754800000.0,0.33995406026212677,1788600000.0,767400000.0,1009700000.0,543800000.0,1017200000.0,234100000.0,905100000.0,5138086000.0,5.73542600896861,1.856748804707613,0.31784636028178465,0.7408131352619234,0.15214697720873332,5.73542600896861,0.24863174354964818,2.1676286988244833,25.22424528301887,6.271548084440969,0.4779874213836478,6.260145237078172,0.01894952320755587,1.2413619590741363,1.362449429937477,0.10667561221066756,22.57404315196998,0.33995406026212677,-0.046979865771812124,-0.022750878072132903,0.11682085825278209,-0.05263965376257658,-0.06651628031224956,-0.08318157137296923,-0.048940376677881446,-0.14527253174386384,0.009657337530864835,-0.21634335330877089,Specialty Industrial Machinery,Industrials,62.37,7561863540,495552,DCI
2015,2015-07-31,2015-11-10,208111000.0,2371213000.0,288310000.0,1.49,808584000.0,0.3410001547731056,1809534000.0,774769000.0,1030716000.0,560647000.0,1030883000.0,264955000.0,815166000.0,5016894308.8,5.624450898996428,1.8384402306620744,0.3196331210134764,0.7465283200541064,0.15364061374504953,5.624450898996428,0.26861038580531743,1.95191461450321,22.240080095718152,5.9739164948520145,0.4383237791370951,5.897714706270876,0.019708732039210815,1.3103998045905743,1.1946340567237494,0.11500806284933027,38.86020040300914,0.3410001547731056,-0.1534090909090909,0.4156275519361505,0.42784078134155157,0.1728793752624076,-0.07887895778890122,-0.20026208189867192,-0.18954626847211017,-0.14093937400949574,0.03760647288091844,-0.07113682376283281,Specialty Industrial Machinery,Industrials,62.37,7561863540,495552,DCI
2014,2014-07-31,2014-09-26,260224000.0,2473466000.0,355739000.0,1.76,877826000.0,0.3548971362452526,1942411000.0,1002483000.0,1225277000.0,609580000.0,939928000.0,253351000.0,702435000.0,5781951897.0,6.885454993773795,2.010034778043899,0.22176923421459208,0.42970005476402096,0.17906352239894716,6.885454993773795,0.2595794641904152,2.2832749255498155,21.70285176232784,5.633614631869069,0.31922497540580425,6.298139734992165,0.014708895351712263,1.2733999138184453,1.449598083926638,0.13396958728096164,25.597736004786316,0.3548971362452526,0.07317073170731714,1.1105016458268404,0.41608411296007947,0.5574167312980177,0.03623895826717836,0.05193287977459505,0.03614608728071325,0.2248587457771545,0.1433772406813251,0.13731866067203566,Specialty Industrial Machinery,Industrials,62.37,7561863540,495552,DCI
2013,2013-07-31,2013-09-27,247377000.0,2436948000.0,343329000.0,1.64,847127000.0,0.3476180041593009,1743556000.0,1085187000.0,1055662000.0,476435000.0,658369000.0,234820000.0,532307000.0,5361419020.0,7.318799672260602,2.215752411136881,0.12080369084789935,0.19409373683982575,0.18824425712354004,7.318799672260602,0.22795794641845138,2.2055985683732273,21.727682929294154,4.952997980993137,0.2438383519890693,6.770381568861255,0.011222473780686316,1.3976884023226097,1.6750343698510815,0.14188073110356078,24.317864795410536,0.3476180041593009,-0.05202312138728328,0.5370277575679487,0.16622637452469505,0.5666950514387769,-0.030484238861109934,-0.06403305322340816,-0.054231769398594004,0.5632940397213008,0.36327308325244234,0.5262057294879018,Specialty Industrial Machinery,Industrials,62.37,7561863540,495552,DCI
2012,2012-07-31,2012-09-28,264301000.0,2493248000.0,363016000.0,1.73,873763000.0,0.35045169995122827,1730082000.0,910014000.0,1085662000.0,498523000.0,820068000.0,256116000.0,366788000.0,5204461934.39,6.055198486585643,2.177757094457026,0.17396632067150575,0.3307377688694899,0.21368189003063523,6.055198486585643,0.2904361910915656,2.057266238412705,19.40694486358357,5.636479146903235,0.18041551110287135,6.323248059473051,0.009296440649007797,1.4411155078198605,1.5022717106332104,0.15276790348665556,28.249106058665113,0.35045169995122827,0.20138888888888892,0.8775830666038562,0.3912078727494325,0.5596981343486236,0.07368800043254084,0.1731538321548575,0.15139731606207757,1.0766429684352592,0.3828442478328316,0.3696215345051939,Specialty Industrial Machinery,Industrials,62.37,7561863540,495552,DCI
2011,2011-07-31,2011-09-23,225291000.0,2294029000.0,315283000.0,1.44,813796000.0,0.35474529746572514,1726093000.0,934711000.0,1066582000.0,496244000.0,791382000.0,271476000.0,925542000.0,4261441297.2999997,6.054112388963367,2.149309613819008,0.15453860249708445,0.28538018703107165,0.18932802923359807,6.054112388963367,0.24102744056719136,1.8605637929163057,18.945218838302463,4.5663176075813805,0.18204455570795106,5.45253724086107,0.009608997249475039,1.3290297799712993,1.435362442669332,0.13052077726982267,23.01877499595517,0.35474529746572514,0.37142857142857133,0.8306396219278738,0.4556049018020305,0.8377612777138068,0.2353676975110361,0.35584335862977917,0.32336176357012136,0.3443244044812036,0.05432219282061712,0.2959704248488366,Specialty Industrial Machinery,Industrials,62.37,7561863540,495552,DCI
2010,2010-07-31,2010-09-24,166163000.0,1877064000.0,238244000.0,1.05,658748000.0,0.35094594537000334,1499506000.0,746633000.0,860215000.0,389256000.0,752873000.0,203631000.0,744247000.0,3775197624.16,4.7954214368703285,2.209895287420104,0.2078871308284195,0.417511682446396,0.16165780356722767,4.7954214368703285,0.2225497667528759,1.9687499329591318,22.24002710687698,4.94951284521311,0.21811113184042175,5.982959372590617,0.009807143255368526,1.251788255598844,1.7410136259942044,0.11081182736181115,23.117490892803524,0.35094594537000334,0.2500000000000001,0.6408960303230052,0.28422184889412255,0.5537704215504332,0.11707867988455264,0.2596981206456064,0.4018063605071931,0.1393941028767354,0.010985477338317142,0.23520473937749936,Specialty Industrial Machinery,Industrials,62.37,7561863540,495552,DCI
2009,2009-07-31,2009-09-25,131907000.0,1868629000.0,169955000.0,0.84,589706000.0,0.3155821728122597,1333996000.0,688618000.0,676767000.0,300084000.0,645378000.0,180238000.0,615817000.0,3105223158.3599997,4.421074241340121,2.2552585276122685,0.2164384301002402,0.41928616446273553,0.14130166748444756,4.421074241340121,0.1915532268979318,1.5841465365035006,22.441433421728945,4.298728988147275,0.26659692055766565,7.095745625228864,0.011879674330407649,1.4007755645444213,1.6748777009104117,0.09888110609027313,12.823134623191983,0.3155821728122597,-0.20754716981132082,0.4013024194804535,0.49155586886802055,0.41592760287380737,-0.18757835511433302,-0.2328892197286468,-0.3085976274551283,0.06243695934483568,0.175287188743099,0.342042982460064,Specialty Industrial Machinery,Industrials,62.37,7561863540,495552,DCI
2008,2008-07-31,2008-09-26,171953000.0,2232521000.0,245812000.0,1.06,725862000.0,0.3251310961912564,1548622000.0,740035000.0,853757000.0,516707000.0,808587000.0,264129000.0,522476000.0,3811246016.44,4.671489621122739,1.652303916920034,0.20763491671950934,0.4345037734701737,0.1685959063208434,4.671489621122739,0.23235792901687083,1.6004575170580702,20.779253728867772,4.828224362955806,0.19193035306159242,5.704254360558666,0.009236633594542973,1.4416177737369094,0.7035786238622662,0.11103613405982868,35.2434851989505,0.3251310961912564,0.15217391304347827,0.9813394689632624,1.0126314238698626,0.8166401354891604,0.20004166225796213,0.14089983213572457,0.16443391757460918,0.6689373183899021,0.501205184315586,0.5136151208886179,Specialty Industrial Machinery,Industrials,62.37,7561863540,495552,DCI
TTM,,,,,,,,,,,,,,,,7997963540.0,10.680098684210526,1.8997191011235954,0.2325172864885068,0.47901747901747904,0.19509853259260423,10.680098684210526,0.3078918195318873,2.1973857379478683,20.609217391304348,5.8398336798336805,0.30543478260869567,5.090727151434289,0.01507134840468174,1.2862268734815923,1.140870786516854,0.13754438422724724,22.14308503660322,0.3347572138436056,,,,,,,,,,,Specialty Industrial Machinery,Industrials,62.37,7561863540,495552,DCI
