Quarters,Year,Quarter,FillingDate,Date,NetIncome,Revenue,OperatingIncome,EPSDiluted,GrossProfit,GrossProfitRatio,TotalAssets,CommonStockEquity,CurrentAssets,CurrentLiability,TotalLiability,Inventory,RetainedEarnings,MarketCap,EnterpriseValue,bookValuePerShare,currentRatio,debtToAssets,debtToEquity,roic,shareholdersEquityPerShare,roe,priceToSalesRatio,peRatio,pbRatio,payoutRatio,inventoryTurnover,dividendYield,assetTurnover,quickRatio,returnOnAssets,priceToFreeCashFlowsRatio,grossProfitMargin,epsdilutedGrowth,fiveYNetIncomeGrowthPerShare,fiveYRevenueGrowthPerShare,fiveYShareholdersEquityGrowthPerShare,grossProfitGrowth,netIncomeGrowth,operatingIncomeGrowth,threeYNetIncomeGrowthPerShare,threeYRevenueGrowthPerShare,threeYShareholdersEquityGrowthPerShare,Industry,Sector,Symbol
2023Q1,2023,Q1,2023-05-01,2023-03-31,1910000.0,6447000.0,-3122000.0,0.0079,-57000.0,-0.0088413215,149058000.0,96556000.0,84759000.0,8802000.0,52502000.0,6275000.0,-220968000.0,256407444.96,189240444.96,0.39916688072753376,9.629516019086571,0.06781923814890847,0.10469572061808691,0.07825227598796217,0.39916688072753376,0.019781266829611833,39.77159065611912,33.56118389528796,2.65553093500145,0.0,1.0364940239043825,0.0,0.043251620174697095,8.78050443081118,0.012813804022595231,154.27644101083033,-0.008841321544904607,1.3305439330543933,-0.8196775269477312,-0.8014246416672467,0.2847867551025217,0.9683860232945092,1.4077711357813834,0.38856247551899725,1.3480195053347725,2.1219647857998343,0.5641717636373189,Uranium,Energy,URG
2022Q4,2022,Q4,2023-03-06,2022-12-31,-4684000.0,19000.0,-5106000.0,-0.0239,-1803000.0,-94.8947368421,107895000.0,62499000.0,43944000.0,6603000.0,45396000.0,9903000.0,-220255000.0,225045618.29999998,203118618.29999998,0.3193745807758302,6.655156746933212,0.10265535937717225,0.17721883550136802,-0.06636557910945946,0.3193745807758302,-0.07494519912318597,11844.506226315789,-12.01140148911187,3.600787505400086,0.0,0.1839846511158235,0.0,0.00017609713147041106,4.999394214750871,-0.043412577042495015,-36.001538681810906,-94.89473684210526,-0.012711864406779731,-0.023994850916834915,-0.45267095163912785,0.2070418002184464,0.4552870090634441,0.1057655593738068,-0.1185104052573932,-2.8161405546770317,-0.9985638267496526,0.15608266566313916,Uranium,Energy,URG
2022Q3,2022,Q3,2022-11-01,2022-09-30,-5238000.0,-1655000.0,-4565000.0,-0.0236,-3310000.0,2.0,115332000.0,66543000.0,51202000.0,8605000.0,48789000.0,9903000.0,-215358000.0,241810156.20000002,214252156.20000002,0.29995377836822223,5.950261475886113,0.10718621024520515,0.18577461190508393,-0.061067757031221116,0.29995377836822223,-0.07871601821378657,-146.1088557099698,-11.541149112256587,3.633893214913665,0.0,0.16712107442189236,0.0,-0.01434987687718933,4.639628123184195,-0.04541671001976901,-39.85005870138431,2.0,-2.1346153846153846,-0.1472842991663093,-1.093096410597394,0.04544645848683457,-1.014607425441266,-2.149692712906058,0.10542817950225358,0.10082509304503734,-1.2332815192625342,0.14314607663024878,Uranium,Energy,URG
2022Q2,2022,Q2,2022-08-02,2022-06-30,4556000.0,19000.0,-5103000.0,0.0208,-1643000.0,-86.4736842105,116774000.0,66645000.0,53878000.0,8568000.0,50129000.0,7923000.0,-210396000.0,232294846.92000002,201380846.92000002,0.304112213149218,6.28828197945845,0.10578553445116208,0.18535524045314727,0.8336216918563999,0.304112213149218,0.06836221772075925,12226.044574736843,12.746644365671642,3.4855555093405357,0.0,0.20976902688375615,0.0,0.00016270745200130165,5.051587301587301,0.03901553427989107,-55.321468663967615,-86.47368421052632,1.4561403508771928,1.304473422652459,-0.998930099818265,-0.007183180147186016,0.04587688734030197,1.4596448748991122,-0.016533864541832668,2.635960419193411,-0.9987928852822079,0.056871166454907585,Uranium,Energy,URG
2022Q1,2022,Q1,2022-05-02,2022-03-31,-9912000.0,0.0,-5020000.0,-0.0456,-1722000.0,0.0,120466000.0,65165000.0,48909000.0,9327000.0,55301000.0,0.0,-210043000.0,347606620.8,313637620.8,0.29994825691191207,5.2438082984882595,0.10248534856308004,0.1894575308831428,-0.09264478091147338,0.29994825691191207,-0.1521061919742193,0.0,-8.767317917675545,5.334253369139876,0.0,0.0,0.0,0.0,4.9663342982738286,-0.08228047747912275,-152.3254254163015,0.0,-39.00000000000001,-2.273877773001709,-1.0,0.007849898953456088,0.03745108999441028,-41.292682926829265,-9.422818791946309,-0.6939777381817258,-1.0,0.003824924728258899,Uranium,Energy,URG
2021Q4,2021,Q4,2022-03-09,2021-12-31,246000.0,0.0,596000.0,0.0012,-1789000.0,0.0,120839000.0,69386000.0,48623000.0,6224000.0,51453000.0,0.0,-203115000.0,240590995.48,206741995.48,0.3518457531260222,7.812178663239075,0.10211934888570742,0.1778456749200127,0.004260331425750003,0.3518457531260222,0.0035453837950018734,0.0,244.50304418699187,3.467428522756752,0.0,0.0,0.0,0.0,7.421754498714653,0.002035766598531931,-65.1654917334778,0.0,1.03,0.7378025245647583,-1.0,0.40694849775956377,-0.05608028335301062,1.0270092226613965,1.1534895699201648,1.1195984193868935,-1.0,0.08396073244170173,Uranium,Energy,URG
2021Q3,2021,Q3,2021-11-01,2021-09-30,-9108000.0,9000.0,-3883000.0,-0.04,-1694000.0,-188.22222222222223,107724000.0,51885000.0,36159000.0,6429000.0,55839000.0,0.0,-203536000.0,339193862.48,318113862.48,0.2631008690649938,5.624358376108259,0.11448702239055364,0.23769875686614628,-0.060445205479452056,0.2631008690649938,-0.17554206418039897,37688.20694222223,-9.310327801932367,6.5374166421894575,0.0,0.0,0.0,8.354684192937507e-05,5.199564473479546,-0.08454940403252757,-100.77060679738562,-188.22222222222223,0.0,-4.678569684635972,-0.9994569261387874,0.0528547493105434,0.07330415754923414,-0.32402965547317925,0.15678610206297502,-1.4249064319023343,1.2435975517831546,-0.2728614860563366,Uranium,Energy,URG
2021Q2,2021,Q2,2021-08-03,2021-06-30,-6879000.0,7000.0,-4605000.0,-0.04,-1828000.0,-261.14285714285717,97509000.0,41594000.0,24969000.0,5777000.0,55915000.0,0.0,-194428000.0,266336761.6,257161761.6,0.2186389879120615,4.322139518781374,0.1263062896758248,0.2961003990960235,-0.08539480028186774,0.2186389879120615,-0.16538443044669904,38048.1088,-9.679341532199446,6.4032495456075385,0.0,0.0,0.0,7.17882451876237e-05,3.7209624372511683,-0.07054733409223764,-70.94745913692061,-261.14285714285717,0.0,-1.690792846785031,-0.9992175631167284,-0.07601337262312216,-0.09264793783622235,0.06687466087900162,-0.321377331420373,-3.04731040521525,-0.9985821151555659,-0.3375689680579427,Uranium,Energy,URG
2021Q1,2021,Q1,2021-05-07,2021-03-31,-7372000.0,0.0,-3485000.0,-0.04,-1673000.0,0.0,94030000.0,40129000.0,18207000.0,5255000.0,53901000.0,0.0,-187549000.0,200082132.8,195711132.8,0.2206188997601489,3.4647002854424356,0.14063596724449642,0.3295372423932817,-0.06527928670437942,0.2206188997601489,-0.1837075431732662,0.0,-6.785205263157895,4.985973555284209,0.0,0.0,0.0,0.0,3.348620361560419,-0.0784005104753802,-96.3786766859345,0.0,-0.3937282229965157,-0.8504982743590609,-1.0,-0.15579993358688232,-0.11981258366800536,-0.41199004022217967,0.06743377040406744,-1.925573596180192,-1.0,-0.28990040501228764,Uranium,Energy,URG
2020Q4,2020,Q4,2021-02-26,2020-12-31,-5221000.0,12000.0,-3737000.0,-0.0287,-1494000.0,-124.5,81830000.0,34096000.0,5082000.0,3584000.0,47734000.0,0.0,-180177000.0,145732549.8176,154693549.8176,0.18745102061407054,1.41796875,0.16166442624954172,0.38799272641952137,-0.07888126649076517,0.18745102061407054,-0.15312646644767713,12144.379151466668,-6.9781914296878,4.2741831832942285,0.0,0.0,0.0,0.00014664548454112184,1.1908482142857142,-0.0638030062324331,-55.964880882334874,-124.5,-0.43499999999999994,-7.628198181827441,-0.9988436318546222,-0.21288900027312652,0.18804347826086956,-0.4126082251082251,0.06504878658994245,-0.22798108649637353,-0.6280939517330978,-0.2915490743654201,Uranium,Energy,URG
2020Q3,2020,Q3,2020-10-30,2020-09-30,-3696000.0,0.0,-3997000.0,-0.02,-1840000.0,0.0,86624000.0,38876000.0,15219000.0,3222000.0,47748000.0,7619000.0,-174956000.0,79742593.44,86332593.44,0.23400894296271585,4.723463687150838,0.15276366826745474,0.34038995781458997,-0.07660610242256977,0.23400894296271585,-0.09507150941454882,0.0,-5.393844253246753,2.0512036588126352,0.0,0.24150150938443365,0.0,0.0,2.0661080074487894,-0.04266715921684522,-28.55087484425349,0.0,-1.0,-9.091808253168212,-1.0,-0.03871791062025609,-5.4124700239808154,-0.6596317916479569,-1.2082872928176795,-0.08102674758917683,-1.0,-0.1843949357614191,Uranium,Energy,URG
2020Q2,2020,Q2,2020-08-05,2020-06-30,-2227000.0,6934000.0,-1810000.0,-0.01,417000.0,0.0601384482261321,86261000.0,38960000.0,14028000.0,4013000.0,47301000.0,7485000.0,-171260000.0,81474710.55430001,89120710.55430001,0.24277462129573738,3.4956391726887617,0.15317466757862766,0.3391427104722793,-0.034645789866584994,0.24277462129573738,-0.0571611909650924,11.750030365488897,-9.146240520240234,2.0912400039604724,0.0,0.8706746826987308,0.0,0.0803839510323321,1.3889857961624719,-0.025816997252524315,-86.12548684386893,0.0601384482261321,0.5,-2.761882103722323,-0.6912671497864785,-0.0051132485950876605,1.2403458213256484,0.38835484756934907,0.523307874637872,-2.538247624518396,-0.4667982755420545,-0.20742832075100096,Uranium,Energy,URG
2020Q1,2020,Q1,2020-05-08,2020-03-31,-3641000.0,1370000.0,-3797000.0,-0.02,-1735000.0,-1.2664233576642336,86898000.0,40953000.0,6620000.0,2256000.0,45945000.0,339000.0,-169033000.0,62361773.7274,69083773.7274,0.2551937645257786,2.9343971631205674,0.14172938387534811,0.30073498888970285,-0.07116884090568301,0.2551937645257786,-0.08890679559495031,45.51954286671533,-4.281912505314474,1.522764479461822,0.0,9.15929203539823,0.0,0.015765610255702087,2.482269503546099,-0.04189969849708854,-29.100221058049463,-1.2664233576642336,-2.5384615384615388,-0.3855504673149303,-0.8500975776930371,0.08763423122968517,-1.3944974988631196,-2.721513002364066,-2.8432038834951454,-1.6334896734292854,-0.9165856977433214,-0.14252873999400878,Uranium,Energy,URG
2019Q4,2019,Q4,2020-02-28,2019-12-31,2115000.0,10849000.0,2060000.0,0.013,4398000.0,0.4053829846068762,90390000.0,44333000.0,8659000.0,2283000.0,46057000.0,0.0,-165392000.0,94441337.72150001,98916337.72150001,0.2762558338271028,3.7928164695575997,0.13526938820666004,0.27579906615839217,0.036413773598246484,0.2762558338271028,0.04770712561748584,8.705073068623838,11.163278690484635,2.1302717551598134,0.0,0.0,0.0,0.1200243389755504,3.405168637757337,0.023398606040491206,21.76067689435484,0.4053829846068762,1.4333333333333333,1.684617524803471,0.32121675996499094,0.11625840473510472,2.8325,1.5035714285714286,1.4094613396938978,17.360291158184964,0.6957626137514866,0.10468217094308224,Uranium,Energy,URG
2019Q3,2019,Q3,2019-11-01,2019-09-30,-4200000.0,5115000.0,-5031000.0,-0.03,-2400000.0,-0.46920821114369504,88233000.0,41969000.0,5604000.0,7768000.0,46264000.0,0.0,-167507000.0,97087810.183,105939810.183,0.2623932185923448,0.7214212152420185,0.13840626522956265,0.2909766732588339,-0.09283315496180389,0.2623932185923448,-0.10007386404250757,18.980999058260018,-5.779036320416666,2.3133219801043627,0.0,0.0,0.0,0.05797150725918874,0.579557157569516,-0.04760123763217844,-30.6851486039823,-0.46920821114369504,-1.9999999999999996,0.03246800006569678,-0.4372895142966342,-0.01408352016095665,-8.594936708860759,-1.06794682422452,-1.853658536585366,-3.0914562283814857,-0.6194554096127332,0.050022933651294184,Uranium,Energy,URG
2019Q2,2019,Q2,2019-08-02,2019-06-30,-2031000.0,11479000.0,-1763000.0,-0.01,316000.0,0.02752853035978744,93113000.0,45988000.0,14709000.0,7742000.0,47125000.0,7092000.0,-163307000.0,148665106.3066,154310106.3066,0.2877476676455372,1.8998966675277706,0.1308195418470031,0.26487344524658607,-0.03030094701201382,0.2877476676455372,-0.04416369487692442,12.951050292412232,-18.299496098793696,3.232693448434375,0.0,1.5740270727580372,0.0,0.12328031531579908,0.8477137690519245,-0.021812206673611632,39.63345942591309,0.02752853035978744,0.6666666666666666,-1.0348785522807256,0.0011629084887406185,-0.00392672854880015,1.9461077844311376,0.5278940027894002,0.5040787623066104,0.05433950439801347,0.5273047376120198,0.2160456810671843,Uranium,Energy,URG
2019Q1,2019,Q1,2019-05-03,2019-03-31,-4302000.0,4812000.0,-3555000.0,-0.03,-334000.0,-0.06940980881130507,97087000.0,47728000.0,10973000.0,8928000.0,49359000.0,6232000.0,-161276000.0,141839709.864,151395709.864,0.2988053489438009,1.229054659498208,0.13876214117235058,0.28226617499161916,-0.05804176394716649,0.2988053489438009,-0.09013576935970499,29.476248932668327,-8.242660963737796,2.971834350150855,0.0,0.8257381258023107,0.0,0.049563793298793866,0.4416442652329749,-0.04431077281201397,-116.26205726557376,-0.06940980881130507,-1.876318312559923,-0.7711251945585273,-0.3721871319211152,0.014101940656931851,-8.277777777777779,-1.582232893157263,-0.6936636493568366,-0.2297151356896629,0.5148715270179596,0.14338116859975622,Uranium,Energy,URG
2018Q4,2018,Q4,2019-03-01,2018-12-31,-1666000.0,14000.0,-2099000.0,-0.01043,-36000.0,-2.5714285714285716,100363000.0,51847000.0,9090000.0,7482000.0,48516000.0,1840000.0,-156974000.0,103824111.95,112114111.95,0.32459271133693524,1.214915797914996,0.14608969440929426,0.2827936042586842,-0.0315596385451593,0.32459271133693524,-0.03213300673134415,7416.0079964285715,-15.579848731992797,2.002509536713793,0.0,0.02717391304347826,0.0,0.0001394936380937198,0.8557872226677359,-0.016599742933152657,-27.8199656886388,-2.5714285714285716,0.47850000000000004,0.9346451110630882,-0.9985257575653081,0.07543621576240082,0.7844311377245509,0.4069063723745105,0.18453768453768454,-3.408504952483552,-0.9984637083723664,0.36297200563384824,Uranium,Energy,URG
2018Q3,2018,Q3,2018-10-26,2018-09-30,-2809000.0,3000.0,-2574000.0,-0.02,-167000.0,-55.666666666666664,101304000.0,53364000.0,12632000.0,7900000.0,47940000.0,0.0,-155308000.0,119255104.7324,123515104.7324,0.3618304683629756,1.5989873417721518,0.15676577430308775,0.2975976313619669,-0.03717235901509134,0.3618304683629756,-0.0526384828723484,39751.701577466665,-10.613661866536134,2.2347482334982383,0.0,0.0,0.0,2.961383558398484e-05,1.4765822784810128,-0.027728421385137803,-29.29381103718988,-55.666666666666664,-2.0,0.2506832937559563,0.0,-0.24827468638086675,-1.1055625790139065,-2.084137398687765,-2.741279069767442,-7.639620062965604,-0.9996881202225256,0.4863583597513627,Uranium,Energy,URG
2018Q2,2018,Q2,2018-07-27,2018-06-30,2591000.0,3807000.0,-688000.0,0.02,1582000.0,0.4155503020751248,95550000.0,48419000.0,8344000.0,7642000.0,47131000.0,0.0,-152499000.0,98303389.8982,107856389.8982,0.3300554735050302,1.0918607694320859,0.17878597592883308,0.35281604328879157,-0.010503496076455681,0.3300554735050302,0.05351205105433817,25.82174675550302,9.48508200484369,2.030264769991119,0.0,0.0,0.0,0.03984301412872841,0.9901858152316148,0.027116692830978544,-24.45357957666667,0.4155503020751248,-0.5,1.577036832249109,0.0,-0.33317772923309824,-0.8404276780310672,-0.5962916796509816,-1.1031793641271745,1.2423883409133267,-0.8145748374878687,0.3525623727318118,Uranium,Energy,URG
2018Q1,2018,Q1,2018-05-04,2018-03-31,6418000.0,19672000.0,6668000.0,0.04,9914000.0,0.5039650264335096,95449000.0,45537000.0,17197000.0,9326000.0,49912000.0,6998000.0,-155090000.0,87941165.39999999,97040165.39999999,0.3106872631915337,1.8439845592965902,0.19139016647633814,0.40116828073873995,0.10450591646422694,0.3106872631915337,0.14094033423370006,4.470372376982513,3.4255673652228107,1.931202437578233,0.0,1.3943983995427265,0.0,0.2060995924525139,0.9886339266566588,0.06724009680562394,13.796856824599935,0.5039650264335096,2.724137931034483,2.7546621711747026,0.0,-0.38423209608142866,29.325714285714287,2.873321657910099,3.137179487179487,3.674090367602343,1.356737954183728,0.32414717609624044,Uranium,Energy,URG
2017Q4,2017,Q4,2018-03-02,2017-12-31,-3426000.0,26000.0,-3120000.0,-0.0232,-350000.0,-13.461538461538462,88364000.0,38781000.0,9168000.0,7885000.0,49583000.0,4515000.0,-161508000.0,100194301.1124,115751301.1124,0.26459280922833894,1.162714013950539,0.21995382735050473,0.5011732549444315,-0.05359259322878197,0.26459280922833894,-0.08834222944225265,3853.6269658615383,-7.311317944570928,2.5835925095381755,0.0,0.08327796234772979,0.0,0.00029423747227377665,0.4961318960050729,-0.03877144538499842,35.23006368227848,-13.461538461538462,-0.1599999999999999,0.20293098193432232,0.0,-0.5433280795043651,-1.6529850746268657,-0.14085914085914086,-0.1628773760715617,-0.21422646815552598,-0.9965331710892107,0.06913198190940456,Uranium,Energy,URG
2017Q3,2017,Q3,2017-10-27,2017-09-30,-3003000.0,11693000.0,-2683000.0,-0.02,536000.0,0.04583939108868554,92831000.0,41866000.0,12575000.0,8174000.0,50965000.0,1720000.0,-158082000.0,83902861.5,102341861.5,0.2869145291308092,1.5384144849522878,0.22174704570671436,0.49168776572875367,-0.04296168195865559,0.2869145291308092,-0.07172884918549659,7.175477764474472,-6.984920204795204,2.0040811517699324,0.0,6.486627906976744,0.0,0.1259600779911883,1.2286518228529484,-0.03234910751796275,-21.033557658561044,0.04583939108868554,-3.0,0.4536932763762704,0.0,-0.5315410332402059,-0.8978658536585366,-3.2819148936170213,-2.645003065603924,0.2417045220185965,0.41004316028392995,0.07805287077482717,Uranium,Energy,URG
2017Q2,2017,Q2,2017-07-28,2017-06-30,1316000.0,11821000.0,1631000.0,0.01,5248000.0,0.44395567210895864,97353000.0,44683000.0,15528000.0,8444000.0,52670000.0,7451000.0,-155079000.0,91477521.4358,105876521.4358,0.3063125110977702,1.8389388915206064,0.2230953334771399,0.4860685271803594,0.024562513177313935,0.3063125110977702,0.029451916836380727,7.73856031095508,17.37794860102584,2.047255587937247,0.0,0.8821634679908738,0.0,0.12142409581625631,0.8685457129322596,0.013517816605548879,1345.2576681735295,0.44395567210895864,-0.6666666666666666,1.4373243946886702,0.0,-0.5097756237726162,-0.38497597562404784,-0.7463865870109848,-0.706601906817773,2.4445732967339606,0.12956189967601411,0.06033771711205725,Uranium,Energy,URG
2017Q1,2017,Q1,2017-05-05,2017-03-31,5189000.0,14828000.0,5559000.0,0.03,8533000.0,0.5754653358510925,98000000.0,43119000.0,15229000.0,9807000.0,54881000.0,5761000.0,-156395000.0,95782319.8805,110225319.8805,0.29761203252922497,1.5528703986948098,0.2330204081632653,0.5296041188339248,0.08428473959517853,0.29761203252922497,0.1203413808297966,6.459557585682493,4.614681050322798,2.221348358739767,0.0,1.092692240930394,0.0,0.1513061224489796,0.8576526970531253,0.05294897959183673,14.72667894841636,0.5754653358510925,41.857142857142854,2.671088582248507,0.0,-0.5780769805642534,2.1662337662337663,48.89423076923077,9.690384615384616,3.3552076303563054,1.1328182378522178,0.010051998123718283,Uranium,Energy,URG
2016Q4,2016,Q4,2017-03-03,2016-12-31,104000.0,5776000.0,520000.0,0.0007,2695000.0,0.4665858725761773,89940000.0,36232000.0,6506000.0,8212000.0,53708000.0,4109000.0,-161584000.0,76947496.7305,99332496.7305,0.2500772087153895,0.7922552362396493,0.2661440960640427,0.6606590858909251,0.008642324120394222,0.2500772087153895,0.002870390814749393,13.321935029518698,184.96994406370194,2.123744113780636,0.0,0.7498174738379167,0.0,0.06422059150544808,0.19094008767657086,0.001156326439848788,102.32379884375,0.4665858725761773,-0.93,1.0198308680870891,0.0,-0.5549475311705622,-0.5688,-0.942318358291736,-0.8379052369077307,1.0044978306255012,-0.3294444973772072,-0.17144754766186332,Uranium,Energy,URG
2016Q3,2016,Q3,2016-10-28,2016-09-30,1803000.0,12068000.0,3208000.0,0.01,6250000.0,0.5178985747431223,95925000.0,35886000.0,10530000.0,12844000.0,60039000.0,3405000.0,-161688000.0,71070387.6848,94202387.6848,0.24989284536854117,0.819838056680162,0.2720145947354704,0.7271080644262387,0.05175946691621355,0.24989284536854117,0.05024243437552249,5.889160398143852,9.854463073322242,1.9804488570696095,0.0,1.7086637298091043,0.0,0.12580661975501695,0.6135160386172532,0.018795934323690384,23.240806960366253,0.5178985747431223,2.0,1.4268084353223571,0.0,-0.602324922191075,2.781004234724743,1.9351659751037344,3.268741159830269,1.493948207123026,0.0,-0.48083206368514303,Uranium,Energy,URG
2016Q2,2016,Q2,2016-07-29,2016-06-30,-1928000.0,6747000.0,-1414000.0,-0.01,1653000.0,0.2449977767896843,98351000.0,33949000.0,10800000.0,16202000.0,64402000.0,4890000.0,-163491000.0,85078486.83,110836486.83,0.23662570586412016,0.6665843722997161,0.287063680084595,0.8316297976376329,-0.022739699591521664,0.23662570586412016,-0.05679106895637574,12.609824637616718,-11.031961466545642,2.5060675374826946,0.0,1.041717791411043,0.0,0.0686012343545058,0.308974200715961,-0.019603257719799493,-32.62211918328221,0.2449977767896843,0.5,0.7036069191846976,0.0,-0.6614590850025082,0.9243306169965075,0.3549682167949147,0.3078805677924621,0.5609570940150385,0.0,-0.5219370585480417,Uranium,Energy,URG
2016Q1,2016,Q1,2016-05-06,2016-03-31,-2989000.0,2714000.0,-2043000.0,-0.02,859000.0,0.3165070007369197,103220000.0,35665000.0,14364000.0,18370000.0,67555000.0,5934000.0,-161563000.0,68618333.27880001,91657333.27880001,0.26133485240948423,0.7819270549809472,0.2940902925789576,0.8511425767559232,-0.030944699413822874,0.26133485240948423,-0.08380765456329735,25.28309995534267,-5.739238313716963,1.9239684082097297,0.0,0.3126053252443546,0.0,0.026293354001162565,0.3989657049537289,-0.028957566363107926,37.394187072915535,0.3165070007369197,-5.651162790697675,0.524009580924153,0.0,-0.6457822541111629,-0.5369272237196766,-6.0575296108291035,0.04084507042253521,0.12236125893279928,0.0,-0.48204631037658047,Uranium,Energy,URG
2015Q4,2015,Q4,2016-02-26,2015-12-31,591000.0,7786000.0,-2130000.0,0.0043,1855000.0,0.2382481376830208,95757000.0,32501000.0,5713000.0,13223000.0,63256000.0,3345000.0,-158574000.0,88707073.65,119728073.65,0.23815068100828957,0.43205021553354006,0.3390248232505195,0.9988615734900465,-0.03278688524590164,0.23815068100828957,0.01818405587520384,11.393150995376317,37.52414282994924,2.7293644395557064,0.0,1.7730941704035874,0.0,0.08130998256002173,0.10980866671708386,0.006171872552398258,-280.7185875,0.2382481376830208,2.9501133786848075,1.1037100158160753,0.0,-0.6623222171485339,-0.5697054047784736,3.059233449477352,-12.210526315789474,1.1476699476941454,0.0,-0.5889656669787131,Uranium,Energy,URG
2015Q3,2015,Q3,2015-10-30,2015-09-30,-287000.0,8491000.0,190000.0,-0.002205,4311000.0,0.5077140501707691,99997000.0,31692000.0,9469000.0,13549000.0,68305000.0,4858000.0,-159165000.0,74206662.39,104871662.39,0.24343420682445815,0.698870765370138,0.3429302879086373,1.0820396314527325,0.002879485935984481,0.24343420682445815,-0.009055913164205478,8.739449109645507,-64.63994981707317,2.341495089928057,0.0,0.8604363935776039,0.0,0.08491254737642129,0.2680640637685438,-0.0028700861025830774,45.721911515711646,0.5077140501707691,-1.2205000000000001,0.9607555385794987,0.0,-0.6591835926186617,-0.025101763907734057,-1.28,-0.868421052631579,0.9414800434362538,0.0,-0.6025334187555785,Uranium,Energy,URG
2015Q2,2015,Q2,2015-07-31,2015-06-30,1025000.0,18213000.0,1444000.0,0.01,4422000.0,0.2427936089606325,99363000.0,31756000.0,8665000.0,14288000.0,67607000.0,3885000.0,-158878000.0,102807132.69,135054132.69,0.24402236832775925,0.606452967525196,0.3632941839517728,1.1367300667590376,0.021280985645650955,0.24402236832775925,0.03227736490741907,5.644711617525943,25.07491041219512,3.237408133581056,0.0,3.5498069498069498,0.0,0.1832976057486187,0.2703667413213886,0.010315711079576904,30.39832427261975,0.2427936089606325,1.5,1.3832845167276422,0.0,-0.6861151790973874,1.214321482223335,1.4825800376647835,2.0617647058823527,1.3818151111544599,0.0,-0.6094651411060973,Uranium,Energy,URG
2015Q1,2015,Q1,2015-05-04,2015-03-31,-2124000.0,7387000.0,-1360000.0,-0.02,1997000.0,0.27033978611073506,101403000.0,30434000.0,8184000.0,15818000.0,70969000.0,4703000.0,-159903000.0,123224042.1,159788042.1,0.2346319720346197,0.5173852573018081,0.3820991489403667,1.2731155944009989,-0.019658860942468923,0.2346319720346197,-0.06979036603798383,16.68120239610126,-14.50377143361582,4.0488940691332065,0.0,1.1460769721454391,0.0,0.07284794335473309,0.13876596282715895,-0.020946125854264665,204.01331473509933,0.27033978611073506,-1.4166666666666667,0.665664248779855,0.0,-0.7029767036014588,-0.32074829931972787,0.14937925510612735,0.40008822232024704,0.23595900314514145,0.0,-0.6673634823978795,Uranium,Energy,URG
2014Q4,2014,Q4,2015-03-02,2014-12-31,-2497000.0,6637000.0,-2267000.0,0.048,2940000.0,0.4429712219376224,104451000.0,32101000.0,9346000.0,11991000.0,72350000.0,5168000.0,-157779000.0,112847280.66,150310280.66,0.2474837659947206,0.7794178967559002,0.3883830695732927,1.2637301018659854,-0.031196675290361645,0.2474837659947206,-0.07778573876203233,17.00275435588368,-11.298286009211052,3.5153820958848634,0.0,0.7153637770897833,0.0,0.06354175642167141,0.261195896922692,-0.023905946328900633,36.44938005813953,0.4429712219376224,2.6,0.650435529607068,0.0,-0.6962780073487157,-0.1780821917808219,0.2865714285714286,0.18716385801362495,0.4681694540275832,0.0,-0.5595629781020538,Uranium,Energy,URG
2014Q3,2014,Q3,2014-11-03,2014-09-30,-3500000.0,7329000.0,-2789000.0,-0.03,3577000.0,0.4880611270296084,109056000.0,34322000.0,13720000.0,12465000.0,74734000.0,3301000.0,-155282000.0,131540739.18,170543739.18,0.26614142674152486,1.1006819093461693,0.3885618397887324,1.2346308490181226,-0.036363873423993116,0.26614142674152486,-0.101975409358429,17.9479791485878,-9.395767084285714,3.8325487786259544,0.0,1.1366252650711905,0.0,0.06720400528169014,0.7590052146008824,-0.03209360328638498,-466.45652191489364,0.4880611270296084,-1.9999999999999996,0.34360778706798806,0.0,-0.6860713218922293,0.7305273343009192,-3.353233830845771,-2.011879049676026,0.07739365680792729,0.0,-0.576467215651873,Uranium,Energy,URG
2014Q2,2014,Q2,2014-08-01,2014-06-30,-804000.0,9236000.0,-926000.0,-0.01,2067000.0,0.22379818103074925,103048000.0,37191000.0,11941000.0,9693000.0,65857000.0,2201000.0,-151782000.0,146764892.76,184898892.76,0.28888202895587356,1.231919942226349,0.3851409052092229,1.067139899438036,-0.01204490172869054,0.28888202895587356,-0.021618133419375657,15.890525417929839,-45.635849738805966,3.9462475534403483,0.0,3.2571558382553385,0.0,0.08962813446161012,1.0252759723511813,-0.00780218927101933,-64.76826688437775,0.22379818103074925,0.5,0.8750406216459442,0.0,-0.6490177439873732,-0.2889576883384933,0.5872689938398358,0.0712136409227683,0.8622584982368369,0.0,-0.5866958492446587,Uranium,Energy,URG
2014Q1,2014,Q1,2014-04-30,2014-03-31,-1948000.0,6147000.0,-997000.0,-0.02,2907000.0,0.47291361639824303,106966000.0,37745000.0,13877000.0,9212000.0,69221000.0,3916000.0,-150978000.0,198556621.3,234461621.3,0.29465020917940044,1.5064046895353886,0.379344838546828,1.0750298052722216,-0.012729501289548275,0.29465020917940044,-0.05160948469996026,32.301386253456975,-25.48211258983573,5.260474799311168,0.0,0.8273748723186926,0.0,0.057466858627975244,0.9754667824576639,-0.018211394274816297,223.59979876126127,0.47291361639824303,0.8746788645905132,0.5497085699016212,0.0,-0.6329918243989451,-0.356858407079646,0.9047150678788695,0.9307838417406282,0.6695136941311846,0.0,-0.6006260475443045,Uranium,Energy,URG
2013Q4,2013,Q4,2013-12-31,2013-12-31,-20443945.927606,7616000.0,-14404151.069234,-0.15959,4520000.0,0.5934873949579832,105336000.0,38664000.0,10432000.0,8166000.0,66672000.0,2053000.0,-149030000.0,176779443.48,214305443.48,0.3018242333477901,1.2774920401665442,0.37169628616997036,1.0126474239602732,-0.18510288329329067,0.3018242333477901,-0.5287592056591662,23.211586591386553,-2.1617578635014145,4.572197482929857,0.0,1.5080370189965904,0.0,0.07230196703880915,0.9097477345089395,-0.1940831807511772,-8.867209738859223,0.5934873949579832,-4.487586823464686,-0.8498822376915917,0.0,-0.6498472738272838,0.0,-5.568184150885823,-3.6477807781445755,-2.821995428012855,0.0,-0.5720384359338545,Uranium,Energy,URG
2013Q3,2013,Q3,2013-09-30,2013-09-30,-3112571.976967,0.0,-3099145.970259,-0.029082,0.0,0.0,108921252.835456,58941648.733011,7772820.333857,6658720.603346,49979604.102445,1047745.206382,-128551484.131139,142047733.88,167476432.57520598,0.48133335649023984,1.16731438317913,0.2885746036440126,0.5332716006601487,-0.03429261947913386,0.48133335649023984,-0.05280768427544453,0.0,-11.409192697482318,2.409972183225414,0.0,0.0,0.0,0.0,0.913419895143475,-0.028576351225679225,-8.605608827862453,0.0,-0.019955809630694772,0.22951907209404493,0.0,-0.6488244580588247,0.0,0.1670309184250146,0.17259644149522943,0.547511441526014,0.0,-0.32611645893258,Uranium,Energy,URG
2013Q2,2013,Q2,2013-06-30,2013-06-30,-3736719.700426,0.0,-3745628.041363,-0.028513,0.0,0.0,97746687.766119,60427185.028893,13739052.045316,14310966.9632,37319502.737226,0.0,-122985356.789842,162370512.36,170839360.25385702,0.49496768175639755,0.960036598550283,0.20744580529826884,0.335563212967567,-0.04641173844605892,0.49496768175639755,-0.06183838778257342,0.0,-10.863171804235755,2.6870441223161934,0.0,0.0,0.0,0.0,0.8287061926316641,-0.038228606879927685,-12.064724633407062,0.0,0.032965914871968816,-0.15772358369710593,0.0,-0.6555743272220586,0.0,-0.23459661450178407,-0.23223201163664292,-0.48945904928236256,0.0,-0.3633254065790715,Uranium,Energy,URG
2013Q1,2013,Q1,2013-03-31,2013-03-31,-3026672.563762,0.0,-3039710.059462,-0.029485,0.0,0.0,74182926.925156,61193685.193376,7668126.197848,5508757.187085,12989241.73178,0.0,-123316768.391567,112793261.61,109145401.764308,0.5045525452275258,1.391988417246912,0.004005277392974411,0.0048554552519442405,-0.04943356802220277,0.5045525452275258,-0.049460537540720405,0.0,-9.316605879378947,1.8432173393964757,0.0,0.0,0.0,0.0,1.3141284789966727,-0.040800123279250554,-15.195378952648701,0.0,-0.005284691442209423,-0.9602824331714902,0.0,-0.6499700733962112,0.0,0.149028981805693,0.17467437257372004,0.49047513158368106,0.0,-0.361281163473998,Uranium,Energy,URG
2012Q4,2012,Q4,2012-12-31,2012-12-31,-3556728.136505,0.0,-3683043.344893,-0.02933,0.0,0.0,74125066.594292,70270644.230673,18247926.78146,2607676.688479,3854422.36362,0.0,-123025198.275082,102593354.8343,91358954.98708999,0.579393646408501,6.99777194852465,0.004393123361174504,0.004634091024340695,-0.05217049814625225,0.579393646408501,-0.050614707968658336,0.0,-7.211217086099306,1.4599745876460628,0.0,0.0,0.0,0.0,6.923638354095521,-0.047982798531190606,-9.149414769116333,0.0,0.27829724409448825,-0.7823339879990497,0.0,-0.606582575401303,0.0,0.2202245947537087,0.11453539766850826,0.467485973413042,0.0,-0.2889449046914959,Uranium,Energy,URG
2012Q3,2012,Q3,2012-09-30,2012-09-30,-4561221.234442,0.0,-4159447.294895,-0.04064,0.0,0.0,76088077.216154,74157019.050038,29926394.716789,1190258.572517,1931058.166116,0.0,-120649748.539497,117447293.48,97063064.879543,0.6124645902613852,25.142767637039285,0.0046333614146337335,0.004754014732565216,-0.055824341858020175,0.6124645902613852,-0.06150761307387886,0.0,-6.437272357737761,1.5837650297236403,0.0,0.0,0.0,0.0,24.911792623552394,-0.0599465961202345,-23.276819521475115,0.0,-1.0667209113100082,-0.17409043565076013,0.0,-0.5846933674066827,0.0,-0.8262323113175456,-0.4109273149620414,0.08890148093551463,0.0,-0.2775638067225593,Uranium,Energy,URG
2012Q2,2012,Q2,2012-06-30,2012-06-30,-2497612.820765,0.0,-2948023.793137,-0.019664,0.0,0.0,76986447.743585,75651988.9883,35740085.537312,1334458.755285,1334458.755285,0.0,-112339133.811818,88383944.08,61972459.466884,0.6248414521021112,26.78245797838765,0.0,0.0,-0.038968225853162015,0.6248414521021112,-0.0330145030443452,0.0,-8.846842007013787,1.1682963694935908,0.0,0.0,0.0,0.0,26.331881898911455,-0.032442240082094405,-31.810234627324537,0.0,0.01905617080714359,-0.5973076251634948,0.0,-0.584961489570215,0.0,-0.040692435656772226,0.025049424630155283,0.5872332224337694,0.0,-0.2408379873899882,Uranium,Energy,URG
2012Q1,2012,Q1,2012-03-31,2012-03-31,-2399952.892123,0.0,-3023767.427409,-0.020046,0.0,0.0,80392597.047238,78986701.546542,37008952.501228,1405895.500697,1405895.500697,0.0,-111976236.581772,136614420.26,105857949.94297399,0.7053704557936484,26.324113337641446,0.0,0.0,-0.038281981247530385,0.7053704557936484,-0.03038426526405658,0.0,-14.230948106147073,1.729587608864785,0.0,0.0,0.0,0.0,26.070824623782947,-0.029852909101976247,-44.30768920924171,0.0,0.44624309392265193,-0.22638940080748732,0.0,0.06861990761136187,0.0,0.40790337555890355,0.1550314672889045,0.3653658918399314,0.0,-0.12141001078980386,Uranium,Energy,URG
2011Q4,2011,Q4,2011-12-31,2011-12-31,-4053312.910521,0.0,-3578556.254287,-0.0362,0.0,0.0,64495721.841332,62921578.84427,23541098.922625,1574142.997062,1574142.997062,0.0,-107076742.409403,96189989.347,80353085.331329,0.5619050027362712,14.954866849175964,0.0,0.0,-0.05687327495617799,0.5619050027362712,-0.0644184870273661,0.0,-5.932800617078194,1.5287281583488048,0.0,0.0,0.0,0.0,14.389089721251594,-0.0628462290955156,-24.622931360841584,0.0,-0.2521618817018333,-1.111416040996091,0.0,-0.13591444514832707,0.0,-0.32940406990811555,0.1424741146465659,0.5804290086687172,0.0,-0.34812202991177243,Uranium,Energy,URG
2011Q3,2011,Q3,2011-09-30,2011-09-30,-3048969.83714,0.0,-4173117.471331,-0.02891,0.0,0.0,67742420.738171,65130899.103787,27921288.426327,2611521.634384,2611521.634384,0.0,-101556458.514021,93283350.3,71830440.981314,0.6283844759530286,10.691578449401975,0.0,0.0,-0.06407277542232419,0.6283844759530286,-0.0468129548201296,0.0,-7.648759686279958,1.4322441664954093,0.0,0.0,0.0,0.0,10.62920298925059,-0.04500827995097006,-29.934353612636695,0.0,0.43999999999999995,-0.4318830233139657,0.0,-0.15356554591429344,0.0,0.3504732531242766,0.13902269923787502,0.10831735864313062,0.0,-0.5415375728386675,Uranium,Energy,URG
2011Q2,2011,Q2,2011-06-30,2011-06-30,-4694140.544336,0.0,-4846954.115558,-0.051625,0.0,0.0,75093594.350142,72365729.15376,32642758.02255,2727865.196382,2727865.196382,0.0,-105543737.868087,165654091.20000002,139821224.558113,0.6989574830737172,11.966411707530298,0.0,0.0,-0.0669785846454939,0.6989574830737172,-0.0648669003854306,0.0,-8.822386634752553,2.2891234999929924,0.0,0.0,0.0,0.0,11.88587626306245,-0.06251053215602435,-52.928137345190954,0.0,-0.2543736028768588,-2.0741837860997756,0.0,0.3328608834997289,0.0,0.009571924371476893,-0.2325792266667808,-0.7149196773268901,0.0,-0.5136270301596715,Uranium,Energy,URG
2011Q1,2011,Q1,2011-03-31,2011-03-31,-4739506.744452,0.0,-3932367.194493,-0.041156,0.0,0.0,77607078.844749,75993658.87788,35339168.235742,1613419.966869,1613419.966869,0.0,-100497836.219403,169955131.5,142051317.360831,0.737780236712076,21.903266949349295,0.0,0.0,-0.05174599108081136,0.737780236712076,-0.06236713450089663,0.0,-8.964811143002756,2.2364383293231587,0.0,0.0,0.0,0.0,21.813648883143262,-0.061070546849640646,-49.630684364740624,0.0,0.01446360153256706,-1.0437423822889655,0.0,0.33619342021663096,0.0,-0.1019475495908581,-0.09728940126364834,-2.6144000757936148,0.0,-0.4881699348288901,Uranium,Energy,URG
2010Q4,2010,Q4,2010-12-31,2010-12-31,-4301027.527319,0.0,-3583710.177064,-0.04176,0.0,0.0,73978172.492401,72643987.961926,34047983.322668,1334184.530475,1334184.530475,0.0,-93976557.75076,307979298.90000004,279265078.17531604,0.7052601417755833,25.519695772927413,0.0,0.0,-0.04933250882292264,0.7052601417755833,-0.059206930235895704,0.0,-17.901495453342033,4.239570369696904,0.0,0.0,0.0,0.0,25.444810318962936,-0.05813914270132584,-78.59753997676584,0.0,0.28186961531186056,-1.4356915078049821,0.0,0.08453403680932745,0.0,0.22621215318556367,0.2923582728615042,-1.5378182108089244,0.0,-0.5211172397740831,Uranium,Energy,URG
2010Q3,2010,Q3,2010-09-30,2010-09-30,-5558406.667959,0.0,-5064300.251987,-0.058151,0.0,0.0,72623935.840279,70676648.575305,33829938.941655,1947287.264974,1947287.264974,0.0,-87297130.257802,97960283.19,71335779.410198,0.7142678625565124,17.372854817137984,0.0,0.0,-0.07165450476321125,0.7142678625565124,-0.07864558917273212,0.0,-4.40595160815978,1.3860346403610897,0.0,0.0,0.0,0.0,17.29307325114028,-0.07653684151990249,-24.16183328287257,0.0,-2.064772847053863,-1.734333721754959,0.0,-0.03788054694212693,0.0,-1.824703816334151,-2.790430883560324,-0.750762242854976,0.0,-0.515661500297719,Uranium,Energy,URG
2010Q2,2010,Q2,2010-06-30,2010-06-30,-1967783.891471,0.0,2828537.140689,-0.018974,0.0,0.0,75750014.230149,74444101.128925,38594898.965943,1305913.101224,1305913.101224,0.0,-80009500.99611,74690534.88,45914954.76426099,0.7774264700855694,29.553956484370175,0.0,0.0,0.037995450247836786,0.7774264700855694,-0.026433039846409326,0.0,-9.489168907690079,1.0033103193851212,0.0,0.0,0.0,0.0,29.361328903939878,-0.025977340221908618,-21.786887177466966,0.0,0.6131544609362257,-0.39335685010033516,0.0,0.4824955120554053,0.0,0.5723146526028832,1.7579561602616318,-0.5911839947425722,0.0,-0.48360992532186975,Uranium,Energy,URG
2010Q1,2010,Q1,2010-03-31,2010-03-31,-4601008.436335,0.0,-3731795.173632,-0.049048,0.0,0.0,75602276.829508,74207851.677457,38026819.697861,907522.071807,1394425.15205,0.0,-80698228.369629,78910077.11999999,48972649.22123599,0.7899446773353234,41.90181250594206,0.0,0.0,-0.05028841408658717,0.7899446773353234,-0.06200163907632301,0.0,-4.28765118625043,1.0633656053402694,0.0,0.0,0.0,0.0,41.71101836718549,-0.060858067101746335,-20.497022211677557,0.0,0.10935173415652805,-1.1754203714819709,0.0,0.43066841271668865,0.0,0.11063417804134719,-0.05535813123059256,-1.8026071902439331,0.0,0.19674789492333247,Uranium,Energy,URG
2009Q4,2009,Q4,2009-12-31,2009-12-31,-5173358.726786,0.0,-3536046.260695,-0.05507,0.0,0.0,78027127.303982,76546203.800974,41581354.216407,1480923.503008,1480923.503008,0.0,-74084142.870786,72061809.7128,41064461.79951599,0.8148365017441027,28.077989262746122,0.0,0.0,-0.050005462054212205,0.8148365017441027,-0.06758478500432405,0.0,-3.4823512885201136,0.9414158525766507,0.0,0.0,0.0,0.0,28.0124352298249,-0.06630205295949662,-13.486480364479265,0.0,-0.4715942493720273,-2.2123274559214883,0.0,0.2530382311855149,0.0,-0.33238155249946744,0.29173534141683316,-2.2123274559214883,0.0,0.2530382311855149,Uranium,Energy,URG
2009Q3,2009,Q3,2009-09-30,2009-09-30,-3882790.719431,0.0,-4992549.349799,-0.037422,0.0,0.0,81678378.707082,79612443.633642,45977758.443259,1115780.70914,2065935.07344,0.0,-67764719.805407,80760298.64,35429997.39573,0.8477767254196489,41.206805303792045,0.0,0.0,-0.05260281904552529,0.8477767254196489,-0.048771153631443624,0.0,-5.199887431213067,1.014418035095621,0.0,0.0,0.0,0.0,41.01112892380758,-0.04753755866476741,-18.23516661694751,0.0,0.2759181146240471,-1.0126143089319999,0.0,0.14195601137159172,0.0,0.17255697906125708,-0.6224072422739803,-1.0126143089319999,0.0,0.14195601137159172,Uranium,Energy,URG
2009Q2,2009,Q2,2009-06-30,2009-06-30,-4692517.334941,0.0,-3077247.943495,-0.051682,0.0,0.0,78815725.052759,77280760.584004,46006581.678798,643287.824626,1534964.468754,0.0,-58816825.875361,74175949.53,50742447.656534,0.8230673317726946,71.51788036023484,0.0,0.0,-0.03981906907023824,0.8230673317726946,-0.060720382401519515,0.0,-3.951820751821082,0.9598242689313458,0.0,0.0,0.0,0.0,71.26918889971945,-0.05953783121071135,-16.20417617690013,0.0,-0.6314792600542964,-2.3886427491146867,0.0,0.5695293026723587,0.0,-0.4831910960170273,0.22850403350359952,-2.3886427491146867,0.0,0.5695293026723587,Uranium,Energy,URG
2009Q1,2009,Q1,2009-03-31,2009-03-31,-3163798.210185,0.0,-3988676.645284,-0.031678,0.0,0.0,77140427.655025,75213741.981468,46999350.597925,1071132.493862,1926685.673557,0.0,-49762901.71854,49652606.39,32246448.949595,0.8028437205706583,43.8781858147795,0.0,0.0,-0.053031221957641386,0.8028437205706583,-0.042064097953862366,0.0,-3.9234966242597857,0.6601533852980478,0.0,0.0,0.0,0.0,43.78984324805666,-0.041013490673575584,-13.854186702708756,0.0,0.6328039874811638,-0.49998162284067055,0.0,0.4540298635125993,0.0,0.6085515031631447,0.6806628620252454,-0.49998162284067055,0.0,0.4540298635125993,Uranium,Energy,URG
2008Q4,2008,Q4,2008-12-31,2008-12-31,-8082284.734136,0.0,-12490487.860511,-0.08627,0.0,0.0,83429716.516023,80753764.174199,53567725.554643,1861181.594084,2675952.341824,0.0,-48348963.023829,54336814.54,33137360.965637,0.8619788189194688,28.781568507293837,0.0,0.0,-0.15467375407500492,0.8619788189194688,-0.1000855479219668,0.0,-1.6807380687327587,0.6728703620897059,0.0,0.0,0.0,0.0,28.74723075523561,-0.09687537093073745,48.559817898378085,0.0,-2.04421468647447,-4.032321310624092,0.0,0.3255326832639005,0.0,-1.6274465582581013,-2.5066174440287554,-4.032321310624092,0.0,0.3255326832639005,Uranium,Energy,URG
2008Q3,2008,Q3,2008-09-30,2008-09-30,-3076098.62082,0.0,-3561976.194974,-0.028339,0.0,0.0,129672821.651237,127802916.115624,62601487.814094,1190246.55205,1869905.535613,0.0,-18943959.002456,58734148.0493,31294604.312289,1.370634622871507,52.5953952198168,0.0,0.0,-0.024925845949908567,1.370634622871507,-0.024069080067289205,0.0,-4.773428560756218,0.45956813689730597,0.0,0.0,0.0,0.0,52.48370588771662,-0.02372199958055479,-8.897756663966295,0.0,0.03854113655640379,-0.6058213504471455,0.0,0.8462460693378635,0.0,-0.2480947529209588,-0.2266078626113545,-0.6058213504471455,0.0,0.8462460693378635,Uranium,Energy,URG
2008Q2,2008,Q2,2008-06-30,2008-06-30,-2464635.488308,0.0,-2903924.150128,-0.029475,0.0,0.0,136052526.036549,133968873.05954,72528402.436628,1383943.800354,2083652.977009,0.0,-16503946.747888,178987954.56,157642035.911936,1.4370812656451244,52.40704313143056,0.0,0.0,,1.4370812656451244,-0.018397075619294326,0.0,-18.155621329107497,1.3360413540274545,0.0,0.0,0.0,0.0,52.304553244466426,-0.01811532325130004,-48.49189460426095,0.0,-1.3208661417322836,-0.7926109465905843,0.0,1.7404090402830037,0.0,-1.0981979470970333,-0.13258567790359593,-0.7926109465905843,0.0,1.7404090402830037,Uranium,Energy,URG
2008Q1,2008,Q1,2008-03-31,2008-03-31,-1174643.93277,0.0,-2563977.46041,-0.0127,0.0,0.0,134895744.680851,133002829.10716,75526257.650831,576225.590207,1892915.573691,0.0,-13882455.06655,177158046.72,101923925.47255,1.441455449604018,131.0706413154948,0.0,0.0,-0.01927761595465169,1.441455449604018,-0.008831721405140885,0.0,-37.70462728697554,1.3319870555329636,0.0,0.0,0.0,0.0,130.9352345015698,-0.008707790861372853,-116.86185054327333,0.0,0.22796352583586627,0.4345555723130012,0.0,1.6106192487343003,0.0,0.2262775287558855,0.45748289695979705,0.4345555723130012,0.0,1.6106192487343003,Uranium,Energy,URG
2007Q4,2007,Q4,2007-12-31,2007-12-31,-1518172.182438,0.0,-4726076.737566,-0.01645,0.0,0.0,138696127.43613,135887588.609512,78043663.536302,1446656.568717,2808538.826618,0.0,-13208270.221145,177158046.72,150587555.959624,1.4727198394923862,53.94760942157597,0.0,0.0,-0.034779311237517825,1.4727198394923862,-0.0111722652375607,0.0,-29.17291740181698,1.3037102838661978,0.0,0.0,0.0,0.0,53.90468957659295,-0.010946031518703528,-29.65830630282518,0.0,0.4556224766695347,0.04024193008347505,0.0,1.264717227025858,0.0,0.48515036950023555,-0.9163038858070359,0.04024193008347505,0.0,1.264717227025858,Uranium,Energy,URG
2007Q3,2007,Q3,2007-09-30,2007-09-30,-2948768.13054,0.0,-2466245.970991,-0.030218,0.0,0.0,139836416.196616,135532807.211926,83883658.340048,1914716.962127,4303608.98469,0.0,-11674794.520548,176454827.51999998,143462375.86810598,1.474728651543429,43.80995207086077,0.0,0.0,-0.018196671505037537,1.474728651543429,-0.021756858661749368,0.0,-14.960046001284468,1.3019344256928598,0.0,0.0,0.0,0.0,43.72617680495159,-0.02108726904438044,-27.577844985717984,0.0,-1.3424806201550388,-0.5617961450299892,0.0,0.9864608195493031,0.0,-1.7132259626993516,-0.01928716650817357,-0.5617961450299892,0.0,0.9864608195493031,Uranium,Energy,URG
2007Q2,2007,Q2,2007-06-30,2007-06-30,-1086812.58807,0.0,-2419579.145139,-0.0129,0.0,0.0,129857938.938469,126692254.579615,83783604.509159,1012738.374824,3165684.358854,0.0,-8138279.943636,161573397.12,78214672.836299,1.5055023483364685,82.72976179432268,0.0,0.0,-0.019098082618922107,1.5055023483364685,-0.008578366465070944,0.0,-37.16680292756999,1.2753218233910681,0.0,0.0,0.0,0.0,82.49145594863678,-0.008369242550391686,-43.680507766784515,0.0,0.25592663090500095,0.1243270076219201,0.0,1.8708830489808614,0.0,0.1573737273387633,-0.4569082967778833,0.1243270076219201,0.0,1.8708830489808614,Uranium,Energy,URG
2007Q1,2007,Q1,2007-03-31,2007-03-31,-1289791.955617,0.0,-1660762.829404,-0.017337,0.0,0.0,64204437.413315,48716497.052705,23338022.711512,5581307.212205,15487940.36061,0.0,-6506836.85853,141704380.79999998,131644191.82635199,0.6600760951294005,4.181461765888331,0.2027866164501723,0.2672565026596072,-0.024881782196279935,0.6600760951294005,-0.02647546588215509,0.0,-27.466518957356307,2.908755542228212,0.0,0.0,0.0,0.0,4.152918741912221,-0.020088828865736895,-68.904543973508,0.0,-0.011493582263710778,0.2237869156067403,0.0,0.19546348799580873,0.0,-0.019384471067206806,-0.5090659306736691,0.2237869156067403,0.0,0.19546348799580873,Uranium,Energy,URG
