Quarters,Year,Quarter,FillingDate,Date,NetIncome,Revenue,OperatingIncome,EPSDiluted,GrossProfit,GrossProfitRatio,TotalAssets,CommonStockEquity,CurrentAssets,CurrentLiability,TotalLiability,Inventory,RetainedEarnings,MarketCap,EnterpriseValue,bookValuePerShare,currentRatio,debtToAssets,debtToEquity,roic,shareholdersEquityPerShare,roe,priceToSalesRatio,peRatio,pbRatio,payoutRatio,inventoryTurnover,dividendYield,assetTurnover,quickRatio,returnOnAssets,priceToFreeCashFlowsRatio,grossProfitMargin,epsdilutedGrowth,fiveYNetIncomeGrowthPerShare,fiveYRevenueGrowthPerShare,fiveYShareholdersEquityGrowthPerShare,grossProfitGrowth,netIncomeGrowth,operatingIncomeGrowth,threeYNetIncomeGrowthPerShare,threeYRevenueGrowthPerShare,threeYShareholdersEquityGrowthPerShare,Industry,Sector,Symbol
2023Q1,2023,Q1,2023-03-31,2023-03-31,1340000000.0,3876000000.0,-151000000.0,0.26,2450000000.0,0.6320949432,695624000000.0,37707000000.0,123399000000.0,0.0,6854000000.0,0.0,10971000000.0,25899075329.119953,-90645924670.88005,7.783149334931468,0.0,0.009853024047473923,0.1817699631368181,-0.0024342844059770086,7.783149334931468,0.03553716816506219,6.681907979649111,4.831917039014916,0.6868505935004099,0.0,0.0,0.0,0.005571975665014433,0.0,0.0019263280162846595,10.614375134885227,0.6320949432404541,0.0,0.7506922721278395,0.34496601051716796,-0.11466676315154557,-0.33926645091693636,0.012849584278155708,-1.0592854338437376,2.94531898939136,0.4201738693326114,-0.0120538153728817,Banks—Diversified,Financial Services,NWG
2022Q4,2022,Q4,2022-12-31,2022-12-31,1323000000.0,3708000000.0,2547000000.0,0.26,3708000000.0,1.0,720053000000.0,36488000000.0,145159000000.0,0.0,683557000000.0,0.0,10019000000.0,25718232086.29948,-112853767913.70052,7.575163233167635,0.0,0.008693804483836606,0.17156325367244024,0.05765974337226115,7.575163233167635,0.036258495943871955,6.935877045927584,4.859832215854022,0.7048408267457652,,0.0,,0.005149620930681492,0.0,0.00183736474953927,0.0,1.0,5.842105263157895,4.550418960265569,0.3964369727758056,-0.13081881583340163,0.38049143708116157,0.7830188679245284,0.8323741007194244,0.020687713656176634,0.019797022554811902,-0.024529588833179836,Banks—Diversified,Financial Services,NWG
2022Q3,2022,Q3,2022-09-23,2022-09-30,742000000.0,2686000000.0,1390000000.0,0.038,2686000000.0,1.0,801493000000.0,34944000000.0,155266000000.0,0.0,766537000000.0,0.0,8886000000.0,22019414852.226124,-126654585147.77388,7.100919785488691,0.0,0.008224650745546125,0.18864468864468864,0.022149954059208367,7.100919785488691,0.02123397435897436,8.197846184745393,7.418940314092359,0.6301343536007934,0.0,0.0,0.0,0.0033512457376421254,0.0,0.0009257722774871397,5504.853713056531,1.0,-0.8347826086956521,0.35518495346275547,-0.045898753213203455,-0.1958129651079597,-0.1699629171817058,-0.3327338129496403,-0.3166175024582104,5.025307486286605,0.05407963539661183,-0.09790320536152337,Banks—Diversified,Financial Services,NWG
2022Q2,2022,Q2,2022-06-30,2022-06-30,1112000000.0,3236000000.0,2034000000.0,0.23,3236000000.0,1.0,806478000000.0,38617000000.0,179525000000.0,0.0,767851000000.0,0.0,10963000000.0,23873898073.07321,-99150101926.92679,7.847304812162798,0.0,0.07005894767123219,1.4631121008882098,0.015023207537431976,7.847304812162798,0.02879560815185022,7.377595201814961,5.367333199881568,0.618222494576824,,0.0,,0.004012508710714986,0.0,0.0013788348845225785,0.0,1.0,0.43750000000000006,0.52073650697827,0.06200502354840778,-0.11989936783009039,0.06904525933267261,0.29452852153667053,0.20426287744227353,-0.11639697262406468,-0.09687690539229822,-0.048655540634989024,Banks—Diversified,Financial Services,NWG
2022Q1,2022,Q1,2022-03-31,2022-03-31,859000000.0,3027000000.0,1689000000.0,0.16,3027000000.0,1.0,785398000000.0,39235000000.0,168783000000.0,0.0,746154000000.0,0.0,11181000000.0,24203519041.50997,-136363480958.49002,7.557752676392947,0.0,0.010460938275880509,0.20940486810245953,0.024558853737006572,7.557752676392947,0.021893717344207978,7.995876789398736,7.044097509170539,0.616885919243277,,0.0,,0.003854096903735431,0.0,0.0010937129964680328,0.0,1.0,2.755868544600939,1.4159644213368037,-0.025465617312795393,-0.1503895787669147,0.29914163090128754,2.869369369369369,0.493368700265252,0.14684012453996617,0.07386794569914767,-0.0836642643450349,Banks—Diversified,Financial Services,NWG
2021Q4,2021,Q4,2021-12-31,2021-12-31,222000000.0,2330000000.0,1131000000.0,0.0426,2330000000.0,1.0,781985000000.0,41796000000.0,178072000000.0,0.0,740189000000.0,0.0,12966000000.0,25378415754.404827,-94047584245.59518,8.0281350044097,0.0,0.07459350243291112,1.395612020289023,0.005535618770783621,8.0281350044097,0.005311513063451048,10.89202392892911,28.579297020726155,0.6071972378793384,,0.0,,0.002979596795334949,0.0,0.00028389291354693504,0.0,1.0,-0.6589899378016859,1.0544256114763582,-0.28408852322578837,-0.09778063296606311,0.0,-0.7008086253369272,0.0,-0.49067044725109926,-0.18189283830992503,-0.01877569803545943,Banks—Diversified,Financial Services,NWG
2021Q3,2021,Q3,2021-09-30,2021-09-30,742000000.0,2774000000.0,0.0,0.124923,0.0,0.0,778278000000.0,41876000000.0,0.0,0.0,736391000000.0,0.0,12835000000.0,26114544994.40967,-130061455005.59033,7.7615412007029025,0.0,0.01114640269929254,0.20715923201833986,0.0,7.7615412007029025,0.017718979845257426,9.41403929142382,8.798701143669026,0.6236160329164598,,0.0,,0.003564279087935159,0.0,0.00095338683606629,0.0,0.0,-0.47948749999999996,3.241306988297866,-0.165575004150901,-0.2099432195155022,0.0,-0.43659832953682615,0.0,0.42031523124760556,-0.21124047010279012,-0.09421434794166487,Banks—Diversified,Financial Services,NWG
2021Q2,2021,Q2,2021-06-30,2021-06-30,1317000000.0,2662000000.0,0.0,0.24,0.0,0.0,775858000000.0,43875000000.0,0.0,0.0,731973000000.0,0.0,12632000000.0,23816322533.67868,-72221677466.32132,8.13204747781163,0.0,0.07185335460870416,1.2706096866096865,0.0,8.13204747781163,0.03001709401709402,8.94677781129928,4.520942014745383,0.5428221660097705,,0.0,,0.0034310402161220224,0.0,0.001697475568982984,0.0,0.0,1.184877009631666,2.3797595051941913,-0.04864834119065339,-0.16334213125783398,0.0,0.8497191011235955,0.0,5.088577814053627,-0.1822371017104872,-0.04861084568839307,Banks—Diversified,Financial Services,NWG
2021Q1,2021,Q1,2021-03-31,2021-03-31,712000000.0,2659000000.0,0.0,0.109846,0.0,0.0,769776000000.0,42684000000.0,0.0,0.0,727127000000.0,0.0,11993000000.0,23593136498.82011,-108675863501.17989,7.562376178768888,0.0,0.010493961879819583,0.18925124168306626,0.0,7.562376178768888,0.01668072345609596,8.872935877705945,8.284106916720544,0.5527395862341886,,0.0,,0.0034542516264471743,0.0,0.0009249443994096984,0.0,0.0,6.666546298684549,1.1308376580345096,-0.17150359322483197,-0.23656511157809254,0.0,34.904761904761905,0.0,-0.201555390432471,-0.2080355971828733,-0.13977970966503905,Banks—Diversified,Financial Services,NWG
2020Q4,2020,Q4,2020-12-31,2020-12-31,-21000000.0,2892000000.0,0.0,-0.019385,0.0,0.0,799491000000.0,43860000000.0,0.0,0.0,755667000000.0,0.0,12567000000.0,20080573688.34014,-47878426311.65985,7.800084685978264,0.0,0.07070748763901032,1.288873689010488,0.0,7.800084685978264,-0.00047879616963064295,6.943490210352746,-239.05444867071594,0.45783341742681577,,0.0,,0.0036173015080845188,0.0,-2.6266712195634473e-05,0.0,0.0,-2.8000742873061566,0.9923505154636922,-0.0254440126876505,-0.21688832323496823,0.0,-1.143835616438356,0.0,0.9517243857009262,-0.06702790097351535,-0.10501112183646778,Banks—Diversified,Financial Services,NWG
2020Q3,2020,Q3,2020-09-30,2020-09-30,146000000.0,2423000000.0,0.0,0.010769,0.0,0.0,791561000000.0,43188000000.0,0.0,0.0,748411000000.0,0.0,13071000000.0,12662477218.755001,-83258522781.245,7.68128056914184,0.0,0.013223238638588814,0.24235898860794666,0.0,7.68128056914184,0.0033805686764842085,5.225950152189435,21.682324004717465,0.2931943414549181,,0.0,,0.0030610401472533385,0.0,0.0001844456712748607,0.0,0.0,1.060974435919939,-0.8673018776913031,-0.27032424925510523,-0.28443275032004894,0.0,1.1640449438202247,0.0,-0.7666133192747265,-0.24669575454856724,-0.13008646320782213,Banks—Diversified,Financial Services,NWG
2020Q2,2020,Q2,2020-06-30,2020-06-30,-890000000.0,2676000000.0,0.0,-0.176615,0.0,0.0,806887000000.0,43103000000.0,0.0,0.0,763826000000.0,0.0,12940000000.0,14767716130.874786,-20900283869.125214,7.682021578121181,0.0,0.08014752995152977,1.500359603739879,0.0,7.682021578121181,-0.020648214741433312,5.5185785242431935,-4.148234868223255,0.34261457742790025,,0.0,,0.0033164495152357147,0.0,-0.0011030045099251816,0.0,0.0,-4.41667956356883,-3.1961859111061313,-0.2995607849192045,-0.2676986791982251,0.0,-3.2646310432569976,0.0,-2.0674934660251405,-0.22975267010345277,-0.13843641746038532,Banks—Diversified,Financial Services,NWG
2020Q1,2020,Q1,2020-03-31,2020-03-31,393000000.0,3158000000.0,0.0,0.051692,0.0,0.0,817644000000.0,44163000000.0,0.0,0.0,773521000000.0,0.0,14337000000.0,13265036206.242826,-53262963793.75717,7.878110625903243,0.0,0.013328539070793646,0.24676765618277743,0.0,7.878110625903243,0.008898851980164392,4.200454783484112,8.438318197355487,0.3003653783991764,,0.0,,0.003862316607227595,0.0,0.00048064928012680336,0.0,0.0,-0.793104552404281,2.001940319639001,-0.15250367499130468,-0.26270496230359297,0.0,-0.7395626242544732,0.0,0.023609739882397562,-0.05845439695920261,-0.11437630020608298,Banks—Diversified,Financial Services,NWG
2019Q4,2019,Q4,2019-12-31,2019-12-31,1509000000.0,4233000000.0,0.0,0.249846,0.0,0.0,723039000000.0,43547000000.0,0.0,0.0,679483000000.0,0.0,13946000000.0,29462238200.242485,8480238200.242485,7.765651470767336,0.0,0.0786624234654009,1.306083082646336,0.0,7.765651470767336,0.0346522148483248,6.960131868708359,4.881086514288019,0.676561834345477,,0.0,,0.005854455983702124,0.0,0.0020870243513835354,0.0,0.0,5.461535714285715,1.251416619997119,0.4031161626325101,-0.28061690887690954,0.0,8.185714285714285,0.0,1.3434624705675513,0.20751178827770533,-0.12727910645331325,Banks—Diversified,Financial Services,NWG
2019Q3,2019,Q3,2019-09-30,2019-09-30,-210000000.0,2903000000.0,0.0,-0.056,0.0,0.0,776507000000.0,44130000000.0,0.0,0.0,732361000000.0,0.0,12663000000.0,25085674661.287502,-48966325338.712494,7.871571906354515,0.0,0.01313574764940947,0.23113528212100612,0.0,7.871571906354515,-0.004758667573079538,8.641293372816914,-29.86389840629465,0.568449459807104,,0.0,,0.0037385368064936954,0.0,-0.000270441863370195,0.0,0.0,-1.2363637131051017,-1.1993782565126454,-0.3630733367625076,-0.3299410371809334,0.0,-1.1465457083042567,0.0,0.3895339755592494,-0.15962592181361174,-0.19874305928783018,Banks—Diversified,Financial Services,NWG
2019Q2,2019,Q2,2019-06-30,2019-06-30,1433000000.0,4080000000.0,0.0,0.236923,0.0,0.0,729869000000.0,46221000000.0,0.0,0.0,683632000000.0,0.0,14784000000.0,27428478992.938507,-48143521007.06149,8.248647201246747,0.0,0.013438027920078808,0.2121979186949655,0.0,8.248647201246747,0.031003223642932867,6.72266641983787,4.7851498592007164,0.593420284998994,,0.0,,0.0055900442408158176,0.0,0.0019633660286983005,0.0,0.0,0.8965522762021404,0.14813137009760768,-0.5369256958536197,-0.6060161075817453,0.0,0.7757125154894672,0.0,2.4455210678320594,0.4039570026677172,-0.15134588106729732,Banks—Diversified,Financial Services,NWG
2019Q1,2019,Q1,2019-03-31,2019-03-31,807000000.0,3037000000.0,0.0,0.124923,0.0,0.0,719136000000.0,46132000000.0,0.0,0.0,672286000000.0,0.0,14727000000.0,30457727698.718452,-43691272301.28155,8.24779868591606,0.0,0.013420270991856895,0.20920402323766582,0.0,8.24779868591606,0.017493280152605567,10.028886301850001,9.435479460569534,0.6602299423115939,,0.0,,0.004223123303519779,0.0,0.0011221799492724604,0.0,0.0,1.5217610723081272,-0.4049704928499657,-0.4726692941530267,-0.28388818196107735,0.0,0.7243589743589743,0.0,1.4371738382037125,-0.045096056546151765,-0.16737053002119479,Banks—Diversified,Financial Services,NWG
2018Q4,2018,Q4,2018-12-31,2018-12-31,468000000.0,3058000000.0,0.0,0.049538,0.0,0.0,694235000000.0,45736000000.0,0.0,0.0,647745000000.0,0.0,14312000000.0,26441348002.5825,-52550651997.417496,8.181753130590339,0.0,0.014964673345480997,0.22715147804792724,0.0,8.181753130590339,0.010232639496239286,8.646614781747058,14.12465171078125,0.5781298758654562,,0.0,,0.004404848502308296,0.0,0.0006741233155919826,0.0,0.0,-0.3783817698137831,1.0509461552626163,-0.25801338733333734,-0.27210782982422943,0.0,-0.13493530499075784,0.0,1.1714810882442261,0.03658158196747099,-0.17856963469998888,Banks—Diversified,Financial Services,NWG
2018Q3,2018,Q3,2018-09-30,2018-09-30,541000000.0,3642000000.0,0.0,0.079692,0.0,0.0,719888000000.0,47876000000.0,0.0,0.0,671221000000.0,0.0,16823000000.0,30254229210.389328,-26840770789.610672,8.568849796930806,0.0,0.06863289845087013,1.0319993316066505,0.0,8.568849796930806,0.011300025064750606,8.30703712531283,13.980697417000615,0.6319289249392039,,0.0,,0.005059120307603405,0.0,0.0007515057897895228,0.0,0.0,0.9923,1.6949596666601836,-0.21756348254941885,-0.3401678485613008,0.0,1.4151785714285714,0.0,-0.5051844686389741,0.10369881662750025,-0.2017492100545143,Banks—Diversified,Financial Services,NWG
2018Q2,2018,Q2,2018-06-30,2018-06-30,224000000.0,3371000000.0,0.0,0.04,0.0,0.0,748336000000.0,47757000000.0,0.0,0.0,699845000000.0,0.0,16527000000.0,31311928032.83219,-23953071967.167816,8.547551168686283,0.0,0.06324030916593616,0.9909542056661851,0.0,8.547551168686283,0.004690411876792931,9.288617037327853,34.946348250928786,0.655651067546793,0.0,0.0,0.0,0.004504661007889504,0.0,0.00029933078189476383,0.0,0.0,-0.7186150231439143,-0.1441423511265877,-0.4332100488891817,-0.3590894234086747,0.0,-0.7445838084378563,0.0,-0.44490954390039505,-0.11390610644169477,-0.18519064977937755,Banks—Diversified,Financial Services,NWG
2018Q1,2018,Q1,2018-03-31,2018-03-31,877000000.0,3302000000.0,0.0,0.142154,0.0,0.0,738509000000.0,48800000000.0,0.0,0.0,688957000000.0,0.0,17873000000.0,31551250214.68602,-18186749785.31398,8.791208791208792,0.0,0.06179748655737439,0.9352049180327869,0.0,8.791208791208792,0.017971311475409837,9.555193886943071,8.99408500988769,0.646542012596025,0.0,0.0,0.0,0.0044711709674492795,0.0,0.0011875278432625736,0.0,0.0,2.3469461236710947,0.7225408425372096,-0.4214994245927201,-0.35677865779824913,0.0,3.0442890442890445,0.0,3.2579491737311694,-0.10511334433651558,-0.17725011428509516,Banks—Diversified,Financial Services,NWG
2017Q4,2017,Q4,2017-12-31,2017-12-31,-429000000.0,3057000000.0,0.0,-0.105538,0.0,0.0,738056000000.0,48330000000.0,0.0,0.0,688963000000.0,0.0,17130000000.0,33570429420.60295,-22661570579.39705,8.715286721756373,0.0,0.05842646086475823,0.8922408441961515,0.0,8.715286721756373,-0.00887647423960273,10.981494740138356,-19.563187308043677,0.6946085127374912,,0.0,,0.004141962127535038,0.0,-0.0005812567068081555,0.0,0.0,-2.4848403843718785,0.8406738772223105,-0.38276482333164946,-0.34056961994856716,0.0,-1.6986970684039089,0.0,0.927721810323808,0.024674734948380187,-0.19264598398186766,Banks—Diversified,Financial Services,NWG
2017Q3,2017,Q3,2017-09-30,2017-09-30,614000000.0,3157000000.0,0.0,0.071077,0.0,0.0,751762000000.0,48728000000.0,0.0,0.0,702288000000.0,0.0,17669000000.0,32234554481.749615,-10027445518.250381,8.829935670925071,0.0,0.061120407788635235,0.942948612707273,0.0,8.829935670925071,0.012600558200623871,10.21050189475756,13.124818600060918,0.6615201625707933,,0.0,,0.004199467384624389,0.0,0.0008167478537090196,0.0,0.0,-0.5261533333333334,1.4448723474601408,-0.394609374189901,-0.37546302057010184,0.0,-0.25121951219512195,0.0,-0.4077865264867116,-0.29633104744303806,-0.24836136824935404,Banks—Diversified,Financial Services,NWG
2017Q2,2017,Q2,2017-06-30,2017-06-30,820000000.0,3417000000.0,0.0,0.15,0.0,0.0,782654000000.0,49205000000.0,0.0,0.0,732605000000.0,0.0,18184000000.0,29844869526.18171,-10241130473.81829,8.916372202591283,0.0,0.05969559984360905,0.9495173254750533,0.0,8.916372202591283,0.016664973071842292,8.734231643600149,9.09904558725052,0.6065413987639815,0.0,0.0,0.0,0.004365913928760346,0.0,0.0010477171265974492,0.0,0.0,2.1655587211142766,2.9376987361764506,-0.4826568683377963,-0.3873384353566058,0.0,1.1866666666666668,0.0,-0.33289406166796076,-0.606204218133885,-0.5741232542839412,Banks—Diversified,Financial Services,NWG
2017Q1,2017,Q1,2017-03-31,2017-03-31,375000000.0,3276000000.0,0.0,0.047385,0.0,0.0,783275000000.0,48706000000.0,0.0,0.0,733764000000.0,0.0,0.0,28700457229.053482,-10782542770.946518,8.8955508166013,0.0,0.0557620248316364,0.8967478339424301,0.0,8.8955508166013,0.007699256765080278,8.760823329991906,19.13363815270232,0.5892591719511658,0.0,0.0,0.0,0.004182439117806645,0.0,0.00047875905652548594,0.0,0.0,1.0583559113300494,1.2237216581606962,-0.17135069517181753,0.0,0.0,1.0876168224299065,0.0,-0.7175439720642444,-0.41891886848518695,-0.22764736260940163,Banks—Diversified,Financial Services,NWG
2016Q4,2016,Q4,2016-12-31,2016-12-31,-4280000000.0,3415000000.0,0.0,-0.812,0.0,0.0,798656000000.0,48609000000.0,0.0,0.0,749252000000.0,0.0,-12936000000.0,26491651040.723747,-3231348959.2762527,8.898207351502933,0.0,0.056730306915618235,0.9320907650846552,0.0,8.898207351502933,-0.08804953815137115,7.757438079274889,-1.5474095234067609,0.5449947754679946,,0.0,,0.004275933568394903,0.0,-0.0053590031252504205,0.0,0.0,-8.666666666666668,-0.19827176942287236,-0.6995169309635905,-0.6729561147541432,0.0,-11.81437125748503,0.0,0.5232321370343053,-0.1520955014774775,-0.20836826088736632,Banks—Diversified,Financial Services,NWG
2016Q3,2016,Q3,2016-09-30,2016-09-30,-334000000.0,3354000000.0,0.0,-0.084,0.0,0.0,852378000000.0,53475000000.0,0.0,0.0,798050000000.0,0.0,-8500000000.0,21085248782.224445,-649751217.7755585,9.824029604483847,0.0,0.05574874058222995,0.8886208508648902,0.0,9.824029604483847,-0.00624590930341281,6.286597728749089,-15.782371842982371,0.3943010524960159,,0.0,,0.003934873964367922,0.0,-0.00039184493264725275,0.0,0.0,0.5252091340718968,-1.2522167965852846,-0.6390632162064771,-0.36072660046395866,0.0,0.6531671858774662,0.0,0.5596043715502668,-0.26038378194708434,-0.24351450388990933,Banks—Diversified,Financial Services,NWG
2016Q2,2016,Q2,2016-06-30,2016-06-30,-963000000.0,2823000000.0,0.0,-0.17692,0.0,0.0,901624000000.0,52907000000.0,0.0,0.0,847897000000.0,0.0,-6841000000.0,20760908033.997066,2714908033.9970703,9.719680865533931,0.0,0.05241763750743104,0.893284442512333,0.0,9.719680865533931,-0.018201750240988905,7.354200507969205,-5.389643830217307,0.39240380354200893,,0.0,,0.0031310169205788665,0.0,-0.0010680727221103253,0.0,0.0,0.01034295655287,0.011280265424526167,-0.6844062098816962,-0.34810723805758775,0.0,-4.018808777429467,0.0,-4.77671316870932,-0.5127986703446316,-0.27120105573226316,Banks—Diversified,Financial Services,NWG
2016Q1,2016,Q1,2016-03-31,2016-03-31,319000000.0,3064000000.0,0.0,-0.178769,0.0,0.0,882930000000.0,53377000000.0,0.0,0.0,828765000000.0,0.0,-5406000000.0,26022548337.5,4385548337.5,9.905725155423587,0.0,0.05713476719558742,0.9450887086198175,0.0,9.905725155423587,0.005976356857822658,8.492998804667101,20.393846659482758,0.48752362136313393,,0.0,,0.0034702637808206767,0.0,0.0003612970450658603,0.0,0.0,0.9964830553714424,1.5650827158686709,-0.593966029312606,0.0,0.0,1.1218022145857198,0.0,-0.3545479894735977,-0.44700802684818297,-0.2752334768428228,Banks—Diversified,Financial Services,NWG
2015Q4,2015,Q4,2015-12-31,2015-12-31,-2619000000.0,2831000000.0,0.0,-50.830769,0.0,0.0,815408000000.0,53431000000.0,0.0,0.0,761261000000.0,0.0,-4020000000.0,34789100147.24182,5227100147.241821,9.960373363604736,0.0,0.06112522810666562,0.9328292564241732,0.0,9.960373363604736,-0.04901648855533305,12.288625979244726,-3.3208381202025405,0.6511032948520862,,0.0,,0.0034718815611325866,0.0,-0.0032118890175225163,0.0,0.0,-288.8055034963055,-206.04997404112996,-0.627690695667564,-0.3318502367949025,0.0,-3.496663489037178,0.0,-0.005501274559754679,-0.4091019850410222,-0.24636182350494487,Banks—Diversified,Financial Services,NWG
2015Q3,2015,Q3,2015-09-30,2015-09-30,1049000000.0,3166000000.0,0.0,0.176615,0.0,0.0,876426000000.0,57544000000.0,0.0,0.0,818179000000.0,0.0,-2346000000.0,36388581778.83689,16712581778.836891,10.734533438439806,0.0,0.06565756835146379,1.0,0.0,10.734533438439806,0.018229528708466565,11.49355078295543,8.672207287616036,0.632361006861478,,0.0,,0.003612398536784623,0.0,0.0011969065271911147,0.0,0.0,2.280002228577796,1.459578336082292,-0.7388153555325886,-0.6178385028553115,0.0,1.717616580310881,0.0,1.7824321754805876,-0.37500550331610694,-0.24075176319715175,Banks—Diversified,Financial Services,NWG
2015Q2,2015,Q2,2015-06-30,2015-06-30,386000000.0,3639000000.0,0.0,0.053846,0.0,0.0,964701000000.0,56064000000.0,0.0,0.0,902932000000.0,0.0,-2098000000.0,40826537580.68572,20428537580.685722,10.490246787634309,0.0,0.06375239582005202,1.096996289954338,0.0,10.490246787634309,0.006884988584474886,11.219163940831471,26.442058018578834,0.7282130704317517,,0.0,,0.0037721532371169926,0.0,0.0004001239762371968,0.0,0.0,1.6410238095238094,0.3029083712710264,-0.6407607736817946,-0.3199400450146446,0.0,2.0376344086021505,0.0,1.9418513840441325,-0.4310967215661027,-0.27919440055008427,Banks—Diversified,Financial Services,NWG
2015Q1,2015,Q1,2015-03-31,2015-03-31,-372000000.0,3534000000.0,0.0,-0.084,0.0,0.0,1104612000000.0,56808000000.0,0.0,0.0,1042331000000.0,0.0,-2416000000.0,38959421365.00033,31297421365.000328,10.685153463825673,0.0,0.06143243057290705,1.1945324602168708,0.0,10.685153463825673,-0.00654837346852556,11.02417129739681,-26.182406831317426,0.6858087129453656,,0.0,,0.0031993134240801296,0.0,-0.0003367698341136978,0.0,0.0,0.923076923076923,-1.4361958190531785,-0.6116893089072224,0.0,0.0,0.9344608879492601,0.0,0.7714398115064987,-0.07939292903036055,0.0,Banks—Diversified,Financial Services,NWG
2014Q4,2014,Q4,2014-12-31,2014-12-31,-5676000000.0,2853000000.0,0.0,-1.092,0.0,0.0,1050763000000.0,57246000000.0,0.0,0.0,990571000000.0,0.0,-2518000000.0,44514698856.09605,41721698856.09605,10.79487628579609,0.0,0.06859681964439174,1.2591098067987283,0.0,10.79487628579609,-0.09915103238654228,15.602768614124097,-1.960654459835097,0.7776036553837131,,0.0,,0.0027151698337303464,0.0,-0.005401788985717997,0.0,0.0,-7.41771571635107,0.0,0.0,0.0,0.0,-6.716012084592145,0.0,-0.6369696734529593,-0.7414064083200511,-0.6032461211798101,Banks—Diversified,Financial Services,NWG
2014Q3,2014,Q3,2014-09-30,2014-09-30,993000000.0,4297000000.0,0.0,0.170154,0.0,0.0,1046110000000.0,62091000000.0,0.0,0.0,981272000000.0,0.0,0.0,41845388680.6862,51844388680.6862,11.747580949051562,0.0,0.07446540038810451,1.2545940635518835,0.0,11.747580949051562,0.015992655940474464,9.738279888453853,10.535092819910927,0.6739364590791934,,0.0,,0.004107598627295409,0.0,0.0009492309604152527,0.0,0.0,1.132309080428081,1.3155342410796929,-0.7372264595055573,-0.45858069531087814,0.0,0.5467289719626168,0.0,-0.2277503685622069,-0.5237726186210213,-0.23555645575443107,Banks—Diversified,Financial Services,NWG
2014Q2,2014,Q2,2014-06-30,2014-06-30,642000000.0,4532000000.0,0.0,0.079798,0.0,0.0,1011108000000.0,60345000000.0,0.0,0.0,950145000000.0,0.0,2258000000.0,20442974665.21861,35668974665.21861,20.936508725310915,0.0,0.08297432123966975,1.390272599221145,0.0,20.936508725310915,0.010638826746209296,4.510806413331555,7.9606599163623875,0.3387683265426897,,0.0,,0.00448221159361809,0.0,0.0006349470086281584,0.0,0.0,-0.6504809292709849,0.39528723402666927,-0.7152393526686733,-0.31204074031377693,0.0,-0.494488188976378,0.0,2.2448185318624865,-0.043177071870136884,0.40419821259477123,Banks—Diversified,Financial Services,NWG
2014Q1,2014,Q1,2014-03-31,2014-03-31,1270000000.0,5393000000.0,0.0,0.228308,0.0,0.0,1023770000000.0,60324000000.0,0.0,0.0,962834000000.0,0.0,1986000000.0,35228583030.36726,51475583030.36726,11.517473218781273,0.0,0.08389970403508601,1.4238777269411842,0.0,11.517473218781273,0.021052980571580133,6.53227944193719,6.934760439048675,0.583989507167417,,0.0,,0.005267784756341757,0.0,0.0012405130058509236,0.0,0.0,1.1371282635893671,0.0,0.0,0.0,0.0,1.147880763856544,0.0,3.3145151542694338,-0.2647432901467894,0.0,Banks—Diversified,Financial Services,NWG
2013Q4,2013,Q4,2013-12-31,2013-12-31,-8588000000.0,3853000000.0,0.0,-1.664923,0.0,0.0,1027878000000.0,58742000000.0,0.0,0.0,968663000000.0,0.0,867000000.0,38465184337.65072,46598184337.65072,11.24033677765021,0.0,0.08832954883750796,1.5456062102073473,0.0,11.24033677765021,-0.14619863130298594,9.983177871178489,-1.1197363861682208,0.6548157083117824,,0.0,,0.003748499335524255,0.0,-0.008355077158962445,0.0,0.0,-9.445920255983939,0.8750363226013571,1.2553169689911494,-0.6508055186678458,0.0,-10.829201101928374,0.0,-691.1834399822682,-0.47987071319371144,-0.24598927347694058,Banks—Diversified,Financial Services,NWG
2013Q3,2013,Q3,2013-09-30,2013-09-30,-726000000.0,4341000000.0,0.0,-0.159385,0.0,0.0,1129436000000.0,67668000000.0,0.0,0.0,1061306000000.0,0.0,10144000000.0,40232758886.75549,48667758886.75549,12.98640840439083,0.0,0.08455636264471825,1.4113170183838741,0.0,12.98640840439083,-0.010728852633445647,9.268085438091568,-13.854255814998448,0.594561075940703,,0.0,,0.003843511274653898,0.0,-0.0006427987066110873,0.0,0.0,-7.166718254275323,-1.095715368249474,-0.9373797495507233,0.0,0.0,-3.9876543209876543,0.0,0.6727774150355534,-0.6315749883974918,-0.5376692143337634,Banks—Diversified,Financial Services,NWG
2013Q2,2013,Q2,2013-06-30,2013-06-30,243000000.0,5522000000.0,0.0,0.025846,0.0,0.0,1216229000000.0,69183000000.0,0.0,0.0,1146571000000.0,0.0,11105000000.0,31621172534.184875,48267172534.184875,13.336573745039948,0.0,0.08736759278063588,1.5359120015032595,0.0,13.336573745039948,0.003512423572264863,5.726398503112074,32.53207050842065,0.45706564523343707,,0.0,,0.004540263387898167,0.0,0.00019979789990207437,0.0,0.0,-0.6571466472109836,1.0396793660195711,-0.9330064250181747,-0.8379800051870482,0.0,-0.4873417721518987,0.0,-0.15496227320415198,-0.43838156596934064,-0.13541883958327058,Banks—Diversified,Financial Services,NWG
2013Q1,2013,Q1,2013-03-31,2013-03-31,474000000.0,5314000000.0,0.0,0.075385,0.0,0.0,1308173000000.0,70633000000.0,0.0,0.0,1237008000000.0,0.0,10949000000.0,30668285918.262375,64478285918.262375,13.667470611463896,0.0,0.0921346029921119,1.7063978593575242,0.0,13.667470611463896,0.0067107442696756475,5.771224297753552,16.17525628600336,0.43419203372732823,,0.0,,0.00406215385885506,0.0,0.0003623373972708503,0.0,0.0,1.1495734126984127,-0.838079806023117,-0.9218384668650621,0.0,0.0,1.189372752696764,0.0,4.193425781751603,-0.39931942943056364,0.0,Banks—Diversified,Financial Services,NWG
2012Q4,2012,Q4,2012-12-31,2012-12-31,-2503000000.0,4604000000.0,0.0,-0.504,0.0,0.0,1312295000000.0,68130000000.0,0.0,0.0,1241847000000.0,0.0,10596000000.0,36723748387.08619,74714748387.08618,13.21638642289519,0.0,0.08937091126614062,1.721429619844415,0.0,13.21638642289519,-0.03673858799354176,7.9764874863349675,-3.6679732707836785,0.5390246350665814,,0.0,,0.003508357495837445,0.0,-0.0019073455282539369,0.0,0.0,-0.8719983954299468,0.0,0.0,0.0,0.0,-0.9463452566096423,0.0,0.0,0.0,0.0,Banks—Diversified,Financial Services,NWG
2012Q3,2012,Q3,2012-09-30,2012-09-30,-1286000000.0,4859000000.0,0.0,-0.269231,0.0,0.0,1376894000000.0,72699000000.0,0.0,0.0,1303001000000.0,0.0,66118000000.0,29234949448.249443,111140949448.24945,14.138371244222212,0.0,0.11767645149154546,2.2287514271172917,0.0,14.138371244222212,-0.0176893767452097,6.01665969299227,-5.683310545927186,0.40213688562771766,,0.0,,0.0035289572036772622,0.0,-0.0009339862037310062,0.0,0.0,-1.9761778426300547,-1.1718111127123039,-0.9289707643033183,0.0,0.0,-2.2974358974358973,0.0,0.5799612405917707,-0.6945681447379883,-0.348394604669528,Banks—Diversified,Financial Services,NWG
2012Q2,2012,Q2,2012-06-30,2012-06-30,-390000000.0,6087000000.0,0.0,-0.090462,0.0,0.0,1415189000000.0,74016000000.0,0.0,0.0,1339973000000.0,0.0,67488000000.0,24014553347.686485,129194553347.6865,14.553503462847628,0.0,0.1298957241753575,2.4836116515348032,0.0,14.553503462847628,-0.0052691309987029835,3.945219869835138,-15.393944453645183,0.3244508396520548,0.0,0.0,0.0,0.004301192278911156,0.0,-0.00027558156543048315,12.15311404235146,0.0,0.7042236942775123,0.0,0.0,0.0,0.0,0.7475728155339806,0.0,-1.4803659011177246,-0.7832433932190281,-0.5217818978559018,Banks—Diversified,Financial Services,NWG
2012Q1,2012,Q1,2012-03-31,2012-03-31,-1545000000.0,3644000000.0,0.0,-0.305846,0.0,0.0,,,,,,,,30123785134.267887,,,0.0,0.0,0.0,0.0,,0.0,8.26668088207132,-4.874398889040111,0.0,0.0,0.0,0.0,0.0,0.0,0.0,0.0,0.0,0.5322339885354916,-1.5404503422901008,-0.9451148915859717,0.0,0.0,0.1407119021134594,0.0,0.0,0.0,0.0,Banks—Diversified,Financial Services,NWG
2011Q4,2011,Q4,2011-12-31,2011-12-31,-1798000000.0,5721000000.0,0.0,-0.653844,0.0,0.0,1506867000000.0,74819000000.0,0.0,0.0,1430814000000.0,0.0,18929000000.0,12244395991.768936,121915395991.76894,27.207991810682113,0.0,0.1253859829699635,2.525294377096727,0.0,27.207991810682113,-0.024031328940509765,2.1402544995226247,-1.7025022235496297,0.16365356382428176,0.0,0.0,0.0,0.00379661907786155,0.0,-0.001193204177940057,0.0,0.0,-3.7597320648480728,0.0,0.0,0.0,0.0,-2.466557911908646,0.0,0.9502795050822397,1.720454590839192,-0.15475125199880366,Banks—Diversified,Financial Services,NWG
2011Q3,2011,Q3,2011-09-30,2011-09-30,1226000000.0,8603000000.0,0.0,0.236923,0.0,0.0,1607728000000.0,77443000000.0,0.0,0.0,1528852000000.0,0.0,62125000000.0,24820619513.313866,215656619513.31387,15.367493175241968,0.0,0.1674916403769792,3.4771509368180467,0.0,15.367493175241968,0.015830998282607853,2.8851121136015188,5.061300879550136,0.32050178212767927,0.0,0.0,0.0,0.005351029527382741,0.0,0.0007625668023446752,0.0,0.0,2.3749970982194677,-0.8328714410649043,-0.8716812613997378,0.0,0.0,2.366778149386845,0.0,-0.8328714410649043,-0.8716812613997378,0.0,Banks—Diversified,Financial Services,NWG
2011Q2,2011,Q2,2011-06-30,2011-06-30,-897000000.0,8238000000.0,0.0,-0.172308,0.0,0.0,1445969000000.0,74744000000.0,0.0,0.0,1369727000000.0,0.0,59427000000.0,41825622401.99663,273688622401.99664,14.909938310363632,0.0,0.20485501418080193,3.963047201113133,0.0,14.909938310363632,-0.01200096328802312,5.0771573685356435,-11.657085396320129,0.5595850155463532,0.0,0.0,0.0,0.005697217575203894,0.0,-0.0006203452494486396,0.0,0.0,-0.6000074285926531,0.0,0.0,0.0,0.0,-0.6988636363636364,0.0,0.8484326964137158,-0.8965779434466162,-0.8188659115985482,Banks—Diversified,Financial Services,NWG
2011Q1,2011,Q1,2011-03-31,2011-03-31,-528000000.0,7058000000.0,0.0,-0.107692,0.0,0.0,,,,,,,,44429591840.57271,,,0.0,0.0,0.0,0.0,,0.0,6.2949265855161105,-21.03673856087723,0.0,0.0,0.0,0.0,0.0,0.0,0.0,0.0,0.0,-45.87166666666667,-1.1849494097276432,-0.8935490536427613,0.0,0.0,-45.0,0.0,-1.1849494097276432,-0.8935490536427613,0.0,Banks—Diversified,Financial Services,NWG
2010Q4,2010,Q4,2010-12-31,2010-12-31,12000000.0,7144000000.0,0.0,0.0024,0.0,0.0,1453576000000.0,75132000000.0,0.0,0.0,1376725000000.0,0.0,21239000000.0,43343114912.81533,231754114912.81534,14.907396383447145,0.0,0.16884222084019,3.266584145237715,0.0,14.907396383447145,0.00015971889474524837,6.067065357336972,902.9815606836527,0.5768928673909297,0.0,0.0,0.0,0.004914775698002719,0.0,8.255502292277803e-06,0.0,0.0,1.0101298734187902,0.0,0.0,0.0,0.0,1.0104712041884816,0.0,0.0,0.0,0.0,Banks—Diversified,Financial Services,NWG
2010Q3,2010,Q3,2010-09-30,2010-09-30,-1146000000.0,6086000000.0,0.0,-0.236923,0.0,0.0,1629587000000.0,75600000000.0,0.0,0.0,1552207000000.0,0.0,60570000000.0,27182900340.45537,228739900340.45538,28.088997763099226,0.0,0.16137401685212266,3.478478835978836,0.0,28.088997763099226,-0.015158730158730158,4.466464071714652,-5.929952081251172,0.3595621738155472,0.0,0.0,0.0,0.003734688605149648,0.0,-0.0007032456689946594,0.0,0.0,-3.4811029311662876,-1.2925084411880488,-0.8300325752127887,0.0,0.0,-5.1521739130434785,0.0,-1.2925084411880488,-0.8300325752127887,0.0,Banks—Diversified,Financial Services,NWG
2010Q2,2010,Q2,2010-06-30,2010-06-30,276000000.0,9437000000.0,0.0,0.095491,0.0,0.0,1582053000000.0,76802000000.0,0.0,0.0,1502759000000.0,0.0,61773000000.0,42781581198.903145,258030581198.90314,15.425473461174771,0.0,0.15476093405214617,3.187937814119424,0.0,15.425473461174771,0.003593656415197521,4.533387856194039,38.751432245383285,0.5570373323468548,0.0,0.0,0.0,0.005965034041211009,0.0,0.0001744568608004915,0.0,0.0,3.216751398658217,0.0,0.0,0.0,0.0,2.93006993006993,0.0,0.0,0.0,0.0,Banks—Diversified,Financial Services,NWG
2010Q1,2010,Q1,2010-03-31,2010-03-31,-143000000.0,8523000000.0,0.0,-0.043077,0.0,0.0,,,,,,,,46563618256.46352,,,0.0,0.0,0.0,0.0,,0.0,5.463289716820781,-81.40492702178936,0.0,0.0,0.0,0.0,0.0,0.0,0.0,0.0,0.0,0.0,-1.050704229577576,-0.8698783730247144,0.0,0.0,0.0,0.0,-1.050704229577576,-0.8698783730247144,0.0,Banks—Diversified,Financial Services,NWG
2009Q3,2009,Q3,2009-09-30,2009-09-30,-1555000000.0,8080000000.0,0.0,-0.689231,0.0,0.0,1861155000000.0,56666000000.0,0.0,0.0,1787004000000.0,0.0,42546000000.0,29991719057.176285,322926719057.1763,21.69775042616354,0.0,0.1773533101756705,5.825045000529418,0.0,21.69775042616354,-0.027441499311756608,3.711846417967362,-4.821819784111943,0.5292718571484891,0.0,0.0,0.0,0.00434139015826194,0.0,-0.0008355026851605589,0.0,0.0,-11.883544871675047,-1.4090363302528548,-0.7674465368527128,0.0,0.0,-6.325342465753424,0.0,-1.4090363302528548,-0.7674465368527128,0.0,Banks—Diversified,Financial Services,NWG
2009Q2,2009,Q2,2009-06-30,2009-06-30,292000000.0,10100000000.0,0.0,-0.053497,0.0,0.0,1818923000000.0,55666000000.0,0.0,0.0,1746831000000.0,0.0,41546000000.0,15285525612.807968,285222525612.808,30.432774078598808,0.0,0.17036620021848092,5.5668271476305105,0.0,30.432774078598808,0.005245571803255129,1.5134183775057395,13.08692261370545,0.27459356901534093,0.0,0.0,0.0,0.005552736426995535,0.0,0.00016053455808739568,0.0,0.0,0.8920092453344368,0.0,0.0,0.0,0.0,0.0,0.0,0.0,0.0,0.0,Banks—Diversified,Financial Services,NWG
2009Q1,2009,Q1,2009-03-31,2009-03-31,0.0,0.0,0.0,-0.495385,0.0,0.0,,,,,,,,9728257282.584269,,,0.0,0.0,0.0,0.0,,0.0,0.0,0.0,0.0,0.0,0.0,0.0,0.0,0.0,0.0,0.0,0.0,0.9623292827594597,-1.0,-1.0,0.0,0.0,1.0,0.0,-1.0,-1.0,0.0,Banks—Diversified,Financial Services,NWG
2008Q4,2008,Q4,2008-12-31,2008-12-31,-24054000000.0,-5282000000.0,0.0,-13.1504,0.0,0.0,2401652000000.0,58879000000.0,0.0,0.0,2321154000000.0,0.0,7542000000.0,20401768751.908764,350149768751.90875,32.18933109930333,0.0,0.14246360421909585,5.811036192870123,0.0,32.18933109930333,-0.4085327536133426,-3.862508283208778,-0.2120413315031675,0.34650331615531454,,0.0,,-0.002199319468432562,0.0,-0.010015605924588574,0.0,0.0,-12.5983955011942,0.0,0.0,0.0,0.0,-23.06788990825688,0.0,0.0,0.0,0.0,Banks—Diversified,Financial Services,NWG
2008Q3,2008,Q3,2008-09-30,2008-09-30,1090000000.0,9962000000.0,0.0,1.133812,0.0,0.0,,,,,,,,28978042644.42048,,,0.0,0.0,0.0,0.0,,0.0,2.9088579245553583,6.646340056059743,0.0,,0.0,,0.0,0.0,0.0,0.0,0.0,1.960401843193061,0.0,0.0,0.0,0.0,2.233031674208145,0.0,0.0,0.0,0.0,Banks—Diversified,Financial Services,NWG
2008Q2,2008,Q2,2008-06-30,2008-06-30,-884000000.0,11898000000.0,0.0,-1.18056,0.0,0.0,1730705000000.0,61637000000.0,0.0,0.0,1663260000000.0,0.0,17968000000.0,33890448951.41069,223758448951.4107,82.31436965811966,0.0,0.15471498608948375,4.344241283644564,0.0,82.31436965811966,-0.01434203481674968,2.848415611986106,-9.584402983996235,0.5498393651769341,,0.0,,0.006874655126090235,0.0,-0.0005107745109651847,0.0,0.0,-3.843715599534623,0.0,0.0,0.0,0.0,-3.8794788273615635,0.0,0.0,0.0,0.0,Banks—Diversified,Financial Services,NWG
2008Q1,2008,Q1,2008-03-31,2008-03-31,307000000.0,7130000000.0,0.0,0.415147,0.0,0.0,,,,,,,,38938720837.91042,,,0.0,0.0,0.0,0.0,,0.0,5.461251169412401,31.70905605693031,0.0,,0.0,,0.0,0.0,0.0,0.0,0.0,0.0,0.0,0.0,0.0,0.0,0.0,0.0,0.0,0.0,0.0,Banks—Diversified,Financial Services,NWG
2007Q2,2007,Q2,2007-06-30,2007-06-30,0.0,0.0,0.0,0.0,0.0,0.0,1011266000000.0,41544000000.0,0.0,0.0,964808000000.0,0.0,0.0,0.0,118518000000.0,0.0,0.0,0.12123219805669329,2.95103986135182,,0.0,0.0,0.0,0.0,0.0,0.0,0.0,,0.0,0.0,0.0,0.0,0.0,0.0,0.0,0.0,0.0,0.0,0.0,0.0,0.0,0.0,0.0,Banks—Diversified,Financial Services,NWG
2009Q4,2009,Q4,2009-12-31,2009-12-31,,,,,,,1696486000000.0,77736000000.0,0.0,0.0,1601855000000.0,0.0,12134000000.0,0.0,252959000000.0,0.0,0.0,0.17991306736395113,3.926366162395801,,0.0,,0.0,0.0,0.0,0.0,0.0,,,0.0,,0.0,0.0,0.0,0.0,0.0,0.0,0.0,0.0,0.0,0.0,0.0,0.0,Banks—Diversified,Financial Services,NWG
2007Q4,2007,Q4,2007-12-31,2007-12-31,,,,,,,1900519000000.0,53038000000.0,0.0,0.0,1809093000000.0,0.0,21072000000.0,0.0,288680000000.0,0.0,0.0,0.16129594074039774,5.7797428258984125,,0.0,,0.0,0.0,0.0,0.0,0.0,,,0.0,,0.0,0.0,0.0,0.0,0.0,0.0,0.0,0.0,0.0,0.0,0.0,0.0,Banks—Diversified,Financial Services,NWG
