Quarters,Year,Quarter,FillingDate,Date,NetIncome,Revenue,OperatingIncome,EPSDiluted,GrossProfit,GrossProfitRatio,TotalAssets,CommonStockEquity,CurrentAssets,CurrentLiability,TotalLiability,Inventory,RetainedEarnings,MarketCap,EnterpriseValue,bookValuePerShare,currentRatio,debtToAssets,debtToEquity,roic,shareholdersEquityPerShare,roe,priceToSalesRatio,peRatio,pbRatio,payoutRatio,inventoryTurnover,dividendYield,assetTurnover,quickRatio,returnOnAssets,priceToFreeCashFlowsRatio,grossProfitMargin,epsdilutedGrowth,fiveYNetIncomeGrowthPerShare,fiveYRevenueGrowthPerShare,fiveYShareholdersEquityGrowthPerShare,grossProfitGrowth,netIncomeGrowth,operatingIncomeGrowth,threeYNetIncomeGrowthPerShare,threeYRevenueGrowthPerShare,threeYShareholdersEquityGrowthPerShare,Industry,Sector,Symbol
2023Q3,2023,Q3,2023-05-12,2023-03-31,50000000.0,2447000000.0,141000000.0,0.09,2447000000.0,1.0,17034000000.0,8077000000.0,4032000000.0,3204000000.0,8050000000.0,356000000.0,-2136000000.0,10029222000.0,12450222000.0,14.037191518943343,1.2584269662921348,0.23952095808383234,0.5051380463043209,0.006899440182459049,14.037191518943343,0.00619041723412158,4.098578667756437,50.14610999999999,1.241701374272626,0.54,0.0,0.0026921330488047825,0.143653868733122,0.9984394506866417,0.0029353058588704943,26.673462765957446,1.0,-0.43750000000000006,1.044911711125409,0.18457738782352276,-0.15762401898672468,-0.029353431178103927,-0.46808510638297873,-0.295,1.0699930006999299,0.10352336346241807,0.05386473610044507,Entertainment,Communication Services,NWS
2023Q2,2023,Q2,2023-02-10,2022-12-31,94000000.0,2521000000.0,200000000.0,0.16,2521000000.0,1.0,16891000000.0,8115000000.0,3763000000.0,2939000000.0,7835000000.0,328000000.0,-2186000000.0,10621440000.0,13410440000.0,14.088541666666666,1.2803674719292277,0.24373926943342608,0.507332101047443,0.009103146396025604,14.088541666666666,0.011583487369069624,4.2131852439508135,28.248510638297873,1.3088650646950093,0.6170212765957447,0.0,0.005460653169438418,0.14925108045704813,1.008506294658047,0.005565093836954591,134.4486075949367,1.0,0.4545454545454546,2.1462935073627842,0.17047575815494387,-0.24507171032475486,0.01735270379338176,0.42424242424242425,0.3422818791946309,0.12892156862745105,0.038128613688315154,-0.0752330319267694,Entertainment,Communication Services,NWS
2023Q1,2023,Q1,2022-11-09,2022-09-30,66000000.0,2478000000.0,149000000.0,0.11,2478000000.0,1.0,16387000000.0,7872000000.0,3754000000.0,3013000000.0,7659000000.0,373000000.0,-2253000000.0,8963646000.0,11393646000.0,13.54206089798727,1.245934284766014,0.23726124366876183,0.49390243902439024,0.007698160707911399,13.54206089798727,0.008384146341463415,3.6172905569007265,33.95320454545455,1.1386745426829268,0.4696969696969697,0.0,0.0034584141319280123,0.1512174284493806,0.972784600066379,0.004027582840056142,-66.39737777777778,1.0,-0.42105263157894735,-0.0282429847906822,0.20553158473091643,-0.2791109994851741,-0.07329842931937172,-0.4,2.9210526315789473,1.293599868440098,0.06935824654730566,-0.08776798862536987,Entertainment,Communication Services,NWS
2022Q4,2022,Q4,2022-08-12,2022-06-30,110000000.0,2674000000.0,38000000.0,0.19,2674000000.0,1.0,17221000000.0,8222000000.0,4093000000.0,3519000000.0,8078000000.0,311000000.0,-2293000000.0,9311540000.0,11505540000.0,14.030716723549489,1.1631145211707872,0.23320364671041172,0.48844563366577476,-0.018301099734546834,14.030716723549489,0.013378739965945026,3.4822513089005236,21.162590909090913,1.1325152031135977,0.5545454545454546,0.0,0.006551010896156811,0.1552755356831775,0.9445865302642796,0.006387550084199524,65.57422535211268,1.0,0.05555555555555561,1.254660015752166,0.27680165397742174,-0.2445298239332221,0.07303370786516854,0.057692307692307696,-0.8051282051282052,3.153182091949408,0.0824966991355471,-0.10236556394614489,Entertainment,Communication Services,NWS
2022Q3,2022,Q3,2022-05-06,2022-03-31,104000000.0,2492000000.0,195000000.0,0.18,2492000000.0,1.0,17419000000.0,8425000000.0,4162000000.0,3527000000.0,8003000000.0,308000000.0,-2403000000.0,13259776000.0,15236776000.0,14.308763586956522,1.1800396937907571,0.22056375222458235,0.45602373887240355,0.01145872119993378,14.308763586956522,0.012344213649851632,5.320937399678972,31.874461538461535,1.5738606528189911,0.2692307692307692,0.0,0.0021116495482276627,0.14306217348871922,0.963141480011341,0.005970491991503531,26.896097363083165,1.0,-0.5909090909090909,21.559782608695652,0.24530844726777165,-0.2537234153948656,-0.08281192491718807,-0.6030534351145038,-0.4507042253521127,9.33288043478261,0.007699275362318825,-0.09886675655403543,Entertainment,Communication Services,NWS
2022Q2,2022,Q2,2022-02-04,2021-12-31,262000000.0,2717000000.0,355000000.0,0.44,2717000000.0,1.0,16520000000.0,8383000000.0,4599000000.0,3233000000.0,7173000000.0,248000000.0,-2482000000.0,13320000000.0,14441000000.0,14.160472972972974,1.4225177853386948,0.20006053268765134,0.394250268400334,0.020250367787697936,14.160472972972974,0.03125372778241679,4.902465955097534,12.709923664122138,1.588929977335083,0.22519083969465647,0.0,0.004429429429429429,0.1644673123486683,1.1905351067120322,0.01585956416464891,52.23529411764706,1.0,0.33333333333333326,1.8897292621341064,0.2601678651714096,-0.25036584990457433,0.0859312549960032,0.336734693877551,0.4489795918367347,1.725284495021337,0.022030190639821427,-0.10579914840358493,Entertainment,Communication Services,NWS
2022Q1,2022,Q1,2021-11-05,2021-09-30,196000000.0,2502000000.0,245000000.0,0.33,2502000000.0,1.0,16418000000.0,8210000000.0,4372000000.0,3272000000.0,7270000000.0,308000000.0,-2715000000.0,13752160000.0,15140160000.0,13.868243243243244,1.3361858190709046,0.2124497502740894,0.4248477466504263,0.014977209639264811,13.868243243243244,0.02387332521315469,5.496466826538769,17.541020408163266,1.6750499390986602,0.1377551020408163,0.0,0.0019633279426650068,0.1523937142161043,1.0999388753056234,0.01193811670118163,-392.9188571428571,1.0,17.5,13.823873873873874,0.24962347844027238,-0.3023853398853398,0.0040128410914927765,15.0,6.205882352941177,0.9143698153599145,-0.022112048657214906,-0.12546657444616627,Entertainment,Communication Services,NWS
2021Q4,2021,Q4,2021-08-10,2021-06-30,-14000000.0,2492000000.0,34000000.0,-0.02,2492000000.0,1.0,16771000000.0,8211000000.0,4456000000.0,3234000000.0,7625000000.0,253000000.0,-2911000000.0,14390850000.0,15726850000.0,13.893401015228426,1.3778602350030922,0.2129867032377318,0.4350261843867982,0.00036546197977203773,13.893401015228426,-0.0017050298380221654,5.774819422150883,-256.9794642857143,1.7526306174643773,-4.214285714285714,0.0,0.004099827320832334,0.14858982767873113,1.1546072974644404,-0.0008347743128018603,359.77125,1.0,-1.1538461538461537,-1.1526602744876857,0.09866019644776478,-0.30437046021819003,0.06723768736616702,-1.1772151898734178,-0.728,0.9627749576988156,-0.08716400167633943,-0.1300770280444451,Entertainment,Communication Services,NWS
2021Q3,2021,Q3,2021-05-07,2021-03-31,79000000.0,2335000000.0,125000000.0,0.13,2335000000.0,1.0,15397000000.0,8188000000.0,3943000000.0,3169000000.0,6268000000.0,246000000.0,-2897000000.0,13864860000.0,14387860000.0,13.854483925549916,1.2442410855159356,0.16217444956809768,0.3049584758182706,0.007212275292547916,13.854483925549916,0.009648265754763068,5.937841541755889,43.87613924050633,1.693314606741573,0.3037974683544304,0.0,0.0017309947594133658,0.1516529193998831,1.0441779741243293,0.005130869649931805,27.897102615694166,1.0,-0.6666666666666666,1.5203329585845855,0.2118137298325579,-0.31119486740794183,-0.03272576636288318,-0.658008658008658,-0.6212121212121212,1.0690874344481645,0.10052200429600555,-0.1685883552655068,Entertainment,Communication Services,NWS
2021Q2,2021,Q2,2021-02-05,2020-12-31,231000000.0,2414000000.0,330000000.0,0.39,2414000000.0,1.0,15094000000.0,8131000000.0,3596000000.0,2861000000.0,6020000000.0,203000000.0,-2976000000.0,10502070000.0,10196070000.0,13.758037225042301,1.256903180706047,0.08321187226712601,0.1544705448284344,0.02331247760237407,13.758037225042301,0.028409789693764606,4.350484672742336,11.365876623376623,1.2916086582216209,0.2597402597402597,0.0,0.005713159405717158,0.15993109844971512,1.0506815798671794,0.015304094342122697,42.3470564516129,1.0,5.500000000000001,2.604624929498026,0.09817398255961897,-0.3232797470581123,0.14029286726499765,5.794117647058823,2.173076923076923,3.7454589933337408,0.09235008305003178,-0.2627816450184134,Entertainment,Communication Services,NWS
2021Q1,2021,Q1,2020-11-06,2020-09-30,34000000.0,2117000000.0,104000000.0,0.06,2117000000.0,1.0,14400000000.0,7639000000.0,3435000000.0,2738000000.0,5946000000.0,203000000.0,-3207000000.0,8248200000.0,7993200000.0,12.947457627118643,1.2545653761869977,0.08916666666666667,0.16808482785704934,0.006667539666950393,12.947457627118643,0.0044508443513548894,3.896173830892773,60.648529411764706,1.0797486582013354,0.5882352941176471,0.0,0.0024247714652893965,0.1470138888888889,1.0149744338933528,0.002361111111111111,133.03548387096774,1.0,1.08955223880597,-0.808677966101695,0.03510763637587735,-0.35351728417360506,0.10088403536141445,1.0856423173803527,1.9714285714285715,-0.5067796610169492,0.014720561348025914,-0.3107637117915439,Entertainment,Communication Services,NWS
2020Q4,2020,Q4,2020-08-11,2020-06-30,-397000000.0,1923000000.0,35000000.0,-0.67,1923000000.0,1.0,14261000000.0,7582000000.0,3461000000.0,2682000000.0,5872000000.0,348000000.0,-3241000000.0,7038550000.0,6780550000.0,12.872665534804753,1.290454884414616,0.08828272912138,0.1660511738327618,0.003459181656453845,12.872665534804753,-0.05236085465576365,3.6601924076963077,-4.432336272040302,0.9283236613030863,-0.14609571788413098,0.0,0.008240333591435736,0.13484327887244935,1.0141685309470545,-0.027838160016829115,32.73744186046512,1.0,0.4596774193548387,-0.03956576027883337,-0.1109711042156174,-0.3727735890688533,-0.15136804942630186,0.45616438356164385,-0.573170731707317,0.08559013143053891,-0.0864682643332899,-0.3068839539960805,Entertainment,Communication Services,NWS
2020Q3,2020,Q3,2020-05-08,2020-03-31,-730000000.0,2266000000.0,82000000.0,-1.24,2266000000.0,1.0,14428000000.0,7832000000.0,3741000000.0,2689000000.0,5860000000.0,363000000.0,-2845000000.0,5286120000.0,6418120000.0,13.319727891156463,1.3912235031610265,0.07728028832825062,0.14236465781409602,0.007845446405087756,13.319727891156463,-0.0932073544433095,2.3327978817299204,-1.8103150684931508,0.6749387129724208,-0.026027397260273973,0.0,0.0035943187063479454,0.15705572497920708,0.9761993306061733,-0.050596063210424175,30.733255813953487,1.0,-9.857142857142856,-32.41526175687667,0.08771947188186627,-0.37427704958809743,-0.08592174263816055,-9.588235294117647,-0.5751295336787565,-143.51020408163265,0.13391180536926603,-0.30530678083582213,Entertainment,Communication Services,NWS
2020Q2,2020,Q2,2020-02-07,2019-12-31,85000000.0,2479000000.0,193000000.0,0.14,2479000000.0,1.0,16282000000.0,8958000000.0,3718000000.0,2727000000.0,6155000000.0,358000000.0,-2114000000.0,8531880000.0,9986880000.0,15.23469387755102,1.3634030069673635,0.07376243704704581,0.1340701049341371,0.010975747788038153,15.23469387755102,0.009488725161866489,3.441661960467931,25.093764705882354,0.9524313462826524,0.6941176470588235,0.0,0.006915240251855395,0.15225402284731607,1.042170883755042,0.005220488883429554,189.59733333333332,1.0,1.358974358974359,-0.4136815565386994,0.07248776703663919,-0.3003861877292484,0.0594017094017094,1.3744493392070485,2.2711864406779663,1.2906162464985995,0.1576030695832207,-0.19349821021802807,Entertainment,Communication Services,NWS
2020Q1,2020,Q1,2019-11-08,2019-09-30,-227000000.0,2340000000.0,59000000.0,-0.39,2340000000.0,1.0,16233000000.0,8714000000.0,3799000000.0,3492000000.0,6404000000.0,402000000.0,-2200000000.0,8391165000.0,8279165000.0,14.844974446337309,1.0879152348224512,0.08187026427647386,0.15251319715400505,0.004644234270263172,14.844974446337309,-0.026050034427358273,3.5859679487179488,-9.24137114537445,0.9629521459719991,-0.09691629955947137,0.0,0.002621805196298726,0.14415080391794494,0.8536655211912944,-0.013983860038193803,-93.23516666666667,1.0,-3.333333333333334,-4.450661774341502,0.07539320946079792,-0.3305275500446591,-0.051094890510948905,-3.450980392156863,-0.4326923076923077,-13.978648495173198,0.17866756830565556,-0.2532528005781838,Entertainment,Communication Services,NWS
2019Q4,2019,Q4,2019-08-13,2019-06-30,-51000000.0,2466000000.0,104000000.0,-0.09,2466000000.0,1.0,15711000000.0,9144000000.0,4050000000.0,3340000000.0,5400000000.0,348000000.0,-1979000000.0,8184150000.0,7994150000.0,15.63076923076923,1.2125748502994012,0.09248297371268538,0.15890201224846895,0.014721147494573936,15.63076923076923,-0.00557742782152231,3.3187956204379563,-40.11838235294118,0.8950295275590552,-1.1568627450980393,0.0,0.007209056530000061,0.15696009165552796,0.954191616766467,-0.0032461332824135956,73.07276785714286,1.0,-5.5,-4.88284023668639,0.11651770004926465,-0.31763436744210327,0.003663003663003663,-6.1,0.31645569620253167,-1.5618233618233617,0.09834819268781536,-0.21738206544836386,Entertainment,Communication Services,NWS
2019Q3,2019,Q3,2019-05-10,2019-03-31,10000000.0,2457000000.0,79000000.0,0.02,2457000000.0,1.0,16058000000.0,9289000000.0,4247000000.0,3679000000.0,5600000000.0,404000000.0,-1927000000.0,7376850000.0,7274850000.0,15.878632478632479,1.154389779831476,0.09627599950180596,0.16643341586823124,0.005589909244731579,15.878632478632479,0.0010765421466250404,3.0023809523809524,184.42125,0.7941489934330929,2.1,0.0,0.0028467435287419427,0.15300784655623365,0.8912748029355804,0.0006227425582264292,49.179,1.0,-0.8750000000000001,-0.7938034188034188,0.170259865255053,-0.29571562700105675,-0.06471259992386753,-0.8947368421052632,-0.6183574879227053,1.0665404692250329,0.28820729772607084,-0.21056001734897672,Entertainment,Communication Services,NWS
2019Q2,2019,Q2,2019-02-06,2018-12-31,95000000.0,2627000000.0,207000000.0,0.16,2627000000.0,1.0,16227000000.0,9264000000.0,4429000000.0,3712000000.0,5793000000.0,400000000.0,-1937000000.0,6756750000.0,6818750000.0,15.835897435897436,1.1931573275862069,0.1035311517840636,0.18134715025906736,0.012935760738052027,15.835897435897436,0.010254749568221071,2.5720403502093645,17.78092105263158,0.7293555699481865,0.6105263157894737,0.0,0.008584008584008583,0.16189067603377089,0.9350754310344828,0.0058544401306464535,59.26973684210526,1.0,-0.058823529411764754,-0.37731363559178127,0.1617767695515685,-0.28193401085561787,0.04080824088748019,-0.0594059405940594,0.06153846153846154,0.4976258309591643,0.20732883240981348,-0.221075481691804,Entertainment,Communication Services,NWS
2019Q1,2019,Q1,2018-11-07,2018-09-30,101000000.0,2524000000.0,195000000.0,0.17,2524000000.0,1.0,16288000000.0,9261000000.0,4469000000.0,3545000000.0,5858000000.0,388000000.0,-2032000000.0,7901520000.0,7872520000.0,15.857876712328768,1.2606488011283499,0.11401031434184676,0.2005183025591189,0.012612405027983773,15.857876712328768,0.010905949681459885,3.130554675118859,19.55821782178218,0.8532037576935535,0.22772277227722773,0.0,0.002910832346181494,0.1549607072691552,0.9968970380818054,0.006200884086444008,-395.076,1.0,1.265625,2.7087138508371384,0.20771737980642083,-0.28496919115034985,-0.06275529149647234,1.2722371967654986,0.4233576642335766,-0.42582191780821926,0.24678959611486712,-0.20819642747825598,Entertainment,Communication Services,NWS
2018Q4,2018,Q4,2018-08-13,2018-06-30,-371000000.0,2693000000.0,137000000.0,-0.64,2693000000.0,1.0,16346000000.0,9311000000.0,4394000000.0,3295000000.0,5849000000.0,376000000.0,-2163000000.0,9240550000.0,9158550000.0,15.970840480274443,1.333535660091047,0.11941759451853665,0.2096445064976909,0.01478808658244537,15.970840480274443,-0.0398453442165181,3.4313219457853696,-6.226785714285715,0.9924336805928471,-0.15902964959568733,0.0,0.0063849013316306935,0.1647497858803377,1.106525037936267,-0.022696684204086628,72.191796875,1.0,0.6701030927835051,0.6724741975088968,0.18397549926852305,-0.26544781102374015,0.2866698518872432,0.6710992907801419,0.6707317073170732,0.0185185185185185,0.25782344698738896,-0.22181362306727956,Entertainment,Communication Services,NWS
2018Q3,2018,Q3,2018-05-10,2018-03-31,-1128000000.0,2093000000.0,82000000.0,-1.94,2093000000.0,1.0,13372000000.0,9715000000.0,3986000000.0,2467000000.0,3361000000.0,224000000.0,-1792000000.0,9386300000.0,7550300000.0,16.663807890222984,1.6157276043777868,0.020640143583607537,0.028409675759135358,0.00822962888822162,16.663807890222984,-0.11610910962429233,4.484615384615385,-2.080296985815603,0.966165723108595,-0.016843971631205674,0.0,0.0020242267986320486,0.15652108884235716,1.418321848398865,-0.0843553694286569,49.662962962962965,1.0,-12.857142857142854,-4.465329201939365,-0.047312085875021656,-0.23284402732440637,-0.03990825688073395,-12.590361445783133,-0.6419213973799127,-49.959355656648526,0.013292894540263892,-0.2171816779312474,Entertainment,Communication Services,NWS
2018Q2,2018,Q2,2018-02-08,2017-12-31,-83000000.0,2180000000.0,229000000.0,-0.14,2180000000.0,1.0,14359000000.0,10880000000.0,3718000000.0,2270000000.0,3181000000.0,216000000.0,-664000000.0,9677800000.0,8102800000.0,18.662092624356774,1.637885462555066,0.019569607911414443,0.02582720588235294,-0.008012897828395473,18.662092624356774,-0.007628676470588235,4.439357798165138,-29.15,0.8895036764705884,-0.7108433734939759,0.0,0.006096426873876294,0.15182115746221883,1.4480176211453744,-0.005780346820809248,68.15352112676057,1.0,-2.166666666666667,-1.0588705778790781,-0.06799278547795774,-0.13193712662005186,0.05928085519922255,-2.2205882352941178,0.506578947368421,-1.577432858736461,-0.048779753844302,-0.14299178763840623,Entertainment,Communication Services,NWS
2018Q1,2018,Q1,2017-11-09,2017-09-30,68000000.0,2058000000.0,152000000.0,0.12,2058000000.0,1.0,14662000000.0,10933000000.0,3768000000.0,2417000000.0,3446000000.0,225000000.0,-581000000.0,7944300000.0,6453300000.0,18.785223367697593,1.5589573851882499,0.02632655845041604,0.035305954449830784,0.008285823309705202,18.785223367697593,0.006219701820177444,3.860204081632653,29.206985294117647,0.7266349583828776,0.3088235294117647,0.0,0.002643404705260375,0.14036284272268448,1.3657426561853538,0.0046378393125085255,-120.36818181818182,1.0,1.162162162162162,1.7346907576572537,-0.04095716271066836,0.1820023495485252,-0.010576923076923078,1.1585081585081585,0.3217391304347826,0.04255881575469204,-0.046080076720211006,-0.15283185185719586,Entertainment,Communication Services,NWS
2017Q4,2017,Q4,2017-08-14,2017-06-30,-429000000.0,2080000000.0,115000000.0,-0.74,2080000000.0,1.0,14552000000.0,10809000000.0,3815000000.0,2452000000.0,3459000000.0,208000000.0,-648000000.0,8235300000.0,6598300000.0,18.572164948453608,1.5558727569331159,0.026044529961517317,0.035063373114996764,0.010681963167819863,18.572164948453608,-0.03968914793227866,3.959278846153846,-4.799125874125874,0.7618928670552317,-0.13752913752913754,0.0,0.007164280596942431,0.14293567894447498,1.3760195758564437,-0.029480483782297964,44.03903743315508,1.0,-73.0,0.8077442925315832,-0.031159219187302908,0.204627696252527,0.05156723963599596,-84.8,0.08490566037735849,-33.829896907216494,-0.05339508210637505,-0.18922690905868664,Entertainment,Communication Services,NWS
2017Q3,2017,Q3,2017-05-10,2017-03-31,-5000000.0,1978000000.0,106000000.0,-0.01,1978000000.0,1.0,14886000000.0,11159000000.0,3762000000.0,2461000000.0,3449000000.0,228000000.0,-219000000.0,7857000000.0,6383000000.0,19.173539518900345,1.5286468915075173,0.02525863227193336,0.03369477551751949,0.0,19.173539518900345,-0.00044806882337126985,3.9721941354903945,-392.84999999999997,0.7040953490456133,-3.2,0.0,0.002036400661830215,0.13287652828160687,1.3149126371393742,-0.00033588606744592236,50.69032258064516,1.0,0.98,-1.1553114653135739,-0.07693948277108237,0.0,-0.06521739130434782,0.9826989619377162,-0.48292682926829267,-1.1036297250859106,-0.053029776847285784,-0.14957259219830704,Entertainment,Communication Services,NWS
2017Q2,2017,Q2,2017-02-09,2016-12-31,-289000000.0,2116000000.0,205000000.0,-0.5,2116000000.0,1.0,14527000000.0,10975000000.0,3591000000.0,2325000000.0,3279000000.0,226000000.0,-213000000.0,6855800000.0,5646800000.0,18.889845094664373,1.544516129032258,0.024437254766985612,0.03234624145785877,0.015786808634834008,18.889845094664373,-0.02633257403189066,3.2399810964083176,-5.930622837370243,0.6246742596810934,-0.2041522491349481,0.0,0.008605851979345954,0.1456598058787086,1.3526881720430108,-0.019893990500447444,32.1868544600939,1.0,-15.666666666666666,-4.94189748883597,-0.053074108618615674,0.0,0.07684478371501273,-18.266666666666666,19.5,-2.907318963650249,-0.057767646610955466,-0.1434552189043252,Entertainment,Communication Services,NWS
2017Q1,2017,Q1,2016-11-08,2016-09-30,-15000000.0,1965000000.0,10000000.0,-0.03,1965000000.0,1.0,15269000000.0,11550000000.0,3328000000.0,2287000000.0,3503000000.0,233000000.0,76000000.0,8261820000.0,7139820000.0,19.879518072289155,1.455181460428509,0.02469054947933722,0.032640692640692644,0.0,19.879518072289155,-0.0012987012987012987,4.20448854961832,-137.697,0.715309090909091,-1.2,0.0,0.0021786967036318875,0.12869212129150567,1.2466112811543506,-0.0009823826052786692,-26.062523659305995,1.0,-1.2,-1.3930411355195216,-0.09627770317959389,0.0,-0.11725067385444744,-1.1666666666666667,-0.9038461538461539,-1.5536431440045897,-0.05490550176436573,-0.10363359832914713,Entertainment,Communication Services,NWS
2016Q4,2016,Q4,2016-08-12,2016-06-30,90000000.0,2226000000.0,104000000.0,0.15,2226000000.0,1.0,15483000000.0,11584000000.0,3889000000.0,2442000000.0,3681000000.0,218000000.0,150000000.0,6768600000.0,5305600000.0,19.97241379310345,1.5925470925470926,0.023832590583220306,0.0318542817679558,0.004959424412281436,19.97241379310345,0.007769337016574586,3.040700808625337,18.801666666666666,0.5843059392265193,0.6555555555555556,0.0,0.008716721330851284,0.14377058709552412,1.276003276003276,0.005812826971517148,23.58397212543554,1.0,1.576923076923077,1.0404724457728305,0.04042128186988978,0.29545063179032754,0.17715494447382338,1.604026845637584,2.25,1.079864666124678,-0.01627868165248345,-0.0814021160011185,Entertainment,Communication Services,NWS
2016Q3,2016,Q3,2016-05-05,2016-03-31,-149000000.0,1891000000.0,32000000.0,-0.26,1891000000.0,1.0,15716000000.0,11666000000.0,3905000000.0,2648000000.0,3851000000.0,367000000.0,60000000.0,7685000000.0,6082000000.0,20.113793103448277,1.4746978851963746,0.02347925680834818,0.031630378878793074,0.0015059321815795376,20.113793103448277,-0.012772158409051946,4.063987308302486,-12.894295302013422,0.6587519286816389,-0.09395973154362416,0.0,0.0018217306441119063,0.12032323746500381,1.240558912386707,-0.009480783914482057,41.994535519125684,1.0,-3.3636363636363638,-5.644241258297415,-0.11449624406184224,0.0,-0.12494215640906987,-3.365079365079365,-0.7961783439490446,-1.460110589057329,-0.13480596323473584,-0.0740161784075254,Entertainment,Communication Services,NWS
2016Q2,2016,Q2,2016-02-09,2015-12-31,63000000.0,2161000000.0,157000000.0,0.11,2161000000.0,1.0,14875000000.0,11812000000.0,3795000000.0,2096000000.0,2876000000.0,254000000.0,268000000.0,8110760000.000001,6630760000.000001,20.330464716006883,1.810591603053435,0.0,0.0,0.009089717400565854,20.330464716006883,0.005333559092448358,3.7532438685793617,32.18555555555556,0.6866542499153404,0.9206349206349206,0.0,0.007150994481404948,0.14527731092436974,1.5706106870229009,0.0042352941176470585,54.80243243243244,1.0,-0.6333333333333334,-0.14069362700115526,-0.03293627066390764,0.0,0.07298907646474677,-0.64,2.5681818181818183,-0.9551612828957,-0.0729354598135264,-0.054333189007260974,Entertainment,Communication Services,NWS
2016Q1,2016,Q1,2015-11-04,2015-09-30,175000000.0,2014000000.0,44000000.0,0.3,2014000000.0,1.0,14756000000.0,11636000000.0,3889000000.0,2166000000.0,2955000000.0,293000000.0,204000000.0,7448420000.0,5957420000.0,20.02753872633391,1.7954755309325947,0.0,0.0,0.010398762461326917,20.02753872633391,0.015039532485390169,3.6983217477656405,10.6406,0.6401185974561705,0.09142857142857143,0.0,0.002148106578307883,0.13648685280563838,1.5046168051708217,0.011859582542694497,95.4925641025641,1.0,1.4615384615384615,3.5854799143944196,-0.0737421344548103,0.0,-0.059318075665576835,1.462962962962963,-0.2542372881355932,2.8940025733368255,-0.05984609521550132,0.2601712189862656,Entertainment,Communication Services,NWS
2015Q4,2015,Q4,2015-08-13,2015-06-30,-378000000.0,2141000000.0,59000000.0,-0.65,2141000000.0,1.0,15093000000.0,11965000000.0,3975000000.0,2155000000.0,2957000000.0,319000000.0,88000000.0,8301920000.0,6754920000.0,20.523156089193826,1.8445475638051043,0.0,0.0,0.005327293892901916,20.523156089193826,-0.03159214375261178,3.8775899112564223,-5.490687830687831,0.6938503969912244,-0.0026455026455026454,0.0,0.0001204540636382909,0.14185383952825814,1.5424593967517402,-0.025044722719141325,436.9431578947368,1.0,-17.25,0.8308904324140395,-0.004456655709006002,0.3311728766233629,0.03831231813773036,-17.434782608695652,0.9032258064516129,0.8308904324140395,-0.004456655709006002,0.3311728766233629,Entertainment,Communication Services,NWS
2015Q3,2015,Q3,2015-05-07,2015-03-31,23000000.0,2062000000.0,31000000.0,0.04,2062000000.0,1.0,15686000000.0,12389000000.0,4088000000.0,2273000000.0,3140000000.0,370000000.0,467000000.0,9236340000.0,7737340000.0,21.286941580756015,1.7985041794984602,0.0,0.0,0.0016360667341376034,21.286941580756015,0.0018564855920574703,4.479311348205625,100.395,0.7455274840584388,0.5217391304347826,0.0,0.0012992159231903547,0.13145480045900804,1.490101187857457,0.001466275659824047,73.89072,1.0,-0.8333333333333333,-0.2855672595575601,-0.037739743920107115,0.0,-0.0956140350877193,-0.8391608391608392,-0.8393782383419689,-0.2855672595575601,-0.037739743920107115,0.0,Entertainment,Communication Services,NWS
2015Q2,2015,Q2,2015-02-06,2014-12-31,143000000.0,2280000000.0,193000000.0,0.24,2280000000.0,1.0,15970000000.0,12630000000.0,4052000000.0,2329000000.0,3183000000.0,274000000.0,444000000.0,8746400000.0,7289400000.0,21.775862068965516,1.7398024903392013,0.0,0.0,0.01158518845863485,21.775862068965516,0.011322248614410134,3.836140350877193,15.290909090909091,0.6925098970704672,0.0,0.0,0.0,0.1427676894176581,1.4697294976384714,0.008954289292423293,36.443333333333335,1.0,1.1818181818181819,0.9538519810581011,0.022076290492057317,0.0,0.06046511627906977,1.2,3.948717948717949,0.9538519810581011,0.022076290492057317,0.0,Entertainment,Communication Services,NWS
2015Q1,2015,Q1,2014-11-07,2014-09-30,65000000.0,2150000000.0,39000000.0,0.11,2150000000.0,1.0,16123000000.0,12861000000.0,4865000000.0,2293000000.0,3121000000.0,293000000.0,302000000.0,9355400000.0,7105400000.0,22.174137931034483,2.121674662014828,0.0,0.0,0.002134826218801026,22.174137931034483,0.00505403934375243,4.3513488372093025,35.98230769230769,0.727423995023715,0.26153846153846155,0.0,0.0018171323513692628,0.13334987285244682,1.8342782381160052,0.004031507783911183,135.5855072463768,1.0,4.5,0.7061147681488202,-0.009489596320777206,0.0,-0.01646843549862763,4.0,2.3,0.7061147681488202,-0.009489596320777206,0.0,Entertainment,Communication Services,NWS
2014Q4,2014,Q4,2014-08-14,2014-06-30,13000000.0,2186000000.0,-30000000.0,0.02,2186000000.0,1.0,16489000000.0,13263000000.0,5270000000.0,2264000000.0,3070000000.0,310000000.0,237000000.0,10103550000.0,7389550000.0,22.906735751295336,2.32773851590106,0.0,0.0,-0.002733167458342758,22.906735751295336,0.0009801703988539547,4.621935041171088,194.29903846153843,0.761784664103144,0.07692307692307693,0.0,9.89751127079096e-05,0.13257323063860757,2.0313604240282683,0.0007884043908059919,-120.28035714285714,1.0,-0.75,1.0058561166978919,0.023490119794170466,0.48577661211467393,0.0519730510105871,-0.7291666666666666,-1.9090909090909092,1.0058561166978919,0.023490119794170466,0.48577661211467393,Entertainment,Communication Services,NWS
2014Q3,2014,Q3,2014-05-08,2014-03-31,48000000.0,2078000000.0,33000000.0,0.08,2078000000.0,1.0,16543000000.0,13054000000.0,5370000000.0,2498000000.0,3355000000.0,364000000.0,225000000.0,9669300000.0,7109300000.0,22.545768566493955,2.1497197758206563,0.0,0.0,0.002487187217365089,22.545768566493955,0.003677033859353455,4.653176130895091,50.3609375,0.7407154895051326,0.20833333333333334,0.0,0.0010342010279958218,0.1256120413467932,1.878302642113691,0.002901529347760382,32.338795986622074,1.0,-0.6923076923076923,0.4987154041450778,-0.025248635426143445,0.0,-0.07149240393208221,-0.6821192052980133,1.6734693877551021,0.4987154041450778,-0.025248635426143445,0.0,Entertainment,Communication Services,NWS
2014Q2,2014,Q2,2014-02-07,2013-12-31,151000000.0,2238000000.0,-49000000.0,0.26,2238000000.0,1.0,15983000000.0,12769000000.0,5112000000.0,2292000000.0,3092000000.0,277000000.0,177000000.0,10323569999.999998,7887569999.999998,22.053540587219345,2.230366492146597,0.0,0.0,0.014155811383472125,22.053540587219345,0.011825514918944319,4.6128552278820365,17.092003311258278,0.8084869606077217,0.006622516556291391,0.0,9.686571602652959e-05,0.14002377526121504,1.9790575916230366,0.009447538009134705,38.52078358208954,1.0,4.2,1.0667216988667283,0.004981295723350995,0.0,0.08011583011583012,4.592592592592593,0.8985507246376812,1.0667216988667283,0.004981295723350995,0.0,Entertainment,Communication Services,NWS
2014Q1,2014,Q1,2013-11-06,2013-09-30,27000000.0,2072000000.0,-483000000.0,0.05,2072000000.0,1.0,16343000000.0,12841000000.0,5230000000.0,2645000000.0,3384000000.0,275000000.0,27000000.0,9512970000.0,7297970000.0,22.17789291882556,1.9773156899810964,0.0,0.0,0.0032633057853002976,22.17789291882556,0.002102639981309867,4.591201737451738,88.08305555555556,0.7408278171481972,0.4444444444444444,0.0,0.0012614357030454211,0.1267821085480022,1.7761814744801512,0.001652083460808909,-1189.12125,1.0,1.0257341701957297,-0.29008217698391064,-0.04377572982645075,0.0,-0.08196721311475409,1.0240213523131672,-23.15,-0.29008217698391064,-0.04377572982645075,0.0,Entertainment,Communication Services,NWS
2013Q4,2013,Q4,2013-06-30,2013-06-30,-1124000000.0,2257000000.0,-20000000.0,-1.9429419957864917,2257000000.0,1.0,15643000000.0,12578000000.0,4643000000.0,2171000000.0,2947000000.0,301000000.0,0.0,8602356651.02,7329356651.02,21.742281515126773,2.1386457853523724,0.0,0.0,-0.0012121621356706751,21.742281515126773,-0.08936237875655907,3.8114118967744797,-1.913335554052491,0.683920865878518,0.0,0.0,0.0,0.14428178738093717,1.825426070935053,-0.07185322508470242,-358.4315271258333,1.0,-4.479873258957389,0.4932371505861136,0.05763823805060916,0.41024778562619124,0.035321100917431195,-4.479876160990712,-1.8,0.4932371505861136,0.05763823805060916,0.41024778562619124,Entertainment,Communication Services,NWS
2013Q3,2013,Q3,2013-03-31,2013-03-31,323000000.0,2180000000.0,25000000.0,0.558337,2180000000.0,1.0,16954000000.0,12566000000.0,3851000000.0,2493000000.0,4388000000.0,0.0,0.0,18344366469.66,16805366469.66,21.721538362146845,1.5447252306458084,0.0,0.0,0.0019599777270964793,21.721538362146845,0.025704281394238422,8.414847004431193,14.198426060108359,1.4598413552172531,0.02786377708978328,0.0,0.0004906138358544692,0.1285832251975935,1.2041716807059768,0.019051551256340688,55.75795279531915,1.0,-0.769120615836044,9.093750000000002,0.02347417840375597,0.0,-0.06074967686342094,-0.7691208005718371,-0.8538011695906432,9.093750000000002,0.02347417840375597,0.0,Entertainment,Communication Services,NWS
2013Q2,2013,Q2,2012-12-31,2012-12-31,1399000000.0,2321000000.0,171000000.0,2.418306,2321000000.0,1.0,16561000000.0,12437000000.0,3164000000.0,2312000000.0,4124000000.0,0.0,0.0,18344366469.66,17603366469.66,21.49854946761263,1.3685121107266436,0.0,0.0,0.013788384716969259,21.49854946761263,0.11248693414810645,7.903647768056872,3.2781212418977845,1.4749832330674602,0.0,0.0,0.0,0.14014854175472496,1.036764705882353,0.08447557514642835,1222.957764644,1.0,16.206506907458294,18.164383561643834,0.04314606741573045,0.0,0.08813877168307548,16.206521739130434,5.75,18.164383561643834,0.04314606741573045,0.0,Entertainment,Communication Services,NWS
2013Q1,2013,Q1,2012-09-30,2012-09-30,-92000000.0,2133000000.0,-36000000.0,-0.159031,2133000000.0,1.0,13335000000.0,9194000000.0,3126000000.0,2442000000.0,4141000000.0,0.0,0.0,18344366469.66,17334366469.66,15.89271237478737,1.28009828009828,0.0,0.0,-0.002927878933969863,15.89271237478737,-0.01000652599521427,8.600265574149086,-49.84882192842391,1.9952541298303244,-0.11956521739130435,0.0,0.000599639132711018,0.15995500562429696,0.9975429975429976,-0.006899137607799025,-121.48587066,1.0,0.9585211484028286,-3.4210526315789473,-0.014780600461893766,0.0,-0.00046860356138706655,0.9585211902614968,-1.6545454545454545,-3.4210526315789473,-0.014780600461893766,0.0,Entertainment,Communication Services,NWS
2012Q4,2012,Q4,2012-06-30,2012-06-30,-2218000000.0,2134000000.0,55000000.0,-3.834026109123166,2134000000.0,1.0,13090000000.0,8919000000.0,3115000000.0,2467000000.0,4171000000.0,246000000.0,0.0,18344366469.66,17211366469.66,15.417348452330712,1.2626672071341711,0.0,0.0,0.005184651279504964,15.417348452330712,-0.24868258773405091,8.596235459072165,-2.0676698004576193,2.056773906229398,0.0,0.0,0.0,0.16302521008403362,1.0141872719902716,-0.16944232238349885,124.79160863714286,1.0,-70.3125,0.0,0.0,0.0,0.0018779342723004694,-70.3125,0.25,0.0,0.0,0.0,Entertainment,Communication Services,NWS
2012Q3,2012,Q3,2012-03-31,2012-03-31,32000000.0,2130000000.0,44000000.0,0.05531507461313855,2130000000.0,1.0,,,,,,,,18344366469.66,,,0.0,0.0,0.0,0.0,,0.0,8.612378624253521,143.31536304421877,0.0,0.1875,0.0,0.0003270758905696461,0.0,0.0,0.0,73.08512537713148,1.0,-0.5616438356164383,0.0,0.0,0.0,-0.04269662921348315,-0.5616438356164384,-0.6239316239316239,0.0,0.0,0.0,Entertainment,Communication Services,NWS
2012Q2,2012,Q2,2011-12-31,2011-12-31,73000000.0,2225000000.0,117000000.0,0.12618751396122233,2225000000.0,1.0,,,,,,,,18344366469.66,,,0.0,0.0,0.0,0.0,,0.0,8.24465908748764,62.82317284130137,0.0,0.0958904109589041,0.0,0.00038158853899792044,0.0,0.0,0.0,2038.2629410733334,1.0,0.9210424278962707,0.0,0.0,0.0,0.02771362586605081,0.9210526315789473,0.40963855421686746,0.0,0.0,0.0,Entertainment,Communication Services,NWS
2012Q1,2012,Q1,2011-09-30,2011-09-30,38000000.0,2165000000.0,83000000.0,0.065687,2165000000.0,1.0,,,,,,,,18344366469.66,,,0.0,0.0,0.0,0.0,,0.0,8.473148484831409,120.68662151092104,0.0,0.0,0.0,0.0,0.0,0.0,0.0,265.86038361826087,1.0,0.0,0.0,0.0,0.0,0.0,0.0,0.0,0.0,0.0,0.0,Entertainment,Communication Services,NWS
