Quarters,Year,Quarter,FillingDate,Date,NetIncome,Revenue,OperatingIncome,EPSDiluted,GrossProfit,GrossProfitRatio,TotalAssets,CommonStockEquity,CurrentAssets,CurrentLiability,TotalLiability,Inventory,RetainedEarnings,MarketCap,EnterpriseValue,bookValuePerShare,currentRatio,debtToAssets,debtToEquity,roic,shareholdersEquityPerShare,roe,priceToSalesRatio,peRatio,pbRatio,payoutRatio,inventoryTurnover,dividendYield,assetTurnover,quickRatio,returnOnAssets,priceToFreeCashFlowsRatio,grossProfitMargin,epsdilutedGrowth,fiveYNetIncomeGrowthPerShare,fiveYRevenueGrowthPerShare,fiveYShareholdersEquityGrowthPerShare,grossProfitGrowth,netIncomeGrowth,operatingIncomeGrowth,threeYNetIncomeGrowthPerShare,threeYRevenueGrowthPerShare,threeYShareholdersEquityGrowthPerShare,Industry,Sector,Symbol
2023Q1,2023,Q1,2023-05-10,2023-03-31,24234000.0,78724000.0,95461000.0,0.78,78724000.0,1.0,11088867000.0,1241958000.0,1751203000.0,2113801000.0,9846909000.0,0.0,1025552000.0,1041227166.49,3083469166.49,39.92244497435443,0.8284616196131992,0.19941261807901564,1.780462785375995,0.021350807603789976,39.92244497435443,0.01951273714570058,13.226299050988263,10.741387786683998,0.8383755058464134,0.5734505240571098,0.0,0.013346751263556729,0.007099372731226734,0.8284616196131992,0.0021854351756586134,17.215203718234875,1.0,-0.4090909090909091,-0.2527202567529839,0.06925366729310085,0.3883535764204003,-0.13422560459259422,-0.42563932405849314,0.004768019535197036,0.10669513455282043,-0.024464053059730796,0.1278651545878749,Banks—Regional,Financial Services,EGBN
2022Q4,2022,Q4,2023-03-01,2022-12-31,42193000.0,90929000.0,95008000.0,1.32,90929000.0,1.0,11150854000.0,1228321000.0,1876593000.0,975001000.0,9922533000.0,0.0,1015215000.0,1402291138.17,2198426138.17,38.60261610199063,1.9247087951704664,0.09632105307808711,0.8744147498902974,0.032863914626213866,38.60261610199063,0.034350141371840094,15.421825140164305,8.308790191323206,1.1416324708036416,0.3363117104733013,0.0,0.010119154014278412,0.008154442700083779,1.9247087951704664,0.0037838357492618953,25.64541218306511,1.0,0.13793103448275876,1.91107889839218,0.15107702176071222,0.38823303321679736,0.01932627094893784,0.13127061157733866,0.24999013248779717,0.25167826430135876,0.09374087588651464,0.08507185081296548,Banks—Regional,Financial Services,EGBN
2022Q3,2022,Q3,2022-11-09,2022-09-30,37297000.0,89205000.0,76007000.0,1.16,89205000.0,1.0,10713044000.0,1219771000.0,1724119000.0,515000000.0,9493273000.0,0.0,987212000.0,1438004880.0,1979238880.0,38.018046378257075,3.347803883495146,0.05746265953915619,0.5046848957714194,0.030872788780101437,38.018046378257075,0.030577050938249885,16.12022734151673,9.63887765772046,1.178913812510709,0.387108882751964,0.0,0.010040299724156708,0.008326765016553652,3.347803883495146,0.0034814568109680123,98.27136472357002,1.0,1.3673469387755102,0.3298004375942436,0.2070077531272235,0.39105962320429605,0.008171153454939987,0.4788659793814433,0.845322780353978,0.09042447157011581,0.0902223645915452,0.09866131322780029,Banks—Regional,Financial Services,EGBN
2022Q2,2022,Q2,2022-08-09,2022-06-30,25220000.0,88482000.0,41189000.0,0.49,88482000.0,1.0,10936448000.0,1262243000.0,751806000.0,280000000.0,9674205000.0,0.0,973876000.0,1520960210.0,1520637210.0,39.345500451980925,2.6850214285714284,0.034942423719291675,0.3027515304105469,0.01630445960285737,39.345500451980925,0.019980304901671072,17.189487240342668,15.076925158604281,1.204966246594356,0.5742664551942902,0.0,0.00952227409026039,0.008090561030418652,7.634725,0.0023060503739422526,24.18329877728841,1.0,-0.6549295774647887,-0.033930266118525246,0.22690581925333603,0.48758608362309286,0.006563904214777316,-0.44867086393844,-0.3903345174659562,-0.2709173350034652,0.08639100310103573,0.14723975725402708,Banks—Regional,Financial Services,EGBN
2022Q1,2022,Q1,2022-05-10,2022-03-31,45744000.0,87905000.0,67560000.0,1.42,87905000.0,1.0,11212943000.0,1265274000.0,2470656000.0,150000000.0,9947669000.0,0.0,963140000.0,1826201330.0,1384814330.0,39.49907907470421,16.47104,0.02261993127049696,0.2004593471453614,0.033341629117940544,39.49907907470421,0.03615343395975892,20.774715090154142,9.980551165180133,1.443324789729339,0.27686691150752013,0.0,0.006935160867504133,0.007839601075293079,16.465593333333334,0.004079571259748668,30.143791657725764,1.0,0.09230769230769222,0.8008001508872595,0.2813667393460311,0.5414092111374358,-0.009632717440288418,0.09908697741470447,0.04680890624273695,0.4589909435754523,0.08377444318897036,0.18587111035104156,Banks—Regional,Financial Services,EGBN
2021Q4,2021,Q4,2022-03-01,2021-12-31,41620000.0,88760000.0,64539000.0,1.3,88760000.0,1.0,11847310000.0,1350775000.0,9072997000.0,300000000.0,10496535000.0,0.0,930061000.0,1863981668.8000002,575321668.8000002,42.27735434261691,30.243323333333333,0.03419940897975996,0.2999544705817031,0.026540575193294367,42.27735434261691,0.03081194129296145,21.00024412798558,11.196430014416148,1.3799349771797673,0.3069918308505526,0.0,0.00685468114513466,0.007491996073370242,14.390796666666667,0.0035130337604063707,129.0220577836229,1.0,-0.04411764705882357,0.7045276709685208,0.2626385188494407,0.6880343791595516,0.016211760395676865,-0.04560985117750923,0.0,0.10982340216690886,0.0868205517823497,0.30952738423332243,Banks—Regional,Financial Services,EGBN
2021Q3,2021,Q3,2021-11-09,2021-09-30,43609000.0,87344000.0,0.0,1.36,87344000.0,1.0,11585317000.0,1331697000.0,9648182000.0,300000000.0,10253620000.0,0.0,901218000.0,1837663027.5,-219902972.5,41.66845409311583,32.160606666666666,0.0348703449374756,0.303360298926858,0.0,41.66845409311583,0.032746938680495635,21.039373368519875,10.534884011901212,1.3799408029754516,0.2932422206425279,0.0,0.006958838377130053,0.007539198107397493,14.160696666666666,0.0037641611360310643,16.36926705593116,1.0,-0.09333333333333327,0.8690325578400366,0.2905543190266184,0.7160177459818128,-0.0859487007754534,-0.09134665472048006,0.0,0.20197931377605174,0.07860996497076601,0.34657229565009356,Banks—Regional,Financial Services,EGBN
2021Q2,2021,Q2,2021-08-09,2021-06-30,47993000.0,95557000.0,0.0,1.5,95557000.0,1.0,10960718000.0,1306336000.0,9129532000.0,300000000.0,9654382000.0,0.0,870397000.0,1794298274.6399999,768357274.6399999,40.828954647854424,30.431773333333332,0.05017326419674332,0.42097515493716775,0.0,40.828954647854424,0.03673863385836416,18.77725624119635,9.346666569291354,1.373535043541631,0.23324234784239367,0.0,0.006238650595729919,0.008718133246380393,10.856356666666667,0.004378636509031616,18.183366856239484,1.0,0.10294117647058816,1.0866519786660287,0.4050179608777921,0.7389297432943539,0.024871833372659215,0.10407416779774092,0.0,0.37973348445154026,0.22317851904233899,0.3689912334909371,Banks—Regional,Financial Services,EGBN
2021Q1,2021,Q1,2021-05-10,2021-03-31,43469000.0,93238000.0,0.0,1.36,93238000.0,1.0,11127864000.0,1260833000.0,9607826000.0,300000000.0,9867031000.0,0.0,833598000.0,1695784342.55,529811342.54999995,39.56217913246943,32.026086666666664,0.04956144323834295,0.43741954723583537,0.0,39.56217913246943,0.03447641360909811,18.1876953876102,9.752837324012514,1.3449714137796203,0.18247486714670225,0.0,0.00467748156470912,0.008378786800413807,10.288643333333333,0.003906320206645228,191.39778132618508,1.0,0.12396694214876045,0.9603224964051997,0.4236835799667788,0.7391364718200287,0.021181985455182687,0.11768487092461175,0.0,0.3084290321557313,0.23617216732550889,0.37582487557644034,Banks—Regional,Financial Services,EGBN
2020Q4,2020,Q4,2021-03-01,2020-12-31,38892000.0,91304000.0,0.0,1.21,91304000.0,1.0,11117802000.0,1240892000.0,9822815000.0,300000000.0,9876910000.0,0.0,798061000.0,1323132188.6999998,158376188.6999998,38.732970173110864,32.74271666666667,0.05361662314187642,0.4803794367277732,0.0,38.732970173110864,0.03134197013116371,14.491502986725662,8.505169370950323,1.0662750575392541,0.18127121258870718,0.0,0.005328265807611215,0.00821241464814718,9.70646,0.0034981734698998957,57.39273829704172,1.0,-0.05468750000000005,0.8177430251771998,0.38077780172017944,0.754829658673205,-0.057575194566586156,-0.0593527789870846,0.0,1.6651140780017137,0.14797843414514622,0.3929208457491214,Banks—Regional,Financial Services,EGBN
2020Q3,2020,Q3,2020-11-09,2020-09-30,41346000.0,96882000.0,0.0,1.28,96882000.0,1.0,10106294000.0,1223402000.0,8984175000.0,300000000.0,8882892000.0,0.0,766219000.0,863423536.38,635582536.38,37.95928440567258,29.94725,0.05921428765084412,0.4891581017523267,0.0,37.95928440567258,0.03379592317161489,8.912115113024091,5.2207198784646645,0.7057561916524576,0.17172156919653656,0.0,0.00822307905777916,0.009586303347201258,6.012826666666666,0.004091113913765026,13.973968025830258,1.0,0.4222222222222222,0.9964159165234452,0.5403167468876239,0.6129335128763388,0.03221888384580963,0.4328389243138342,0.0,0.46751790753673383,0.3049723085726134,0.38890955461242643,Banks—Regional,Financial Services,EGBN
2020Q2,2020,Q2,2020-08-10,2020-06-30,28856000.0,93858000.0,0.0,0.9,93858000.0,1.0,9799670000.0,1187895000.0,8884287000.0,300000000.0,8611775000.0,0.0,731973000.0,1055358761.25,1039801761.25,36.86287798844954,29.61429,0.060718269084571216,0.5009020157505504,0.0,36.86287798844954,0.02429170928406972,11.244206793773573,9.143321677034239,0.8884276482769942,0.241024397005822,0.0,0.006590176019159854,0.009577669452134613,4.6099,0.0029445889504442495,109.37493639237226,1.0,0.2857142857142858,0.4270377935015095,0.5237050071518426,0.6077426461034064,0.10143873072499823,0.24793495653678155,0.0,0.10042032942565965,0.29564693830959266,0.39372237404474814,Banks—Regional,Financial Services,EGBN
2020Q1,2020,Q1,2020-05-11,2020-03-31,23123000.0,85214000.0,0.0,0.7,85214000.0,1.0,9992219000.0,1162778000.0,8989266000.0,300000000.0,8829441000.0,0.0,710072000.0,992401883.52,677090883.52,35.3964698811377,29.96422,0.059649012896935104,0.5125879574604955,0.0,35.3964698811377,0.019885997155088934,11.645995769709202,10.729596976170912,0.8534749397735423,0.3124594559529473,0.0,0.007280316694254232,0.008528035664550586,5.900843333333333,0.002314100601678166,27.796036286026382,1.0,-0.33962264150943405,0.1267349717004649,0.26646239897752144,0.48371392299905197,-0.02550203558849092,-0.34783957581227437,0.0,-0.11236111607280966,0.21124383465941562,0.3813092860556278,Banks—Regional,Financial Services,EGBN
2019Q4,2019,Q4,2020-03-02,2019-12-31,35456000.0,87444000.0,0.0,1.06,87444000.0,1.0,8988719000.0,1190681000.0,7998625000.0,250000000.0,7798038000.0,0.0,705105000.0,1627576656.3600001,1922236656.3600001,35.576092102166776,31.9945,0.05536339493981289,0.41795073575542063,0.0,35.576092102166776,0.029777917007158088,18.612788257170305,11.476031252538357,1.3669292248385587,0.20887861010830325,0.0,0.004550323311077204,0.009728193750410933,4.185396,0.003944499766874457,41.020658224160094,1.0,-0.009345794392523372,1.0701200281841625,0.316182994476973,0.6492727139255473,0.0016150647744063778,-0.028469653377174955,0.0,0.38621230032338133,0.1874895200231973,0.4204688888033877,Banks—Regional,Financial Services,EGBN
2019Q3,2019,Q3,2019-11-12,2019-09-30,36495000.0,87303000.0,0.0,1.07,87303000.0,1.0,9003467000.0,1184594000.0,8148940000.0,100000000.0,7818873000.0,0.0,677055000.0,1527471551.8,1506835551.8,34.60397296284363,81.4894,0.03856014577495536,0.2930750957712094,0.0,34.60397296284363,0.030808023677310538,17.496209200142033,10.463567281819428,1.2894473142696992,0.20076722838745034,0.0,0.0047968160136047915,0.009696597988308282,10.76356,0.004053438525403603,36.9284517999178,1.0,-0.009259259259259267,0.9511721435671154,0.33121728403928014,1.0158394678302098,-0.004401920423314213,-0.02008431114571866,0.0,0.4602545736506367,0.2042782636610184,0.4250836268851413,Banks—Regional,Financial Services,EGBN
2019Q2,2019,Q2,2019-08-09,2019-06-30,37243000.0,87689000.0,0.0,1.08,87689000.0,1.0,8670003000.0,1184582000.0,7776051000.0,225000000.0,7485421000.0,0.0,647887000.0,1897981352.4,2193411352.4,34.295795803098954,34.560226666666665,0.054688562391500904,0.40026777378011824,0.0,34.295795803098954,0.03143978213411988,21.64446341502355,12.740524074322693,1.6022372046848594,0.0,0.0,0.0,0.01011406801127981,4.1069466666666665,0.00429561558398538,86.36216737498295,1.0,0.10204081632653071,1.1643048657826816,0.4392229216900092,1.0876689560214616,0.0043638612727356025,0.10352899345165782,0.0,0.49995824824064744,0.19433697300189418,0.460678577404931,Banks—Regional,Financial Services,EGBN
2019Q1,2019,Q1,2019-05-10,2019-03-31,33749000.0,87308000.0,0.0,0.98,87308000.0,1.0,8388406000.0,1148488000.0,7465985000.0,250000000.0,7239918000.0,0.0,618243000.0,1779897450.6399999,2173356450.64,33.30807094458326,29.86394,0.059623485081671056,0.43548212954771837,0.0,33.30807094458326,0.029385592187293207,20.386418777660694,13.184816221517675,1.5497745301997061,0.0,0.0,0.0,0.010408175283838193,3.515664,0.004023291195013689,66.34476854927686,1.0,-0.16239316239316237,1.030372872013596,0.4763083343803702,1.1044001270699224,-0.005614970216740128,-0.1629089465982092,0.0,0.40672486729960144,0.23218224928711398,0.46420855109449005,Banks—Regional,Financial Services,EGBN
2018Q4,2018,Q4,2019-03-01,2018-12-31,40317000.0,87801000.0,0.0,1.17,87801000.0,1.0,8389137000.0,1108941000.0,7482381000.0,0.0,7280196000.0,0.0,584494000.0,1673144125.19,1580510125.19,32.284437005010524,0.0,0.025902068353395587,0.19594910820323172,0.0,32.284437005010524,0.036356307504186426,19.056094181045776,10.374929466416152,1.5087765040610819,0.0,0.0,0.0,0.010466034825751445,0.0,0.004805857861184053,29.46246852717956,1.0,0.03539823008849561,1.5263443892044017,0.5351237736036856,1.1176657197656168,0.01000793732960624,0.035149430009243095,0.0,0.7575123216631859,0.23842985897650396,0.46267346182734087,Banks—Regional,Financial Services,EGBN
2018Q3,2018,Q3,2018-11-09,2018-09-30,38948000.0,86931000.0,0.0,1.13,86931000.0,1.0,8057855000.0,1061651000.0,7211243000.0,325000000.0,6996204000.0,0.0,544177000.0,1731559281.48,2106564281.48,30.944089840344795,22.18844,0.06728813065015442,0.5107120890009994,0.0,30.944089840344795,0.03668625565275217,19.91877789833316,11.11455839503954,1.6310061229914539,0.0,0.0,0.0,0.010788354965434349,2.738052307692308,0.004833544411012608,32.042770618997395,1.0,0.04629629629629613,1.4896580970964515,0.5577855512242766,1.0881216786109247,0.03782099495003761,0.044294294294294295,0.0,0.7666470570431809,0.2983408651931306,0.31484985321508774,Banks—Regional,Financial Services,EGBN
2018Q2,2018,Q2,2018-08-09,2018-06-30,37296000.0,83763000.0,0.0,1.08,83763000.0,1.0,7880017000.0,1023137000.0,7097200000.0,300000000.0,6856880000.0,0.0,505229000.0,2102938980.8999999,2363498980.8999996,29.824116947586514,23.657333333333334,0.0656216858415407,0.5054064118490486,0.0,29.824116947586514,0.03645259627987259,25.105822151785393,14.096276952622265,2.055383571212848,0.0,0.0,0.0,0.010629799402717025,3.04494,0.004732984713104045,46.933268928961986,1.0,0.03846153846153849,1.3970913085283094,0.4990527966363275,1.078393935749228,0.033039810566819594,0.044267114657706844,0.0,0.7325437918156104,0.27733390808547415,0.30075315101643685,Banks—Regional,Financial Services,EGBN
2018Q1,2018,Q1,2018-05-10,2018-03-31,35715000.0,81084000.0,0.0,1.04,81084000.0,1.0,7698060000.0,985180000.0,6992838000.0,275000000.0,6712880000.0,0.0,467933000.0,2050513787.7,2367215787.7,28.75524337055888,25.428501818181818,0.06391259616059111,0.4994041697963824,0.0,28.75524337055888,0.0362522584705333,25.288759652952493,14.353309447711045,2.0813595360238737,0.0,0.0,0.0,0.010533043390152843,2.7404290909090907,0.004639480596410004,245.92393711921324,1.0,1.3111111111111113,1.298789513835538,0.4170288667734725,1.0278768959877544,-0.04442925495557074,1.2939816301625024,0.0,0.6686550416759118,0.1554597692224844,0.20533361353245466,Banks—Regional,Financial Services,EGBN
2017Q4,2017,Q4,2018-03-01,2017-12-31,15569000.0,84854000.0,0.0,0.45,84854000.0,1.0,7479029000.0,950438000.0,6761558000.0,325000000.0,6528591000.0,0.0,431544000.0,1979010014.7,2346209014.7,27.807014512931662,20.804793846153846,0.07245659830975384,0.5701634404348311,0.0,27.807014512931662,0.016380868610051367,23.322530637330004,31.77805277635044,2.082208428850698,0.0,0.0,0.0,0.01134559045031113,2.350689230769231,0.002081687342033304,45.73207964828766,1.0,-0.48275862068965514,-0.0027084969121030948,0.3586903756014896,0.7740339897786219,0.07792174796747968,-0.47884448014996317,0.0,-0.10990930365915606,0.25062277674885153,0.2891059018007399,Banks—Regional,Financial Services,EGBN
2017Q3,2017,Q3,2017-11-09,2017-09-30,29874000.0,78720000.0,0.0,0.87,78720000.0,1.0,7393656000.0,933982000.0,6710934000.0,200000000.0,6459674000.0,0.0,415975000.0,2291359525.65,2267764525.65,27.330278116104594,33.55467,0.05637359920450721,0.4462687717750449,0.0,27.330278116104594,0.0319856271320004,29.10771755144817,19.17519854765013,2.4533230037088507,0.0,0.0,0.0,0.010646965452544722,4.98214,0.004040490928980196,37.557114008359285,1.0,0.074074074074074,1.092425166996393,0.3788478244163853,0.9510416096432356,0.02605544766100546,0.07568774305055452,0.0,0.599943715946264,0.20241386306775724,0.5921135226980173,Banks—Regional,Financial Services,EGBN
2017Q2,2017,Q2,2017-08-09,2017-06-30,27772000.0,76721000.0,0.0,0.81,76721000.0,1.0,7244527000.0,902675000.0,6619641000.0,145000000.0,6341852000.0,0.0,386100000.0,2160340253.4,2081766253.4,26.449225954139692,45.65269655172414,0.04992872550547468,0.4007090037942781,0.0,26.449225954139692,0.030766333397956074,28.158395398912944,19.447107278914014,2.3932647446755477,0.0,0.0,0.0,0.010590201403072968,6.468662068965517,0.003833514596605134,-210.72378593445183,1.0,0.025316455696202552,1.3344657917370166,0.41567692537814244,1.0344951080466822,0.05149114631873253,0.02794536773142836,0.0,0.6333781134720877,0.27439189630085464,0.6100290616456595,Banks—Regional,Financial Services,EGBN
2017Q1,2017,Q1,2017-05-10,2017-03-31,27017000.0,72964000.0,0.0,0.79,72964000.0,1.0,7090163000.0,873042000.0,6462760000.0,75000000.0,6217121000.0,0.0,358328000.0,2033950821.6000001,1849602821.6000001,25.62530364377223,86.17013333333334,0.04112909674996188,0.33401829465249094,0.0,25.62530364377223,0.03094581933057058,27.876087133380846,18.8210277010771,2.329728491412784,0.0,0.0,0.0,0.01029087765683243,13.010226666666666,0.0038104906756022392,33.484530260276905,1.0,0.05333333333333338,1.298269512723002,0.37396377574392065,1.0538681613224337,-0.014519374924026527,0.05055021969903177,0.0,0.6449885518332426,0.24865520068431277,0.6190037643993116,Banks—Regional,Financial Services,EGBN
2016Q4,2016,Q4,2017-03-01,2016-12-31,25717000.0,74039000.0,0.0,0.75,74039000.0,1.0,6890096000.0,842799000.0,6223908000.0,0.0,6047297000.0,0.0,331311000.0,2051026194.8500001,1901774194.8500001,25.04531593939823,0.0,0.031423945326741455,0.2568987386079006,0.0,25.04531593939823,0.030513799850260856,27.70197051351315,19.938427838103202,2.433588785523001,0.0,0.0,0.0,0.010745713847818666,0.0,0.003732458880108492,41.28973295587229,1.0,0.041666666666666706,1.3566042033401602,0.5146418612631269,1.07735538134774,0.04085304992057132,0.04868898585001835,0.0,0.6449108881165773,0.32136319443388045,0.642822732121103,Banks—Regional,Financial Services,EGBN
2016Q3,2016,Q3,2016-11-09,2016-09-30,24523000.0,71133000.0,0.0,0.72,71133000.0,1.0,6762132000.0,815639000.0,6204400000.0,50000000.0,5946493000.0,0.0,305594000.0,1657003727.3899999,1409657727.3899999,24.282064792561563,124.088,0.03939866894050575,0.32663837800791773,0.0,24.282064792561563,0.03006599733460514,23.294444595194914,16.892343181808915,2.0315405803180084,0.0,0.0,0.0,0.010519315505819762,18.88866,0.003626518973601817,104.52963205841533,1.0,0.014084507042253534,1.4568891714549195,0.6021122317738673,1.0531729563617518,-0.003697634354384638,0.015655415199834335,0.0,0.601105084302711,0.30195451215511876,0.6385651074692562,Banks—Regional,Financial Services,EGBN
2016Q2,2016,Q2,2016-08-09,2016-06-30,24145000.0,71397000.0,0.0,0.71,71397000.0,1.0,6365320000.0,788628000.0,5829578000.0,50000000.0,5576692000.0,0.0,281071000.0,1615925463.51,1493860463.51,23.4793583842583,116.59156,0.01869332570868393,0.15088102375264384,0.0,23.4793583842583,0.030616463021855677,22.63296025757385,16.731470941292194,2.049033845501301,0.0,0.0,0.0,0.011216560989863825,13.01132,0.0037932107105377263,193.6167581488138,1.0,0.0441176470588234,1.7554834245339586,0.7308502960645508,1.386156235740754,0.03654181184668989,0.03528856873338479,0.0,0.585001800721275,0.3050432313408598,0.6362380876820658,Banks—Regional,Financial Services,EGBN
2016Q1,2016,Q1,2016-05-10,2016-03-31,23322000.0,68880000.0,0.0,0.68,68880000.0,1.0,6131222000.0,762496000.0,5517406000.0,0.0,5368726000.0,0.0,256926000.0,1608911904.0,1490877904.0,22.748174035512637,0.0,0.011247023839619574,0.09043719573610878,0.0,22.748174035512637,0.030586389961389963,23.35818675958188,17.246718806277336,2.1100594678529463,0.0,0.0,0.0,0.011234302068983964,0.0,0.0038038094200470965,45.29339293958674,1.0,0.04615384615384619,1.9381851880065317,0.8236777360312809,1.3480678036176912,-0.0027219551746105286,0.04358331841775551,0.0,0.5343408771940463,0.23039393728418814,0.6042464310962989,Banks—Regional,Financial Services,EGBN
2015Q4,2015,Q4,2016-02-29,2015-12-31,22348000.0,69068000.0,0.0,0.65,69068000.0,1.0,6076649000.0,738601000.0,5461984000.0,0.0,5338048000.0,0.0,233604000.0,1688874430.3899999,1464302430.3899999,22.072210816402638,0.0,0.01151950688611437,0.09477376824564278,0.0,22.072210816402638,0.030257202467908924,24.452343058869516,18.892903508032038,2.286585626596769,0.0027295507427957757,0.0,3.611873026339424e-05,0.011366132880144961,0.0,0.0036776848555840564,268.28823358061953,1.0,0.03174603174603177,1.8665183438871815,0.793197262934061,1.3384251056609866,0.05958517427589593,0.041233751106555465,0.0,0.4621954742430894,0.12961495175251092,0.40816455501354587,Banks—Regional,Financial Services,EGBN
2015Q3,2015,Q3,2015-11-09,2015-09-30,21463000.0,65184000.0,0.0,0.63,65184000.0,1.0,5888958000.0,786069000.0,5238064000.0,0.0,5102889000.0,0.0,211318000.0,1519744271.5,1287765271.5,23.534314404553424,0.0,0.011886652952865345,0.08905070674457331,0.0,23.534314404553424,0.02730421884083967,23.314682613831614,17.701908767413688,1.9333471635441672,0.008433117457950893,0.0,0.00011909898487154786,0.01106885122970821,0.0,0.003644617604676413,11.585800976572923,1.0,0.03278688524590167,1.9475979902288363,0.9365064532805251,1.543281920997124,0.021965100418606838,0.025074028082911454,0.0,0.5380920264826422,0.16817416433001414,0.6800570584261,Banks—Regional,Financial Services,EGBN
2015Q2,2015,Q2,2015-08-10,2015-06-30,20938000.0,63783000.0,0.0,0.61,63783000.0,1.0,5753803000.0,765061000.0,5202952000.0,0.0,4988742000.0,0.0,190035000.0,1466834244.96,1150264244.96,22.92834495482967,0.0,0.012869748929534084,0.09678966775198318,0.0,22.92834495482967,0.027367752375300793,22.997260162739288,17.514020500525362,1.9172775046172787,0.009265450377304422,0.0,0.00013225761579168088,0.011085363888892268,0.0,0.003638984511635174,-28.82815622341889,1.0,0.0,2.9330261692503994,1.0021739090470363,1.517849100519919,0.001853451661038247,0.07827788649706457,0.0,0.800158080798204,0.2037877839820878,0.7636661929952152,Banks—Regional,Financial Services,EGBN
2015Q1,2015,Q1,2015-05-11,2015-03-31,19418000.0,63665000.0,0.0,0.61,63665000.0,1.0,5500340000.0,741530000.0,5039007000.0,0.0,4758810000.0,0.0,169291000.0,1193576256.0,859915256.0,23.85666760448693,0.0,0.014417290567492191,0.10694105430663628,0.0,23.85666760448693,0.02618639839251278,18.747761815754338,15.36687939025646,1.6096129030517983,0.008445771964156967,0.0,0.00013740219711609277,0.011574739016133548,0.0,0.0035303272161357297,162.54613318807026,1.0,0.24489795918367346,2.97383875823896,1.3952763041992127,1.673686579909205,0.11446626754892693,0.31853059007265566,0.0,0.8105707521960741,0.31405808317624906,0.9121119776473842,Banks—Regional,Financial Services,EGBN
2014Q4,2014,Q4,2015-03-02,2014-12-31,14727000.0,57126000.0,0.0,0.49,57126000.0,1.0,5247880000.0,620759000.0,4736530000.0,100000000.0,4627121000.0,0.0,150037000.0,1022186674.5600001,988977674.5600001,21.570775895206364,47.3653,0.04178830308619862,0.35327719775307326,0.0,21.570775895206364,0.023724182814908845,17.893545400693206,17.352255628437565,1.646672339120335,0.012222448563862294,0.0,0.00017609308013869478,0.01088553854127762,6.34852,0.0028062760581415735,54.86777641223833,1.0,-0.057692307692307744,2.7405916493342724,1.3782638465384942,1.470697045308835,0.15649040408130213,0.045357751277683135,0.0,0.578050397652254,0.3665435158985107,0.7891635902769019,Banks—Regional,Financial Services,EGBN
2014Q3,2014,Q3,2014-11-07,2014-09-30,14088000.0,49396000.0,0.0,0.52,49396000.0,1.0,4169181000.0,442614000.0,3765544000.0,0.0,3726567000.0,0.0,135490000.0,820456012.34,730368012.34,17.166036043579563,0.0,0.026216180108275464,0.24694203075365895,0.0,17.166036043579563,0.03182908809933712,16.609766222771075,14.55948346713515,1.853660327825148,0.010718341851220897,0.0,0.00018404399227855866,0.011847890508951279,0.0,0.0033790809274051666,49.232283968796885,1.0,0.08333333333333341,1.7940066593365598,0.6276016122382657,0.1944312490931716,0.07778577818507124,0.08838071693448703,0.0,0.8387325082505526,0.4493418616203766,0.4514762757492253,Banks—Regional,Financial Services,EGBN
2014Q2,2014,Q2,2014-08-11,2014-06-30,12944000.0,45831000.0,0.0,0.48,45831000.0,1.0,3914444000.0,426821000.0,3514278000.0,0.0,3487623000.0,0.0,121553000.0,876880282.5,810178282.5,16.42779412137141,0.0,0.010039739998835083,0.09207606935928644,0.0,16.42779412137141,0.030326530325358873,19.132907475289652,16.936037594638442,2.0544450308208826,0.010970333745364647,0.0,0.00016193772722903027,0.011708176180320884,0.0,0.0033067275965628835,317.36528501628663,1.0,0.02127659574468087,1.6356947952932195,0.41994897698351685,0.5862511879835456,0.030604902181245782,0.03560284822785823,0.0,0.9096709321611363,0.43634351021434137,0.6695210635933214,Banks—Regional,Financial Services,EGBN
2014Q1,2014,Q1,2014-05-12,2014-03-31,12499000.0,44470000.0,0.0,0.47,44470000.0,1.0,3803952000.0,410382000.0,3395499000.0,0.0,3393570000.0,0.0,108751000.0,935996756.8000001,752813756.8000001,15.827822150419657,0.0,0.010331360648083888,0.09576443411260728,0.0,15.827822150419657,0.030456988854286982,21.047824528895887,18.72143285062805,2.2807938866714426,0.011280902472197776,0.0,0.00015064154760755042,0.011690473486521386,0.0,0.0032857933012824555,57.68144184384052,1.0,0.04444444444444436,2.256524825306212,0.614075510123184,0.5350782986741586,0.03375331256683249,0.04132300258268766,0.0,1.035694145480321,0.5221097669281939,0.633748692742046,Banks—Regional,Financial Services,EGBN
2013Q4,2013,Q4,2014-03-14,2013-12-31,12003000.0,43018000.0,0.0,0.45,43018000.0,1.0,3771503000.0,393863000.0,3373123000.0,0.0,3377640000.0,0.0,96393000.0,791327704.02,529362704.02,15.24529424246607,0.0,0.010420248903421261,0.09978088827841153,0.0,15.24529424246607,0.030475063664269046,18.39526951555163,16.481873365408646,2.0091445604689953,0.011747063234191453,0.0,0.00017818155396773062,0.01140606278186707,0.0,0.0031825508292052268,22.905829855559094,1.0,0.02272727272727275,2.920804322326111,0.6113382270076638,0.5009929198005186,0.025727842819332842,0.020923705026792548,0.0,0.9941625263695039,0.4466253937552534,0.6151521520118317,Banks—Regional,Financial Services,EGBN
2013Q3,2013,Q3,2013-11-07,2013-09-30,11757000.0,41939000.0,0.0,0.44,41939000.0,1.0,3504928000.0,382100000.0,3129182000.0,0.0,3122828000.0,0.0,84534000.0,729437479.23,552202479.23,14.819102812499722,0.0,0.011212783828940281,0.1028526563726773,0.0,14.819102812499722,0.030769432085841403,17.392820029805193,15.51070594603215,1.9090224528395707,0.01207791103172578,0.0,0.00019467055648127147,0.011965723689616448,0.0,0.003354419834016562,9.640737480241073,1.0,0.0,1.2798768878115574,0.5184110927265094,0.665423610940218,0.000238498413985547,0.00702355460385439,0.0,1.0915985696418422,0.613986894427382,0.6014554586360106,Banks—Regional,Financial Services,EGBN
2013Q2,2013,Q2,2013-08-08,2013-06-30,11675000.0,41929000.0,0.0,0.44,41929000.0,1.0,3410568000.0,369390000.0,3054393000.0,0.0,3041178000.0,0.0,72916000.0,590783145.75,449469145.75,14.349597751706003,0.0,0.01152300731139212,0.10639161861447251,0.0,14.349597751706003,0.03160616150951569,14.090084327076726,12.650602692719486,1.5993479675952245,0.012162740899357602,0.0,0.00024035892191834758,0.012293846655454459,0.0,0.003423183469732901,15.781993528610354,1.0,0.00833249305625585,1.9091178566974152,0.8978069789665037,1.0274695300224368,-0.016213045518535897,0.008900795022468027,0.0,1.842670218001267,0.706040394073099,0.5757841162602143,Banks—Regional,Financial Services,EGBN
2013Q1,2013,Q1,2013-05-08,2013-03-31,11572000.0,42620000.0,0.0,0.436364,42620000.0,1.0,3324865000.0,361852000.0,2986681000.0,0.0,2963013000.0,0.0,117577000.0,495059326.79999995,269279326.79999995,14.179974843370632,0.0,0.011820028783123526,0.10860793915744558,0.0,14.179974843370632,0.031979925494401026,11.615657597372124,10.695198038368476,1.3681265456595513,0.012184583477359142,0.0,0.0002848143492445762,0.012818565565819966,0.0,0.003480442063061207,4.683715177202974,1.0,0.11628025960006029,2.2276716380051393,1.0572783937793093,0.9947115251749103,0.044684658185650906,0.13473230045106885,0.0,1.8845468620912562,0.9531326923324744,0.5891912932147992,Banks—Regional,Financial Services,EGBN
2012Q4,2012,Q4,2013-03-18,2012-12-31,10198000.0,40797000.0,0.0,0.390909,40797000.0,1.0,3409441000.0,349976000.0,3090575000.0,0.0,3059465000.0,0.0,106146000.0,405349954.3275,113167954.32749999,15.674454194872355,0.0,0.011526816272814223,0.11229341440555923,0.0,15.674454194872355,0.02913914096966649,9.935778472130304,9.936996330836928,1.1582221475972638,0.013728181996469895,0.0,0.0003453805742553208,0.011965891182748139,0.0,0.002991106166670724,-17.441158053762745,1.0,-0.02272750000000004,1.3478830298962825,0.987565856841457,1.2693516341901885,0.05451302729528536,0.05405684754521964,0.0,2.3385081649384554,1.1891013501016776,0.7953377223999625,Banks—Regional,Financial Services,EGBN
2012Q3,2012,Q3,2012-11-07,2012-09-30,9675000.0,38688000.0,0.0,0.4,38688000.0,1.0,2976188000.0,324399000.0,2661458000.0,10000000.0,2651789000.0,0.0,96088000.0,362527693.725,358295693.725,14.00804471879109,266.1458,0.016564813781925068,0.15197334147145952,0.0,14.00804471879109,0.029824382935829025,9.370546260468362,9.367640664728683,1.1175364095604488,0.014780361757105943,0.0,0.0003944526238276143,0.012999178815316774,5.3532,0.0032508027046678502,-6.629380885526196,1.0,0.18918790358064486,1.808418670829366,1.10341364569994,1.1169255190471894,0.09118601043576365,0.2430939226519337,0.0,1.1363982174494887,0.4193377307137351,-0.025305183541391052,Banks—Regional,Financial Services,EGBN
2012Q2,2012,Q2,2012-08-08,2012-06-30,7783000.0,35455000.0,0.0,0.336364,35455000.0,1.0,2962897000.0,290270000.0,2606352000.0,0.0,2672627000.0,0.0,86556000.0,319693834.36899996,239356834.36899996,13.000388081313,0.0,0.016639120428418537,0.1698418713611465,0.0,13.000388081313,0.026812967237399662,9.01688998361303,10.2689783621033,1.1013671215385674,0.01824489271489143,0.0,0.0004441749722207637,0.011966328900397146,0.0,0.0026268209796020585,-201.95441210928615,1.0,0.027778032407195265,1.0084789501547093,0.9265197923300165,0.9493224089430485,0.028217620787657327,0.019651513166513822,0.0,0.8441419050398395,0.27823759573189816,0.25530432667172587,Banks—Regional,Financial Services,EGBN
2012Q1,2012,Q1,2012-05-10,2012-03-31,7633000.0,34482000.0,0.0,0.327273,34482000.0,1.0,2815549000.0,276008000.0,2453598000.0,0.0,2539541000.0,0.0,78911000.0,336657659.5644,262793659.56440002,12.476605911877394,0.0,0.01750990659370517,0.17861801107214284,0.0,12.476605911877394,0.027654995507376597,9.763286919679834,11.026387382562557,1.219738774109446,0.018472422376522992,0.0,0.00041882308628426676,0.012246989841057642,0.0,0.0027110165726115937,3.7690340516826764,1.0,0.009192507870922656,1.3194388307678724,0.9654361080748126,0.8945771318706052,0.0730356309320056,0.06398104265402843,0.0,1.330860687458074,0.4668682068573935,0.21005699927736998,Banks—Regional,Financial Services,EGBN
2011Q4,2011,Q4,2012-03-15,2011-12-31,7174000.0,32135000.0,0.0,0.3242919437545594,32135000.0,1.0,2831255000.0,266711000.0,2500979000.0,0.0,2564544000.0,0.0,71423000.0,292413575.5644,131087575.56440002,12.056346335478434,0.0,0.017412772780975222,0.1848442696401723,0.0,12.056346335478434,0.026898028202811283,9.099535570698615,10.190046541831613,1.0963686370805852,0.019514914970727628,0.0,0.00047877394108594305,0.011350090330966303,0.0,0.0025338586598522565,-4.505116174902553,1.0,0.15071409120268886,0.7046476128411387,0.7611508057956584,0.8695270106200036,0.11243812095406239,0.10471204188481675,0.0,1.736723337261159,0.4057204421754649,0.1870213982363111,Banks—Regional,Financial Services,EGBN
2011Q3,2011,Q3,2011-11-09,2011-09-30,6494000.0,28887000.0,0.0,0.281818,28887000.0,1.0,3219746000.0,258462000.0,2912173000.0,0.0,2961284000.0,0.0,64389000.0,233840860.2,-441621139.8,11.826604630322857,0.0,0.015311766828811963,0.19074370700528512,0.0,11.826604630322857,0.025125550371041003,8.095020604424136,9.002188951339697,0.9047398077860576,0.04835232522328303,0.0,0.0013427935551188158,0.008971825727867975,0.0,0.0020169292857262653,-3.4274952026383287,1.0,0.291664756946036,0.7977571996632606,0.6117568275802676,0.9275067833913117,0.06645254180972422,0.1286061870003476,0.0,0.4857497517878187,0.23393488563084414,0.32911599560406674,Banks—Regional,Financial Services,EGBN
2011Q2,2011,Q2,2011-08-09,2011-06-30,5754000.0,27087000.0,0.0,0.218182,27087000.0,1.0,2353716000.0,217027000.0,2089232000.0,0.0,2136689000.0,0.0,58209000.0,266676684.8547,271824684.85469997,9.839824414083017,0.0,0.02094560261305952,0.2271606758606072,0.0,9.839824414083017,0.026512830200850584,9.845190861103113,11.586578243600105,1.2287719263257568,0.05005213764337852,0.0,0.0010799594278626872,0.011508185354562743,0.0,0.00244464497840861,-103.36305614523256,1.0,0.0,0.5031748357402875,0.5925868035673377,0.6476378389607393,0.1083514055403249,0.12032710280373832,0.0,0.67337498760519,0.4309268444087979,0.39027898381000764,Banks—Regional,Financial Services,EGBN
2011Q1,2011,Q1,2011-05-10,2011-03-31,5136000.0,24439000.0,0.0,0.218182,24439000.0,1.0,2186268000.0,210119000.0,1943214000.0,0.0,1976149000.0,0.0,53349000.0,277020640.0865,293364640.0865,9.688039672646719,0.0,0.02254984292868029,0.23462894835783532,0.0,9.688039672646719,0.024443291658536353,11.335187204325054,13.484260128821068,1.3183988125133854,0.0566588785046729,0.0,0.0010504632431328398,0.011178409966207253,0.0,0.002349208788675496,3.8912311961694597,1.0,-0.06351885689887206,0.3796234025355884,0.4990698462763288,0.6645215166132181,-0.02103028360839609,0.01642588561250742,0.0,0.6855127282535808,0.38799899401107624,0.3628264228137791,Banks—Regional,Financial Services,EGBN
2010Q4,2010,Q4,2011-03-15,2010-12-31,5053000.0,24964000.0,0.0,0.23298066555563215,24964000.0,1.0,2089370000.0,204716000.0,1847767000.0,0.0,1884654000.0,0.0,48551000.0,284514015.10899997,309748015.10899997,9.43892141893663,0.0,0.023595629304527202,0.24082143066492115,0.0,9.43892141893663,0.024682975439144963,11.396972244391923,14.076489961854342,1.3897986239912854,0.05739164852562834,0.0,0.0010192819495689809,0.01194809918779345,0.0,0.0024184323504214188,-68.3599267441134,1.0,0.16490332777816072,0.3034293442219992,0.5435373539152709,0.6785615909861878,0.13307915758896152,0.060218212337389845,0.0,0.19764241093641255,0.2520563999787121,0.36656954562819144,Banks—Regional,Financial Services,EGBN
2010Q3,2010,Q3,2010-11-08,2010-09-30,4766000.0,22032000.0,0.0,0.2,22032000.0,1.0,2006146000.0,202301000.0,1734344000.0,0.0,1803845000.0,0.0,43833000.0,228161150.80200002,250150150.80200002,9.253521684031991,0.0,0.02457448261492434,0.2436962743634485,0.0,9.253521684031991,0.023558954231565836,10.355898275326798,11.96816779280319,1.1278300690654026,0.06063785144775493,0.0,0.0012666485901922733,0.010982251541014463,0.0,0.0023756994755117526,-6.859307663229415,1.0,0.3749957031384278,0.07162246526641113,0.2844328406375908,0.6238403266720991,0.06811460706840548,0.38265158108500147,0.0,0.465466586334684,0.2688589153128575,0.39841188311643244,Banks—Regional,Financial Services,EGBN
2010Q2,2010,Q2,2010-08-09,2010-06-30,3447000.0,20627000.0,0.0,0.145455,20627000.0,1.0,1937265000.0,196743000.0,1687184000.0,0.0,1740522000.0,0.0,39400000.0,231371176.41,248708176.41,9.106322118388714,0.0,0.025448247916521487,0.2505807068104075,0.0,9.106322118388714,0.017520318384898065,11.216908731759345,16.780619118798956,1.176007158628261,0.08442123585726719,0.0,0.0012577193257829794,0.010647484985275634,0.0,0.0017793125875912692,-13.910369531052726,1.0,0.06666715555425176,0.14075148923170902,0.3561968878654796,0.6593477372192582,0.11829764163730008,0.016514302565614862,0.0,-0.08071305487316623,0.1583014747756861,0.3654329130331654,Banks—Regional,Financial Services,EGBN
2010Q1,2010,Q1,2010-05-10,2010-03-31,3391000.0,18445000.0,0.0,0.136364,18445000.0,1.0,1832991000.0,192465000.0,1566193000.0,10000000.0,1640526000.0,0.0,36288000.0,232368388.63320002,258140388.63320002,8.922761472400056,156.6193,0.03235149545196894,0.30810796768243576,0.0,8.922761472400056,0.017618787831553788,12.597906675695311,17.131258377558243,1.2073280265669082,0.08552049542907697,0.0,0.0012480182941655333,0.010062788087884774,3.3528,0.0018499818056935359,41.054485624240286,1.0,-0.003257438758386866,0.07516770457229074,0.2865561447516289,0.6913574620168486,0.024494556765163298,0.14910199932226365,0.0,0.05678875364264072,0.07824604629302719,0.35492456507360415,Banks—Regional,Financial Services,EGBN
2009Q4,2009,Q4,2010-03-15,2009-12-31,2951000.0,18004000.0,0.0,0.1368096490533477,18004000.0,1.0,1805504000.0,188321000.0,1556645000.0,10000000.0,1617183000.0,0.0,33024000.0,205308678.1112,235169678.1112,8.730643822221447,155.6645,0.032844014746021055,0.31488787761322423,0.0,8.730643822221447,0.015670052729116774,11.403503560942013,17.393144536699424,1.0902059680609173,0.18874957641477466,0.0,0.002712988097358046,0.009971730885115736,2.9439,0.0016344466697387544,-67.64701090978583,1.0,0.0032680843429914036,-0.15714199577712962,0.3462763568509853,0.6862106306360525,0.09088705768298594,0.07622173595915391,0.0,-0.2808571222203103,0.011952150591858158,0.3538242840381997,Banks—Regional,Financial Services,EGBN
2009Q3,2009,Q3,2009-11-09,2009-09-30,2742000.0,16504000.0,0.0,0.136364,16504000.0,1.0,1682773000.0,201516000.0,1449428000.0,30000000.0,1481257000.0,0.0,30756000.0,122116387.47,152730387.47,14.371723828066497,48.31426666666667,0.03523945297434651,0.2942694376625181,0.0,14.371723828066497,0.013606860001190973,7.399199434682501,11.133879236870897,0.6059885441850771,0.17432530999270604,0.0,0.0039142985630608255,0.00980762111110649,0.9562,0.0016294532893028353,127.07220340270551,1.0,-0.06250042968615714,1.2216025554675964,1.3344529295633267,1.8908738511506036,-0.05274636974114676,0.034326669181440964,0.0,0.1831019063309013,0.43523244472098166,1.3423117651704646,Banks—Regional,Financial Services,EGBN
2009Q2,2009,Q2,2009-08-10,2009-06-30,2651000.0,17423000.0,0.0,0.145455,17423000.0,1.0,1590206000.0,145248000.0,1398859000.0,30000000.0,1444958000.0,0.0,28575000.0,111817117.5,143354117.5,10.356363636363636,46.62863333333333,0.03908298673253654,0.4278888521700815,0.0,10.356363636363636,0.01825154218990967,6.417787837915399,10.54480549792531,0.7698358497191011,0.18030931723877783,0.0,0.004274837437121378,0.010956442121335223,1.0204333333333333,0.0016670796110692576,26.278993537015275,1.0,0.3333363888863427,0.9326308923121904,1.5266838591238565,1.0762856902492266,0.16972138301443437,0.27759036144578314,0.0,0.08911293329392057,0.6109745891126492,0.7341301920883853,Banks—Regional,Financial Services,EGBN
2009Q1,2009,Q1,2009-05-11,2009-03-31,2075000.0,14895000.0,0.0,0.109091,14895000.0,1.0,1495774000.0,144529000.0,0.0,10000000.0,1351245000.0,0.0,26486000.0,79643495.14,120933495.14,10.310758847994977,0.0,0.048235896599352575,0.4992077714507123,0.0,10.310758847994977,0.01435698026001702,5.346995309835515,9.595601824096384,0.5510554638861405,0.17927710843373493,0.0,0.004670814601319115,0.009958055160739523,3.086,0.001387241655490736,19.47749942284177,1.0,-0.07937310397351001,0.37595150278584333,1.12151500464063,1.0673594045887296,0.028305143251639627,0.24924744130042142,0.0,-0.13758026295861128,0.41365682089470923,0.7715121464205424,Banks—Regional,Financial Services,EGBN
2008Q4,2008,Q4,2009-03-16,2008-12-31,1661000.0,14485000.0,0.0,0.11849642941222632,14485000.0,1.0,1496827000.0,142371000.0,0.0,55000000.0,1354456000.0,0.0,24866000.0,73272632.28999999,160776632.29,10.15680623229866,0.0,0.078265557743146,0.822850159091388,0.0,10.15680623229866,0.011666701786178365,5.0585179351052805,11.028391374172184,0.5146598133749147,0.0,0.0,0.0,0.009677137037212718,0.8069090909090909,0.0011096806778605676,-3.7389718982497318,1.0,-0.37930412179506295,0.5933487891102489,1.2914721822342659,1.0996464748084531,0.19611890999174236,-0.26536930561698363,0.0,-0.33706205657419286,0.38575520331958246,0.8062259523023292,Banks—Regional,Financial Services,EGBN
2008Q3,2008,Q3,2008-11-10,2008-09-30,2261000.0,12110000.0,0.0,0.190909,12110000.0,1.0,1457545000.0,100593000.0,0.0,15000000.0,1356952000.0,0.0,23223000.0,86329502.0,143069502.0,8.898098186643079,0.0,0.06253666267593797,0.9061266688536975,0.0,8.898098186643079,0.022476713091368186,7.128778034682081,9.545499999999999,0.85820585925462,0.0,0.0,0.0,0.00830849133302917,3.2136,0.0015512385552418622,14.307176334106728,1.0,0.21578729501671706,1.4057647814910026,1.3194850523565085,0.6044427760994057,0.18585977281629457,0.2188679245283019,0.0,-0.01687497797356818,0.3652809713334971,0.5614693691259692,Banks—Regional,Financial Services,EGBN
2008Q2,2008,Q2,2008-08-11,2008-06-30,1855000.0,10212000.0,0.0,0.157025,10212000.0,1.0,915800000.0,84213000.0,0.0,15000000.0,831587000.0,0.0,30523000.0,90959594.1732,136003594.1732,7.077589842520201,0.0,0.07097619567591178,0.7718523268378992,0.0,7.077589842520201,0.022027477942835428,8.907128297414806,12.258705414177896,1.0801134524740836,0.31805929919137466,0.0,0.006486396573807883,0.011150906311421708,1.7053333333333334,0.002025551430443328,56.77877289213483,1.0,0.11764747750825637,0.4491040162735905,0.3209687141362117,0.9490625119435249,0.07044025157232704,0.12356147789218655,0.0,0.11469539713353107,0.2191580590955191,0.2896735408070469,Banks—Regional,Financial Services,EGBN
2008Q1,2008,Q1,2008-05-12,2008-03-31,1651000.0,9540000.0,0.0,0.140496,9540000.0,1.0,899467000.0,83537000.0,0.0,22000000.0,815930000.0,0.0,29258000.0,126738244.5985,168391244.5985,7.108784736242616,0.0,0.06892971059527475,0.7421860971784957,0.0,7.108784736242616,0.01976369752325317,13.284931299633124,19.19113334320109,1.5171510180937788,0.35614778921865536,0.0,0.004639483542341561,0.010606281275466471,1.1818181818181819,0.001835531486980623,35.136746492514554,1.0,-0.2777771161154855,-0.15499994522122915,0.12562663337039665,1.0142012138271495,-0.11691196889752846,-0.2777777777777778,0.0,-0.03913037747462403,0.22142675217596006,0.3475084083225333,Banks—Regional,Financial Services,EGBN
2007Q4,2007,Q4,2008-03-14,2007-12-31,2286000.0,10803000.0,0.0,0.19453274485617894,10803000.0,1.0,846400000.0,81166000.0,0.0,22000000.0,765234000.0,0.0,28195000.0,117512350.0,149614350.0,6.907018709097384,0.0,0.06143667296786389,0.6406623463026391,0.0,6.907018709097384,0.02816450237784294,10.877751550495233,12.851306867891514,1.4478026513564792,0.2550306211723535,0.0,0.004961180675903426,0.012763468809073725,1.1790909090909092,0.002700850661625709,78.34156666666667,1.0,0.30769524641152823,0.24740788997626983,0.3632054763558314,1.0389179189289073,0.15293489861259338,0.30256410256410254,0.0,0.19847892469587253,0.4827862836584967,0.3340010897751525,Banks—Regional,Financial Services,EGBN
2007Q3,2007,Q3,2007-11-08,2007-09-30,1755000.0,9370000.0,0.0,0.14876,9370000.0,1.0,802129000.0,78066000.0,0.0,7000000.0,724063000.0,0.0,26492000.0,130260916.5,161085916.5,6.61716465352829,0.0,0.06482747787450648,0.6661030410165757,0.0,6.61716465352829,0.02248097763430943,13.901912113127,18.55568611111111,1.66859985781262,0.32763532763532766,0.0,0.0044142173681082615,0.011681412840079338,3.025,0.0021879273782645934,22.489799119475137,1.0,-0.10000060500093769,0.048965577732730414,0.2725589922111406,1.0653408104863846,-0.0025548222269533745,-0.11274014155712841,0.0,0.6900000661157024,0.5752380090706652,0.33104340818776745,Banks—Regional,Financial Services,EGBN
2007Q2,2007,Q2,2007-08-09,2007-06-30,1978000.0,9394000.0,0.0,0.165289,9394000.0,1.0,813015000.0,76009000.0,0.0,7000000.0,737006000.0,0.0,25312000.0,155602756.6392,168320756.6392,6.669183107766151,0.0,0.051659563476688625,0.5525661434830086,0.0,6.669183107766151,0.026023234090699787,16.564057551543538,19.66667803832154,2.0471622655106634,0.2901921132457027,0.0,0.0036888806625126067,0.011554522364286023,4.183142857142857,0.0024329194418307165,92.18172786682464,1.0,0.1764676574422046,0.9716664911959233,0.5450469049638994,1.1892545222831812,0.047619047619047616,0.1759809750297265,0.0,0.7744998598132762,0.6764438725827625,0.33706481719956094,Banks—Regional,Financial Services,EGBN
2007Q1,2007,Q1,2007-05-07,2007-03-31,1682000.0,8967000.0,0.0,0.140496,8967000.0,1.0,776188000.0,74460000.0,0.0,8000000.0,701728000.0,0.0,23908000.0,153342523.236,162299523.236,6.585430438273397,0.0,0.0386504300504517,0.40290088638195004,0.0,6.585430438273397,0.022589309696481333,17.10076092740047,22.791694892390012,2.059394617727639,0.3388822829964328,0.0,0.003717168519020313,0.01155261354208001,2.630375,0.0021670007781619915,99.25082410097087,1.0,-0.2614797387782426,1.3399999540098868,0.6849332410839722,1.2066894627064402,-0.03849453141754235,-0.21803812180381218,0.0,0.3827272455512968,0.5833549093216317,0.320412178243975,Banks—Regional,Financial Services,EGBN
