Quarters,Year,Quarter,FillingDate,Date,NetIncome,Revenue,OperatingIncome,EPSDiluted,GrossProfit,GrossProfitRatio,TotalAssets,CommonStockEquity,CurrentAssets,CurrentLiability,TotalLiability,Inventory,RetainedEarnings,MarketCap,EnterpriseValue,bookValuePerShare,currentRatio,debtToAssets,debtToEquity,roic,shareholdersEquityPerShare,roe,priceToSalesRatio,peRatio,pbRatio,payoutRatio,inventoryTurnover,dividendYield,assetTurnover,quickRatio,returnOnAssets,priceToFreeCashFlowsRatio,grossProfitMargin,epsdilutedGrowth,fiveYNetIncomeGrowthPerShare,fiveYRevenueGrowthPerShare,fiveYShareholdersEquityGrowthPerShare,grossProfitGrowth,netIncomeGrowth,operatingIncomeGrowth,threeYNetIncomeGrowthPerShare,threeYRevenueGrowthPerShare,threeYShareholdersEquityGrowthPerShare,Industry,Sector,Symbol
2023Q1,2023,Q1,2023-05-10,2023-03-31,-307000.0,3697000.0,-306000.0,-0.0298,2111000.0,0.5710035164,10927000.0,8894000.0,8324000.0,1415000.0,2033000.0,2348000.0,-143137000.0,11017219.2871,8112219.2871,0.8637107378938956,5.882685512367491,0.08520179372197309,0.1046773105464358,-0.028542208999628116,0.8637107378938956,-0.03451765234989881,2.9800430855017583,-8.97167694389251,1.2387249029795369,0.0,0.6754684838160137,0.0,0.33833623135352797,4.098233215547703,-0.028095543149995423,39.91746118514493,0.57100351636462,0.6750272628135223,0.8711858444749864,1.2504567146370442,1.8096897107759664,0.39893969516235916,0.6747881355932204,0.5584415584415584,0.7786492476901842,0.2194854052622454,-0.29978540090805217,Medical Instruments & Supplies,Healthcare,NEPH
2022Q4,2022,Q4,2023-03-23,2022-12-31,-944000.0,2558000.0,-693000.0,-0.0917,1509000.0,0.5899139953,10999000.0,5592000.0,8261000.0,1412000.0,2118000.0,3153000.0,-142831000.0,11915843.4648,9374843.4648,0.5430637301602562,5.850566572237961,0.09937267024274934,0.19545779685264664,-0.11807211258535606,0.5430637301602562,-0.1688125894134478,4.658265623455825,-3.155678883686441,2.1308732948497857,-0.06991525423728813,0.3326990168093879,0.005538844161134485,0.2325665969633603,3.4844192634560907,-0.08582598418038004,-205.44557697931035,0.589913995308835,0.7041935483870968,-1.4391258089027061,0.17985075204869183,0.7195010178410957,0.9803149606299213,0.705,0.45901639344262296,-2.8415506257348513,-0.32490565209830263,-0.0021299793081202088,Medical Instruments & Supplies,Healthcare,NEPH
2022Q3,2022,Q3,2022-11-15,2022-09-30,-3200000.0,2409000.0,-1281000.0,-0.31,762000.0,0.3163138232,11205000.0,6302000.0,8988000.0,1421000.0,1624000.0,3488000.0,-141983000.0,9376474.38,6009474.380000001,0.6116179458915132,6.325123152709359,0.051137884872824634,0.09092351634401777,-0.4489199178644764,0.6116179458915132,-0.5077753094255791,3.8922683188044833,-0.7325370609375,1.4878569311329737,0.0,0.47219036697247707,0.0,0.2149933065595716,3.7396199859254047,-0.285586791610888,-55.15573164705883,0.3163138231631382,-1.8181818181818183,-1.9561901782058118,0.5354680922612618,12.884555940954613,-0.44011756061719326,-1.8169014084507042,-0.06395348837209303,-1.975483244263949,-0.4181115645307744,0.2688697065969675,Medical Instruments & Supplies,Healthcare,NEPH
2022Q2,2022,Q2,2022-08-15,2022-06-30,-1136000.0,2884000.0,-1204000.0,-0.11,1361000.0,0.4719140083,14953000.0,9221000.0,11122000.0,2111000.0,2472000.0,4664000.0,-138829000.0,15757696.44,12454696.44,0.8953167776596666,5.268593083846518,0.058583561827058116,0.0950005422405379,-0.11179749749062458,0.8953167776596666,-0.12319705021147381,5.463833717059639,-3.4678029137323945,1.70889235874634,-0.058098591549295774,0.32654373927958835,0.004188429460569047,0.19287099578679864,2.9876835622927524,-0.07597137698120779,-13.410805480851064,0.4719140083217753,0.45,0.16383368299984716,0.9424013709106914,5.813231468799927,0.3278048780487805,0.44422700587084146,0.3835125448028674,0.18754594164203559,-0.10403150835932792,0.7392944480300822,Medical Instruments & Supplies,Healthcare,NEPH
2022Q1,2022,Q1,2022-05-05,2022-03-31,-2044000.0,2187000.0,-1953000.0,-0.2,1025000.0,0.4686785551,15528000.0,10160000.0,11657000.0,1748000.0,2126000.0,4679000.0,-137692000.0,44941151.2,40486151.2,0.9947230724254345,6.668764302059497,0.06221020092735703,0.09507874015748032,-0.17181272919872786,0.9947230724254345,-0.2011811023622047,20.54922322816644,-5.496716144814091,4.423341653543307,0.0,0.2483436631758923,0.0,0.14084234930448222,3.8409610983981692,-0.13163317877382794,-24.54459377389405,0.4686785550983082,-1.0,-0.6219313389289308,0.607730347879051,2.98995007733509,-0.30224642614023145,-0.9485224022878932,-0.781934306569343,-0.013340541107456036,-0.13702516517064794,1.7235158644787163,Medical Instruments & Supplies,Healthcare,NEPH
2021Q4,2021,Q4,2022-03-03,2021-12-31,-1049000.0,2765000.0,-1096000.0,-0.1,1469000.0,0.531283906,17650000.0,11695000.0,13634000.0,2390000.0,2901000.0,4795000.0,-135725000.0,59263995.5,53413995.5,1.1642903826826863,5.704602510460251,0.06362606232294618,0.0960239418554938,-0.08114154757431587,1.1642903826826863,-0.08969645147498931,21.43363309222423,-14.123926477597713,5.06746434373664,0.0,0.27028154327424403,0.0,0.156657223796034,3.60418410041841,-0.05943342776203966,-176.90744925373136,0.5312839059674502,0.1666666666666666,0.12128654746550296,1.0363477726296237,8.62027483437652,0.04036827195467422,0.14157119476268412,0.05679862306368331,-0.004817203452839813,0.2174745175911377,1.1856219697779558,Medical Instruments & Supplies,Healthcare,NEPH
2021Q3,2021,Q3,2021-11-04,2021-09-30,-1222000.0,2637000.0,-1162000.0,-0.12,1412000.0,0.5354569586651498,17820000.0,12276000.0,13621000.0,1823000.0,2490000.0,4649000.0,-134683000.0,88092413.64999999,82018413.64999999,1.2221315722798338,7.471749862863412,0.07160493827160494,0.1039426523297491,-0.08057693641217668,1.2221315722798338,-0.09954382535027696,33.40630020857034,-18.02217955196399,7.175986775008146,0.0,0.26349752634975265,0.0,0.147979797979798,4.884805266044981,-0.0685746352413019,-95.44140157096423,0.5354569586651498,0.0,0.06598477012624,1.9957389986924556,4.443193263950805,0.10745098039215686,-0.03035413153456998,-0.04028648164726947,-0.5770239836397494,0.08568203141170119,1.1424588496084327,Medical Instruments & Supplies,Healthcare,NEPH
2021Q2,2021,Q2,2021-08-05,2021-06-30,-1186000.0,2266000.0,-1117000.0,-0.12,1275000.0,0.5626654898499559,17991000.0,11937000.0,14840000.0,2170000.0,3000000.0,5087000.0,-133521000.0,100909782.26879999,94055782.26879999,1.2005399563472932,6.838709677419355,0.07915068645433829,0.11929295467873,-0.07803003842123646,1.2005399563472932,-0.09935494680405461,44.53211927131509,-21.2710333618887,8.453529552550892,0.0,0.19481030076666012,0.0,0.12595186482129953,4.451612903225806,-0.06592184981379579,-862.4767715282051,0.5626654898499559,-1.0,0.2294734610189651,1.4150799432664087,2.8706922322527877,-0.19659735349716445,-0.9899328859060402,-0.09724950884086445,-0.21371733401860296,0.15778107483868486,0.8522217636608973,Medical Instruments & Supplies,Healthcare,NEPH
2021Q1,2021,Q1,2021-05-06,2021-03-31,-596000.0,2736000.0,-1018000.0,-0.06,1587000.0,0.5800438596491229,17936000.0,12484000.0,14667000.0,1408000.0,2399000.0,4679000.0,-132395000.0,65722182.75,58097182.75,1.263174723149316,10.416903409090908,0.029995539696699377,0.043095161807113105,-0.07243489398036146,1.263174723149316,-0.047741108619032364,24.021265625,-27.568029677013424,5.264513196892022,0.0,0.24556529172900193,0.0,0.15254237288135594,7.017755681818182,-0.033229259589652095,-842.5920865384616,0.5800438596491229,0.338560512195122,0.6138864099538336,1.5115347231777843,2.3925133610270013,0.21889400921658986,0.2731707317073171,-0.41585535465924894,0.7394386787254462,0.7353048453058612,3.1091639444002297,Medical Instruments & Supplies,Healthcare,NEPH
2020Q4,2020,Q4,2021-03-01,2020-12-31,-820000.0,2334000.0,-719000.0,-0.09071124586033145,1302000.0,0.5578406169665809,18510000.0,12522000.0,15154000.0,1325000.0,2937000.0,5304000.0,-131858000.0,77560394.34,70393394.34,1.385227098369598,11.436981132075472,0.058454889249054565,0.08640792205717937,-0.048928206873086084,1.385227098369598,-0.06548474684555183,33.230674524421595,-23.646461689024388,6.193930229995209,0.0,0.19457013574660634,0.0,0.1260940032414911,7.255094339622642,-0.04430037817396002,-50.82594648754915,0.5578406169665809,0.2440729511639045,0.48070402108879456,1.7045353964444043,1.7832498680742856,0.06285714285714286,0.23507462686567165,0.22854077253218885,-1.4345046860971928,0.22628390735951495,3.386040299330432,Medical Instruments & Supplies,Healthcare,NEPH
2020Q3,2020,Q3,2020-11-05,2020-09-30,-1072000.0,2121000.0,-932000.0,-0.12,1225000.0,0.5775577557755776,15242000.0,8388000.0,11755000.0,2379000.0,3802000.0,5385000.0,-131100000.0,65356835.79000001,61334835.79000001,0.9279096710688539,4.941151744430433,0.07433407689279622,0.13507391511683356,-0.08709466405008878,0.9279096710688539,-0.12780162136385312,30.814161145686,-15.241799391324628,7.791706698855508,0.0,0.16638811513463325,0.0,0.13915496653982418,2.5456073980664145,-0.07033197743078336,-35.71411791803279,0.5775577557755776,0.368421052631579,0.26015885637378444,1.657727906750609,0.20465540700643234,0.3687150837988827,0.37565521258008155,0.4167709637046308,-0.1288146447136732,0.5409555909338003,20.064806588251336,Medical Instruments & Supplies,Healthcare,NEPH
2020Q2,2020,Q2,2020-08-05,2020-06-30,-1717000.0,1577000.0,-1598000.0,-0.19,895000.0,0.5675332910589728,16649000.0,9230000.0,13070000.0,2765000.0,4373000.0,4769000.0,-130087000.0,75393664.26,69537664.26,1.027138032884887,4.726943942133816,0.07147576431016878,0.12892741061755147,-0.13715560896060425,1.027138032884887,-0.18602383531960998,47.808284248573244,-10.97752828479907,8.16832765547129,0.0,0.1430069196896624,0.0,0.09472040362784552,2.8629294755877033,-0.10312931707610067,-38.74289016443988,0.5675332910589728,-0.4615384615384615,0.6351594556251137,0.07265006572899523,1.6003847879987998,-0.3997317236753856,-0.4840103716508211,-0.557504873294347,-0.44848179570020275,0.217317377732574,6.816372197051287,Medical Instruments & Supplies,Healthcare,NEPH
2020Q1,2020,Q1,2020-05-06,2020-03-31,-1157000.0,2529000.0,-1026000.0,-0.13,1491000.0,0.5895610913404508,18294000.0,10596000.0,14809000.0,3108000.0,4658000.0,3649000.0,-128430000.0,54118449.0,46428449.0,1.2334943301867354,4.764800514800514,0.06953099376844867,0.12004530011325028,-0.07791616038882139,1.2334943301867354,-0.10919214798036996,21.39914946619217,-11.693701166810715,5.107441392978482,0.0,0.2844614963003563,0.0,0.13824204657264677,3.3973616473616475,-0.06324477970919427,-29.41220054347826,0.5895610913404508,-4.447462926829269,-2.8635699890643784,0.819569096785466,1.7664486053334896,-0.21526315789473685,-4.64390243902439,-2.5257731958762886,-0.09162043562347953,1.2105481567598366,3.9476893967289444,Medical Instruments & Supplies,Healthcare,NEPH
2019Q4,2019,Q4,2020-02-27,2019-12-31,-205000.0,3161000.0,-291000.0,-0.023864320280132197,1900000.0,0.6010756089844985,11629000.0,4675000.0,8299000.0,2428000.0,3940000.0,2562000.0,-127332000.0,85472788.5,82700788.5,0.5442229137054537,3.4180395387149916,0.11987273196319546,0.29818181818181816,-0.040304709141274236,0.5442229137054537,-0.04385026737967915,27.039793894337237,-104.23510792682926,18.282949411764704,0.0,0.4921935987509758,0.0,0.2718204488778055,2.146210873146623,-0.017628342935764037,234.815353021978,0.6010756089844985,0.7613567971986781,0.9847197498035535,2.6175705740044006,1.3220886703463408,0.04452996151731721,0.7450248756218906,0.581294964028777,0.7992018200189842,1.722171194844288,3.4967939947662834,Medical Instruments & Supplies,Healthcare,NEPH
2019Q3,2019,Q3,2019-11-06,2019-09-30,-804000.0,3095000.0,-695000.0,-0.1,1819000.0,0.5877221324717286,11554000.0,3713000.0,8117000.0,3116000.0,4832000.0,2128000.0,-127188000.0,62009415.650000006,60025415.650000006,0.4820179272242505,2.6049422336328627,0.16193526051583867,0.5039051979531376,-0.1023413341186865,0.4820179272242505,-0.21653649340156209,20.035352390953154,-19.281534717039804,16.700623660113116,0.0,0.599624060150376,0.0,0.2678725982343777,1.8449935815147624,-0.0695862904621776,-98.74110772292994,0.5877221324717286,0.2857346932944772,0.5854197196433478,1.2947556849127837,4.501829022506509,0.3306510607168983,0.1984047856430708,0.19930875576036866,0.19866159308488474,3.58491886042946,1.146836555147773,Medical Instruments & Supplies,Healthcare,NEPH
2019Q2,2019,Q2,2019-08-07,2019-06-30,-1003000.0,2309000.0,-868000.0,-0.140004,1367000.0,0.592031182330013,12014000.0,3803000.0,8437000.0,3292000.0,5208000.0,2314000.0,-126444000.0,39894816.6,37530816.6,0.5147586014971178,2.562879708383961,0.1626435824870984,0.5138048908756245,-0.1239468799086106,0.5147586014971178,-0.2637391533000263,17.277963014291903,-9.943872532402793,10.490354088877202,0.0,0.4070872947277442,0.0,0.19219244215082404,1.7791616038882139,-0.08348593307807557,-30.01867313769752,0.592031182330013,0.22220000000000004,0.41952363038505563,0.9817401290151154,5.663983828164784,0.3697394789579158,0.28764204545454547,0.3328209069946195,0.1229997694985775,2.3120081786275755,0.6596466529630591,Medical Instruments & Supplies,Healthcare,NEPH
2019Q1,2019,Q1,2019-05-08,2019-03-31,-1408000.0,1769000.0,-1301000.0,-0.18,998000.0,0.5641605426794799,10138000.0,2604000.0,7172000.0,3110000.0,4534000.0,2040000.0,-125502000.0,30158453.340000004,28442453.340000004,0.36523491028601934,2.3061093247588422,0.18662458078516472,0.7265745007680492,-0.25544865501668956,0.36523491028601934,-0.5407066052227343,17.04830601469757,-5.3548390163352275,11.581587304147465,0.0,0.3779411764705882,0.0,0.1744920102584336,1.5617363344051447,-0.13888340895640167,-43.2689430989957,0.5641605426794799,-0.731900728744939,0.4567223398668669,0.09672937696609764,-0.0031151527731539037,0.04612159329140461,-0.9001349527665317,-0.7846364883401921,-0.2644251290653921,1.2509847994182677,-0.019087153699834724,Medical Instruments & Supplies,Healthcare,NEPH
2018Q4,2018,Q4,2019-03-12,2018-12-31,-741000.0,1612000.0,-729000.0,-0.10393205396387878,954000.0,0.5918114143920595,10558000.0,3798000.0,8173000.0,2654000.0,3760000.0,1864000.0,-124153000.0,36575145.54,34023145.54,0.5327043737581802,3.0795026375282593,0.19217654858874786,0.534228541337546,-0.1251072593101081,0.5327043737581802,-0.19510268562401265,22.689296240694787,-12.339792692307691,9.630106777251186,0.0,0.3530042918454936,0.0,0.15268043189998107,2.273172569706104,-0.07018374692176549,-69.27110897727273,0.5918114143920595,-0.15480059959865314,0.8150675489116446,1.0916517717414524,2.8258197890521215,0.0021008403361344537,-0.3472727272727273,-0.42661448140900193,0.40501867004974407,1.3683227038291847,0.07032946419407868,Medical Instruments & Supplies,Healthcare,NEPH
2018Q3,2018,Q3,2018-11-08,2018-09-30,-550000.0,1724000.0,-511000.0,-0.09,952000.0,0.5522041763341067,9404000.0,4067000.0,8376000.0,1440000.0,5337000.0,1459000.0,-123489000.0,41708499.3,37637499.3,0.5704340937531646,5.816666666666666,0.1330284985112718,0.30759773789033684,-0.09608875517111697,0.5704340937531646,-0.13523481681829358,24.192865023201854,-18.95840877272727,10.255347750184411,0.0,0.5291295407813571,0.0,0.18332624415142493,4.759722222222222,-0.0584857507443641,-37.17335053475936,0.5522041763341067,0.0,0.7504709952690881,0.14330087228957075,1.6218344880719577,0.14698795180722893,0.1935483870967742,0.21745788667687596,0.5187282096527278,1.7389943248329722,-0.2594359808870091,Medical Instruments & Supplies,Healthcare,NEPH
2018Q2,2018,Q2,2018-08-08,2018-06-30,-682000.0,1366000.0,-653000.0,-0.09,830000.0,0.6076134699853587,6845000.0,4498000.0,5771000.0,1396000.0,2347000.0,1352000.0,-122939000.0,37973611.58400001,35780611.58400001,0.6481621045065566,4.133954154727793,0.18860482103725346,0.28701645175633617,-0.11280013819312489,0.6481621045065566,-0.151622943530458,27.799130002928262,-13.919945595307919,8.442332499777681,0.0,0.39644970414201186,0.0,0.1995617238860482,3.1303724928366763,-0.09963476990504018,-28.275213390915866,0.6076134699853587,0.6666666666666667,0.7631209997732621,-0.4463343738318888,0.24648817314663582,0.7773019271948608,0.5227431770468859,0.41852181656277826,0.8123475452942102,0.2031344019496497,1.3788650164282614,Medical Instruments & Supplies,Healthcare,NEPH
2018Q1,2018,Q1,2018-05-09,2018-03-31,-1429000.0,985000.0,-1123000.0,-0.27,467000.0,0.47411167512690355,4632000.0,1898000.0,3514000.0,1731000.0,2734000.0,928000.0,-122257000.0,23338774.619999997,22856774.619999997,0.3074043139288004,2.030040439052571,0.28864421416234887,0.7044257112750263,-0.3471406491499227,0.3074043139288004,-0.7528977871443625,23.694187431472077,-4.083060640307908,12.29650928345627,0.0,0.5581896551724138,0.0,0.21265112262521588,1.4725592143269786,-0.30850604490500866,-34.88606071748878,0.47411167512690355,-2.2932935065942592,0.751344325962396,-0.5914113973808461,1.2418566878225092,-0.4073604060913706,-2.108611326609775,-1.7866004962779156,-4.202308142145868,-0.014005493656449158,1.1910098829952132,Medical Instruments & Supplies,Healthcare,NEPH
2017Q4,2017,Q4,2018-02-26,2017-12-31,1289000.0,1300000.0,-403000.0,0.20876931541318428,788000.0,0.6061538461538462,4983000.0,1950000.0,3809000.0,1871000.0,3033000.0,674000.0,-121106000.0,25011386.8011,24482386.8011,0.31582634992684977,2.035809727418493,0.3341360626128838,0.8538461538461538,-0.11147994467496543,0.31582634992684977,0.661025641025641,19.23952830853846,4.850928394317301,12.826352205692308,0.0,0.7596439169139466,0.0,0.2608870158539033,1.630144307856761,0.2586795103351395,13.941687180100335,0.6061538461538462,3.3196590601464924,1.25371042807166,-0.23654529752275186,1.7082806651553633,0.48120300751879697,3.0395569620253164,0.222007722007722,1.1336743446034836,1.0699240504828544,1.1869162186054751,Medical Instruments & Supplies,Healthcare,NEPH
2017Q3,2017,Q3,2017-11-09,2017-09-30,-632000.0,916000.0,-518000.0,-0.09,532000.0,0.5807860262008734,2824000.0,265000.0,1609000.0,1412000.0,2559000.0,581000.0,-122395000.0,16242819.3,17577819.3,0.04405023455503196,1.1395184135977336,0.5258498583569405,5.60377358490566,-0.296,0.04405023455503196,-2.3849056603773584,17.732335480349345,-6.425165862341772,61.29365773584906,0.0,0.6609294320137694,0.0,0.3243626062322946,0.6522662889518414,-0.2237960339943343,-22.780952734922863,0.5807860262008734,0.0,0.8418033047490537,-0.6761917610420605,-0.8248247639906722,0.029013539651837523,0.19592875318066158,0.26,0.582714032846101,-0.1303682557730355,1.3200221010478412,Medical Instruments & Supplies,Healthcare,NEPH
2017Q2,2017,Q2,2017-08-08,2017-06-30,-786000.0,859000.0,-700000.0,-0.09,517000.0,0.6018626309662398,2841000.0,783000.0,1553000.0,923000.0,2058000.0,603000.0,-121763000.0,12328767.5247,12934767.5247,0.13140853672146946,1.6825568797399784,0.3139739528335093,1.1392081736909323,-0.417910447761194,0.13140853672146946,-1.003831417624521,14.35246510442375,-3.9213637165076336,15.745552394252874,0.0,0.5671641791044776,0.0,0.30235832453361494,0.9750812567713976,-0.27666314677930304,-24.706948947294592,0.6018626309662398,0.0,0.7868097102824005,-0.41829547720020427,-0.8214805506281104,0.13626373626373625,-0.15588235294117647,-0.15702479338842976,0.4359849557603346,-0.08588577993796005,0.701194231719067,Medical Instruments & Supplies,Healthcare,NEPH
2017Q1,2017,Q1,2017-05-09,2017-03-31,-680000.0,734000.0,-605000.0,-0.09,455000.0,0.6198910081743869,3279000.0,1374000.0,1928000.0,780000.0,1905000.0,401000.0,-120977000.0,18848557.08,18930557.08,0.2493071474943906,2.471794871794872,0.26349496797804206,0.62882096069869,-0.2703306523681859,0.2493071474943906,-0.4949053857350801,25.67923307901907,-6.929616573529411,13.718018253275108,0.0,0.6957605985037406,0.0,0.22384873437023484,1.8025641025641026,-0.2073802988716072,-28.601755811836114,0.6198910081743869,0.2427257099236641,0.739961958402709,-0.7066730138766326,-0.7169589914678071,0.17875647668393782,-0.03816793893129771,0.006568144499178982,0.6605742395640186,-0.41131306366867354,-0.3195324142265605,Medical Instruments & Supplies,Healthcare,NEPH
2016Q4,2016,Q4,2017-03-20,2016-12-31,-655000.0,745000.0,-609000.0,-0.11884729374732593,386000.0,0.5181208053691275,2678000.0,667000.0,1264000.0,895000.0,2011000.0,479000.0,-120285000.0,18159096.702600002,18749096.702600002,0.12102464874727695,1.4122905027932962,0.31292008961911877,1.2563718140929536,-0.4046511627906977,0.12102464874727695,-0.9820089955022488,24.374626446442957,-6.930952939923665,27.225032537631186,0.0,0.7494780793319415,0.0,0.2781926811053025,0.770949720670391,-0.24458551157580283,-34.392228603409094,0.5181208053691275,-0.32052548608139925,0.7813226560341424,-0.6754881332508726,-0.9000195873078363,0.22151898734177214,0.07223796033994334,0.04395604395604396,0.7885279805443911,0.2505392084776981,1.4148064283515132,Medical Instruments & Supplies,Healthcare,NEPH
2016Q3,2016,Q3,2016-11-10,2016-09-30,-706000.0,475000.0,-637000.0,-0.09,316000.0,0.6652631578947369,3010000.0,1217000.0,1532000.0,684000.0,1793000.0,341000.0,-119630000.0,18049725.54,18078725.54,0.22452474365989722,2.239766081871345,0.27043189368770765,0.6688578471651603,-0.31363860167405216,0.22452474365989722,-0.580115036976171,37.999422189473684,-6.3915458711048165,14.831327477403452,0.0,0.4662756598240469,0.0,0.15780730897009967,1.6666666666666667,-0.2345514950166113,-22.704057283018866,0.6652631578947369,0.5,0.6473011198089228,-0.7592043529261835,-0.8644921076911345,0.06397306397306397,0.15449101796407186,0.22031823745410037,0.5786865005107131,-0.5856577578741399,0.03196271541188619,Medical Instruments & Supplies,Healthcare,NEPH
2016Q2,2016,Q2,2016-08-08,2016-06-30,-835000.0,509000.0,-817000.0,-0.18,297000.0,0.5834970530451866,3995000.0,1673000.0,2454000.0,1218000.0,2322000.0,413000.0,-118924000.0,12476236.419000002,11691236.419000002,0.31016156395585215,2.0147783251231526,0.19799749687108886,0.47280334728033474,-0.3315746753246753,0.31016156395585215,-0.49910340705319783,24.511269978389002,-3.7354001254491025,7.4574037172743575,0.0,0.513317191283293,0.0,0.12740926157697122,1.6206896551724137,-0.20901126408010012,-43.62320426223777,0.5834970530451866,0.0,0.7124205680286243,-0.8343291168636573,-0.8443143472880577,0.006779661016949152,0.0011961722488038277,-0.013647642679900745,0.6268731392167339,-0.7345745901482824,-0.4035246452275077,Medical Instruments & Supplies,Healthcare,NEPH
2016Q1,2016,Q1,2016-05-11,2016-03-31,-836000.0,590000.0,-806000.0,-0.18,295000.0,0.5,3427000.0,1993000.0,1873000.0,1104000.0,1434000.0,476000.0,-118089000.0,12525102.719999999,11824102.719999999,0.3723418565304988,1.6965579710144927,0.0,0.0,-0.4044154540893126,0.3723418565304988,-0.41946813848469644,21.228987661016948,-3.7455450717703345,6.284547275464124,0.0,0.6197478991596639,0.0,0.17216224102713742,1.1702898550724639,-0.24394514152319813,-22.856026861313868,0.5,-0.030448598930481314,0.9024991298138767,-0.9285624539258731,-0.9409293430096471,0.16600790513833993,0.10588235294117647,0.1388888888888889,0.832199506466721,-0.7176922240737905,1.2929476395669846,Medical Instruments & Supplies,Healthcare,NEPH
2015Q4,2015,Q4,2016-03-30,2015-12-31,-935000.0,511000.0,-936000.0,-0.17468120213548236,253000.0,0.49510763209393344,3970000.0,2664000.0,2464000.0,959000.0,1306000.0,591000.0,-117253000.0,10598163.84,9350163.84,0.49770130747478614,2.5693430656934306,0.0,0.0,-0.35135135135135137,0.49770130747478614,-0.35097597597597596,20.74004665362035,-2.833733647058824,3.9782897297297297,0.0,0.4365482233502538,0.0,0.12871536523929472,1.7153284671532847,-0.23551637279596976,-8.458231316839585,0.49510763209393344,0.02954887702509799,0.8840657935529267,-0.9185010553195375,0.6271293545127908,0.5240963855421686,-0.6092943201376936,0.1389144434222631,0.7877157259334165,-0.6538362127274746,2.116158335707526,Medical Instruments & Supplies,Healthcare,NEPH
2015Q3,2015,Q3,2015-11-10,2015-09-30,-581000.0,320000.0,-1087000.0,-0.18,166000.0,0.51875,4305000.0,2792000.0,2779000.0,1148000.0,1513000.0,665000.0,-116318000.0,12070264.32,10257264.32,0.770269793064482,2.4207317073170733,0.0,0.0,-0.38932664756446994,0.770269793064482,-0.2080945558739255,37.719576,-5.1937454044750435,4.323160573065903,0.0,0.23157894736842105,0.0,0.0743321718931475,1.7674216027874565,-0.13495934959349593,-10.738669323843416,0.51875,0.6666672839494742,0.9007136045683547,-0.967031098804596,-0.7757887489443646,-0.5363128491620112,0.6798898071625344,-0.82996632996633,0.7586309603311354,-0.8122553798884851,2.0631435712869126,Medical Instruments & Supplies,Healthcare,NEPH
2015Q2,2015,Q2,2015-08-10,2015-06-30,-1815000.0,567000.0,-594000.0,-0.540001,358000.0,0.6313932980599647,3391000.0,-5929000.0,1812000.0,1364000.0,9320000.0,419000.0,-115737000.0,22145382.09,21108382.09,-1.7107995629078803,1.3284457478005864,0.0,0.0,0.10018552875695733,-1.7107995629078803,0.30612244897959184,39.05711126984127,-3.050328111570248,-3.7350956468207115,0.0,0.4988066825775656,0.0,0.1672073134768505,0.9765395894428153,-0.5352403420819817,-41.470752977528086,0.6313932980599647,-7.00001111111111,0.6673152482070088,-0.9531096290646762,-1.3689963898181485,0.2695035460992908,-8.469135802469136,0.2630272952853598,0.15359666452342027,-0.3398415317966971,-3.3241336033086375,Medical Instruments & Supplies,Healthcare,NEPH
2015Q1,2015,Q1,2015-04-15,2015-03-31,243000.0,544000.0,-806000.0,0.09,282000.0,0.5183823529411765,2622000.0,-5411000.0,991000.0,1256000.0,8033000.0,208000.0,-113922000.0,18155874.6,17788874.6,-1.6093633958013789,0.7890127388535032,0.0,0.0,0.14895583071520976,-1.6093633958013789,-0.04490851968212899,33.374769485294124,18.678883333333335,-3.3553639992607653,0.0,1.2596153846153846,0.0,0.20747520976353928,0.5581210191082803,0.09267734553775744,-19.79920894220284,0.5183823529411765,1.057626720624643,1.0316386838305418,-0.9621863442975024,-1.2634443535519428,0.3055555555555556,1.0462768996381642,-0.020253164556962026,1.1523220710318622,-0.6436445147104088,-2.827127072851637,Medical Instruments & Supplies,Healthcare,NEPH
2014Q4,2014,Q4,2015-04-15,2014-12-31,-5251000.0,342000.0,-790000.0,-1.5617754927653003,216000.0,0.631578947368421,3369000.0,-5681000.0,1684000.0,1247000.0,9050000.0,186000.0,-114165000.0,23905234.89,22621234.89,-1.6896679821747613,1.3504410585404971,0.0,0.0,0.13906002464354866,-1.6896679821747613,0.9243091005104735,69.89834763157894,-1.1381277323366978,-4.207927282168632,0.0,0.6774193548387096,0.0,0.10151380231522707,1.1178829190056134,-1.5586227367171268,-28.766828989169674,0.631578947368421,-4.784353676908519,0.25262090668469306,-0.970314321344183,-1.1994610768109948,-0.31645569620253167,-6.437677053824363,-0.16005873715124816,-1.8736448753724242,-0.7558093648821934,-2.395861949769709,Medical Instruments & Supplies,Healthcare,NEPH
2014Q3,2014,Q3,2014-11-13,2014-09-30,-706000.0,491000.0,-681000.0,-0.27,316000.0,0.6435845213849287,3105000.0,-386000.0,1367000.0,3057000.0,3491000.0,108000.0,-103348000.0,19685940.299999997,20242940.299999997,-0.13764747625491885,0.4471704285246974,0.5165861513687601,-4.155440414507772,-0.5591133004926109,-0.13764747625491885,1.8290155440414508,40.09356476578411,-6.970942032577903,-50.99984533678756,0.0,1.6203703703703705,0.0,0.15813204508856682,0.40104677788681714,-0.22737520128824476,-24.70005056461731,0.6435845213849287,0.0,0.8568075540089963,-0.9446746215127613,-1.0128210178100576,0.056856187290969896,-0.07951070336391437,-0.07075471698113207,0.31827158173099085,-0.5188906117384703,-1.0830746717929343,Medical Instruments & Supplies,Healthcare,NEPH
2014Q2,2014,Q2,2014-08-14,2014-06-30,-654000.0,441000.0,-636000.0,-0.27,299000.0,0.6780045351473923,2352000.0,216000.0,560000.0,1684000.0,2136000.0,163000.0,-102642000.0,29696727.24,29471727.24,0.07724487555349888,0.332541567695962,0.0,0.0,-2.9444444444444446,0.07724487555349888,-3.0277777777777777,67.3395175510204,-11.35195995412844,137.4848483333333,0.0,0.8711656441717791,0.0,0.1875,0.2007125890736342,-0.2780612244897959,-121.21113159183673,0.6780045351473923,0.24999999999999992,0.8796167604706252,-0.9363840080160518,-0.9883705979850123,-0.18528610354223432,0.1394736842105263,-0.13167259786476868,0.5655168042522302,-0.7231204475933408,-0.9612269208479005,Medical Instruments & Supplies,Healthcare,NEPH
2014Q1,2014,Q1,2014-05-14,2014-03-31,-760000.0,473000.0,-562000.0,-0.36,367000.0,0.7758985200845666,3059000.0,766000.0,1212000.0,2293000.0,2293000.0,192000.0,-101988000.0,12042702.719999999,11569702.719999999,0.36637622820934335,0.5285651984300044,0.0,0.0,-0.7336814621409922,0.36637622820934335,-0.9921671018276762,25.46025945031712,-3.961415368421052,15.721544020887729,0.0,0.5520833333333334,0.0,0.15462569467146126,0.41343218491059747,-0.2484472049689441,-19.361258392282956,0.7758985200845666,0.35943070638297875,0.8951375413915221,-0.9239804027701845,-0.9558873450931296,6.919354838709677,0.35319148936170214,0.35253456221198154,0.7730763485859773,-0.8533778398774737,-0.9418757678558207,Medical Instruments & Supplies,Healthcare,NEPH
2013Q4,2013,Q4,2013-12-31,2013-12-31,-1175000.0,226000.0,-868000.0,-0.5620000889634184,-62000.0,-0.2743362831858407,2889000.0,-610000.0,988000.0,3499000.0,3499000.0,162000.0,-101228000.0,7903023.659999999,8682023.66,-0.29176174831292356,0.28236639039725636,0.4700588438906196,-2.226229508196721,-1.160427807486631,-0.29176174831292356,1.9262295081967213,34.96913123893805,-1.6814943957446806,-12.955776491803277,0.0,1.7777777777777777,0.0,0.07822776047075113,0.20034295513003716,-0.4067151263412946,-11.571044890190336,-0.2743362831858407,-1.0814818109756235,0.8686214808568637,-0.947910577154742,-1.0244127670611842,-1.2707423580786026,-0.9230769230769231,-0.4276315789473684,0.6270060341889315,-0.907720872263475,-1.9538534419622373,Medical Instruments & Supplies,Healthcare,NEPH
2013Q3,2013,Q3,2013-11-14,2013-09-30,-611000.0,418000.0,-608000.0,-0.27,229000.0,0.5478468899521531,2556000.0,430000.0,600000.0,1950000.0,2126000.0,291000.0,-100053000.0,21344796.0,21176796.0,0.217570596598815,0.3076923076923077,0.0,0.0,-1.413953488372093,0.217570596598815,-1.4209302325581394,51.06410526315789,-8.73354991816694,49.63906046511628,0.0,0.6494845360824743,0.0,0.16353677621283255,0.13948717948717948,-0.2390453834115806,-154.6724347826087,0.5478468899521531,0.39999999999999997,0.9513006502435488,-0.8858934056513843,-0.9864558790292866,-0.3438395415472779,0.08941877794336811,0.03184713375796178,0.8085042605045276,-0.9210167371871654,-0.9366692344739818,Medical Instruments & Supplies,Healthcare,NEPH
2013Q2,2013,Q2,2013-08-13,2013-06-30,-671000.0,575000.0,-628000.0,-0.45,349000.0,0.6069565217391304,2882000.0,841000.0,870000.0,1689000.0,2041000.0,147000.0,-99442000.0,13100429.7,12802429.7,0.5199905771029786,0.5150976909413855,0.0,0.0,-0.746730083234245,0.5199905771029786,-0.797859690844233,22.783355999999998,-4.8809350596125185,15.577205350772887,0.0,1.5374149659863945,0.0,0.19951422623178347,0.38661930136175254,-0.23282442748091603,-8.042007182320441,0.6069565217391304,0.5000005555549383,0.9640071644938452,-0.7020509078138378,-0.9770974071307506,0.07384615384615385,0.45974235104669886,0.48184818481848185,0.7364514783607462,-0.8981056151473303,-0.8878450463452764,Medical Instruments & Supplies,Healthcare,NEPH
2013Q1,2013,Q1,2013-05-08,2013-03-31,-1242000.0,521000.0,-1212000.0,-0.900001,325000.0,0.6238003838771593,2737000.0,-1696000.0,667000.0,3902000.0,4433000.0,189000.0,-98772000.0,10207876.950000001,11264876.950000001,-1.271018455997356,0.1709379805228088,0.4749725977347461,-0.7665094339622641,3.0606060606060606,-1.271018455997356,0.7323113207547169,19.592854030710175,-2.054725634057971,-6.018795371462264,0.0,1.037037037037037,0.0,0.19035440263061745,0.0981547924141466,-0.453781512605042,-9.009600132391881,0.6238003838771593,-0.09374137920127504,0.8796630439338343,-0.7860816538691562,-1.037279398562272,3.1139240506329116,-0.13114754098360656,-0.08992805755395683,0.5925417136389151,-0.9087491512283279,-1.2080590601018846,Medical Instruments & Supplies,Healthcare,NEPH
2012Q4,2012,Q4,2013-03-04,2012-12-31,-1098000.0,368000.0,-1112000.0,-0.8228645428567789,79000.0,0.21467391304347827,3528000.0,-595000.0,1403000.0,3416000.0,4123000.0,312000.0,-97530000.0,14291027.73,14244027.73,-0.44590564936228,0.4107142857142857,0.0,0.0,,-0.44590564936228,1.8453781512605043,38.83431448369566,-3.2538769877049183,-24.018534000000002,0.0,0.9262820512820513,0.0,0.10430839002267574,0.28747072599531615,-0.3112244897959184,-31.68742290465632,0.21467391304347827,-0.30613212178516996,0.9919572605837191,-0.8674039755112041,-1.0107977305765914,-0.8087167070217918,-0.28722157092614303,-0.30363423212192264,0.6062226876971277,-0.9195144125706499,-1.0526380460044173,Medical Instruments & Supplies,Healthcare,NEPH
2012Q3,2012,Q3,2012-11-09,2012-09-30,-853000.0,604000.0,-853000.0,-0.630001,413000.0,0.6837748344370861,3956000.0,323000.0,1777000.0,2752000.0,3633000.0,293000.0,-96432000.0,15028404.299999999,14662404.299999999,0.25146382307534804,0.6457122093023255,0.0,0.0,,0.25146382307534804,-2.6408668730650153,24.88146407284768,-4.40457335873388,46.52756749226006,0.0,0.6518771331058021,0.0,0.15267947421638017,0.5218023255813954,-0.21562184024266937,-20.960117573221755,0.6837748344370861,0.0,0.9689157617216088,-0.7126855379829932,1.0030495168889804,0.5468164794007491,-0.1312997347480106,-0.050492610837438424,0.6222917411788916,-0.8514160555373522,-0.9765776878592136,Medical Instruments & Supplies,Healthcare,NEPH
2012Q2,2012,Q2,2012-08-14,2012-06-30,-754000.0,302000.0,-812000.0,-0.630001,267000.0,0.8841059602649006,4349000.0,897000.0,2235000.0,2442000.0,3452000.0,268000.0,-95579000.0,21934458.0,20947458.0,0.7361020728207645,0.9152334152334153,0.0,0.0,,0.7361020728207645,-0.8405797101449275,72.63065562913907,-7.272698275862069,24.453130434782608,0.0,0.13059701492537312,0.0,0.06944125086226718,0.7686322686322686,-0.1733731892389055,-14.992794258373205,0.8841059602649006,-0.40000222222222226,0.9740226456596256,-0.9512652350392057,1.0101273970947615,-0.1414790996784566,-0.35368043087971274,-0.460431654676259,0.6815147713396564,-0.900031234730671,-0.8891780604530892,Medical Instruments & Supplies,Healthcare,NEPH
2012Q1,2012,Q1,2012-05-15,2012-03-31,-557000.0,533000.0,-556000.0,-0.45,311000.0,0.5834896810506567,3599000.0,1034000.0,3584000.0,1343000.0,2565000.0,240000.0,-94825000.0,11093458.95,8919458.95,0.880816348087717,2.6686522710349965,0.0,0.0,,0.880816348087717,-0.5386847195357833,20.813243808630393,-4.979110839317773,10.728683704061895,0.0,0.925,0.0,0.14809669352597943,2.393149664929263,-0.15476521255904419,26.102256352941176,0.5834896810506567,0.1720063479623824,0.9793314782020972,-0.8950298289107832,1.0173909131992749,0.9808917197452229,0.12695924764890282,0.13260530421216848,0.8631237970577763,-0.8474339358072568,-0.8939474108638895,Medical Instruments & Supplies,Healthcare,NEPH
2011Q4,2011,Q4,2012-03-22,2011-12-31,-638000.0,489000.0,-641000.0,-0.543482427543485,157000.0,0.3210633946830266,3994000.0,1421000.0,3199000.0,2573000.0,2573000.0,247000.0,-94268000.0,7289987.31,5620987.31,1.2104835886195802,1.243295763699961,0.0,0.0,,1.2104835886195802,-0.4489795918367347,14.907949509202453,-2.8565780995297807,5.1301810767065446,0.0,1.3441295546558705,0.0,0.12243365047571357,1.103381267003498,-0.1597396094141212,-11.815214440842787,0.3210633946830266,-0.5096734098430139,0.9835034202318865,-0.8129195534984315,1.0395177664217647,-0.4919093851132686,-0.5447941888619855,-0.508235294117647,0.8729503466046112,-0.7992681553758798,-0.898714433776077,Medical Instruments & Supplies,Healthcare,NEPH
2011Q3,2011,Q3,2011-11-14,2011-09-30,-413000.0,407000.0,-425000.0,-0.36,309000.0,0.7592137592137592,2885000.0,1853000.0,2848000.0,1032000.0,1032000.0,396000.0,-93630000.0,19123699.5,17006699.5,1.6569126700615642,2.75968992248062,0.0,0.0,,1.6569126700615642,-0.22288181327576903,46.98697665847666,-11.576089285714287,10.320399082568809,0.0,0.2474747474747475,0.0,0.14107452339688042,2.248062015503876,-0.14315424610051994,46.75721149144254,0.7592137592137592,0.3333345678989483,0.9867375275191093,-0.8487855738173048,0.27841234751305644,0.5221674876847291,0.313953488372093,0.28929765886287623,0.9418265987756252,-0.8036543321347589,-0.8968545107103689,Medical Instruments & Supplies,Healthcare,NEPH
2011Q2,2011,Q2,2011-08-15,2011-06-30,-602000.0,637000.0,-598000.0,-0.540001,203000.0,0.31868131868131866,2794000.0,2228000.0,2733000.0,566000.0,566000.0,334000.0,-93217000.0,7548828.75,5835828.75,1.9922295892591284,4.828621908127208,0.0,0.0,,1.9922295892591284,-0.27019748653500897,11.85059458398744,-3.1348956602990032,3.388163711849192,0.0,1.2994011976047903,0.0,0.2279885468861847,4.063604240282685,-0.21546170365068004,-13.9793125,0.31868131868131866,0.6666664609056039,0.9831072054869038,-0.8709544056993445,-0.92838245013284,0.020100502512562814,0.1485148514851485,0.07430340557275542,0.9533002286323565,-0.5226484074248832,-0.9122537499831691,Medical Instruments & Supplies,Healthcare,NEPH
2011Q1,2011,Q1,2011-05-16,2011-03-31,-707000.0,681000.0,-646000.0,-1.620002,199000.0,0.2922173274596182,3649000.0,2782000.0,3564000.0,867000.0,867000.0,624000.0,-92615000.0,1747761.84,-499238.1599999999,6.303330206591534,4.110726643598616,0.0,0.0,,6.303330206591534,-0.2541337167505392,2.5664637885462556,-0.6180204526166903,0.6282393386053199,0.0,0.7724358974358975,0.0,0.18662647300630308,3.253748558246828,-0.19375171279802686,-3.1893464233576645,0.2922173274596182,-0.0751794927939849,0.9464760249640521,-0.39459574130824676,-0.8854218896885994,0.35374149659863946,-0.06315789473684211,-0.0695364238410596,0.7928982522961217,-0.15463484057322824,-0.8151212062009412,Medical Instruments & Supplies,Healthcare,NEPH
2010Q4,2010,Q4,2010-12-31,2010-12-31,-665000.0,517000.0,-604000.0,-1.5067270263779189,147000.0,0.28433268858800775,1590000.0,135000.0,1482000.0,1455000.0,1455000.0,726000.0,-91908000.0,7944372.0,8204372.0,0.30587691512935195,1.0185567010309278,0.31446540880503143,3.7037037037037037,,0.30587691512935195,-4.925925925925926,15.366290135396518,-2.986606015037594,58.8472,0.0,0.509641873278237,0.0,0.3251572327044025,0.38900343642611684,-0.41823899371069184,-11.76944,0.28433268858800775,0.16293035986742305,0.9204075367615263,0.12641255864138976,-0.9961101071201638,-0.5148514851485149,-0.7733333333333333,-0.5368956743002544,0.9852731376630304,-0.43680323476230754,-0.9925931045639605,Medical Instruments & Supplies,Healthcare,NEPH
2010Q3,2010,Q3,2010-11-12,2010-09-30,-375000.0,622000.0,-393000.0,-1.800002,303000.0,0.4871382636655949,1682000.0,798000.0,1546000.0,884000.0,884000.0,608000.0,-91243000.0,11707063.664566,11286063.664566,3.43546449804764,1.748868778280543,0.0,0.0,,3.43546449804764,-0.4699248120300752,18.821645762967847,-7.804709109710666,14.670505845320802,0.0,0.524671052631579,0.0,0.3697978596908442,0.9841628959276018,-0.22294887039239,162.59810645230556,0.4871382636655949,0.0,0.9368490315136461,-0.18718764071463534,-0.9648243251765506,0.07446808510638298,-0.0273972602739726,-0.07377049180327869,0.9244330231803128,0.6361401978251898,1.04166208435139,Medical Instruments & Supplies,Healthcare,NEPH
2010Q2,2010,Q2,2010-08-16,2010-06-30,-365000.0,809000.0,-366000.0,-1.800002,282000.0,0.34857849196538937,1942000.0,1075000.0,1783000.0,867000.0,867000.0,697000.0,-90869000.0,15024723.095589,14680723.095589,4.636358539309851,2.0565167243367934,0.0,0.0,,4.636358539309851,-0.3395348837209302,18.571969215808405,-10.29090622985548,13.976486600547906,0.0,0.7560975609756098,0.0,0.41658084449021626,1.1487889273356402,-0.18795056642636457,-52.71832665118948,0.34857849196538937,0.0,0.9470512279896807,0.05336800789532768,-0.9619809092501111,-0.2750642673521851,0.3087121212121212,0.3055028462998102,0.9339094465795317,-0.3138747435130763,1.0637876807238824,Medical Instruments & Supplies,Healthcare,NEPH
2010Q1,2010,Q1,2010-04-02,2010-03-31,-528000.0,989000.0,-527000.0,-1.800002,389000.0,0.39332659251769464,2289000.0,1412000.0,2097000.0,877000.0,877000.0,786000.0,-90504000.0,45765126.0,45201126.0,6.108931066856453,2.3911060433295326,0.0,0.0,,6.108931066856453,-0.37393767705382436,46.27414155712841,-21.66909375,32.411562322946175,0.0,0.7633587786259542,0.0,0.4320664045434688,1.3489167616875712,-0.2306684141546527,-105.44959907834101,0.39332659251769464,0.13861891868737047,0.6075062612507832,-0.8481101519439345,-0.9601212741487406,0.3010033444816054,-0.09316770186335403,0.003780718336483932,0.9004929515309157,-0.010762234846327962,1.120615256693072,Medical Instruments & Supplies,Healthcare,NEPH
2009Q4,2009,Q4,2010-04-02,2009-12-31,-483000.0,792000.0,-529000.0,-2.089669762954438,299000.0,0.37752525252525254,2652000.0,1958000.0,2421000.0,694000.0,694000.0,653000.0,-89975000.0,32451633.413177997,31447633.413177997,8.471166451065818,3.488472622478386,0.0,0.0,,8.471166451065818,-0.2466802860061287,40.97428461259848,-16.79691170454348,16.573867933185905,0.0,0.7549770290964778,0.0,0.2986425339366516,2.3530259365994235,-0.18212669683257918,-42.144978458672725,0.37752525252525254,-0.16092635616762535,0.9300582055079347,1.513485512990158,-0.9407452736787952,0.2056451612903226,-0.22278481012658227,0.02578268876611418,0.9365712630500196,0.5389000729612469,1.276551933690291,Medical Instruments & Supplies,Healthcare,NEPH
2009Q3,2009,Q3,2009-11-12,2009-09-30,-395000.0,711000.0,-543000.0,-1.800002,248000.0,0.3488045007032349,3279000.0,2412000.0,3040000.0,867000.0,867000.0,607000.0,-89492000.0,57423864.147978,55628864.147978,10.736080262437518,3.506343713956171,0.0,0.0,,10.736080262437518,-0.16376451077943616,80.76492847816878,-36.344217815175945,23.807572200654228,0.0,0.7627677100494233,0.0,0.21683440073193047,2.675893886966551,-0.1204635559621836,-130.50878215449546,0.3488045007032349,0.0,0.9881653739487295,-0.13564840639248182,-0.9880776397122536,0.29842931937172773,0.043583535108958835,0.08585858585858586,0.9368583703968436,0.31496036839324026,7.283561239761277,Medical Instruments & Supplies,Healthcare,NEPH
2009Q2,2009,Q2,2009-08-14,2009-06-30,-413000.0,527000.0,-594000.0,-1.800002,191000.0,0.36242884250474383,2340000.0,1412000.0,2051000.0,928000.0,928000.0,767000.0,-89097000.0,41325550.72452,40435550.72452,6.6422052874212065,2.2101293103448274,0.0,0.0,,6.6422052874212065,-0.29249291784702547,78.41660479036052,-25.015466540266342,29.26738719866855,0.0,0.4380704041720991,0.0,0.22521367521367522,1.3038793103448276,-0.1764957264957265,-53.669546395480516,0.36242884250474383,0.5,0.9906973071079626,0.0,1.006155205665466,0.0670391061452514,0.4380952380952381,0.1972972972972973,0.9390310862720265,-0.4383474142943119,-0.7612230683830449,Medical Instruments & Supplies,Healthcare,NEPH
2009Q1,2009,Q1,2009-05-15,2009-03-31,-735000.0,631000.0,-740000.0,-3.600004,179000.0,0.2836767036450079,3172000.0,1761000.0,2823000.0,1411000.0,1411000.0,589000.0,-88684000.0,3816522.0,2165522.0,8.305467648293394,2.0007087172218285,0.0,0.0,,8.305467648293394,-0.41737649063032367,6.0483708399366085,-1.2981367346938775,2.1672470187393524,0.0,0.767402376910017,0.0,0.1989281210592686,1.4790928419560596,-0.23171500630517025,-5.782609090909091,0.2836767036450079,0.15842861288202864,0.4043922273053922,-0.8943581440652603,-0.9457824185953319,4.966666666666667,0.18963616317530319,0.21192758253461128,0.8841734590765326,0.1676683827778405,-0.849028250590649,Medical Instruments & Supplies,Healthcare,NEPH
2008Q4,2008,Q4,2009-03-31,2008-12-31,-907000.0,440000.0,-939000.0,-4.277716727428795,30000.0,0.06818181818181818,4036000.0,2534000.0,3603000.0,1502000.0,1502000.0,724000.0,-87949000.0,4579826.4,2273826.4000000004,11.951195355352334,2.3988015978695074,0.0,0.0,,11.951195355352334,-0.3579321231254933,10.408696363636365,-1.262355678059537,1.807350591949487,0.0,0.5662983425414365,0.0,0.10901883052527254,1.8089214380825567,-0.22472745292368682,-3.2026758041958043,0.06818181818181818,0.4058732543692256,0.8568237003046407,0.522222329691814,-0.9164029164007801,-0.7841726618705036,0.3261515601783061,0.318577648766328,0.7740307265935495,0.9954985619956319,-0.8480144547729007,Medical Instruments & Supplies,Healthcare,NEPH
2008Q3,2008,Q3,2008-11-14,2008-09-30,-1346000.0,393000.0,-1378000.0,-7.200007,139000.0,0.35368956743002544,5328000.0,3406000.0,4747000.0,1922000.0,1922000.0,337000.0,-87042000.0,16029391.975942,12284391.975942,16.063840323729302,2.4698231009365244,0.0,0.0,,16.063840323729302,-0.39518496770405165,40.78725693623919,-2.9772273357990344,4.706221954181444,0.0,0.7537091988130564,0.0,0.07376126126126126,2.1196670135275753,-0.25262762762762764,-9.191165123819955,0.35368956743002544,0.33333336419749937,0.9572694195034444,-0.49376790544955096,-0.9821611903727658,0.5274725274725275,0.4492635024549918,0.47484756097560976,0.7516775589278247,-0.43738070041054594,-0.835522554820626,Medical Instruments & Supplies,Healthcare,NEPH
2008Q2,2008,Q2,2008-08-14,2008-06-30,-2444000.0,253000.0,-2624000.0,-10.800011,91000.0,0.35968379446640314,7353000.0,4814000.0,6694000.0,2539000.0,2539000.0,422000.0,-85695000.0,25570696.975942,24166696.975942,22.704441373585688,2.636471051595116,0.0,0.0,,22.704441373585688,-0.5076859160781055,101.06994852150989,-2.615660492629092,5.311735973398837,0.0,0.38388625592417064,0.0,0.0344077247382021,2.2772745175265854,-0.3323813409492724,-18.277839153639743,0.35968379446640314,-0.5000000694443768,0.9448066224483652,0.0,1.0210397752142033,-0.38926174496644295,-0.4902439024390244,-0.4774774774774775,0.6122958808414161,-0.6397630064906723,-0.8138189249840939,Medical Instruments & Supplies,Healthcare,NEPH
2008Q1,2008,Q1,2008-05-15,2008-03-31,-1640000.0,387000.0,-1776000.0,-7.200007,149000.0,0.3850129198966408,8761000.0,7229000.0,3724000.0,1532000.0,1532000.0,355000.0,-83252000.0,32440437.0,29935437.0,34.09439274816181,2.430809399477807,0.0,0.0,,34.09439274816181,-0.2268640199197676,83.82541860465116,-4.945188567073171,4.487541430349979,0.0,0.6704225352112676,0.0,0.04417303960735076,1.8994778067885119,-0.1871932427805045,-25.973128102481986,0.3850129198966408,0.929626594560319,-0.328975166284567,-0.9352085606232263,-0.7774339034785085,0.02054794520547945,0.9243995759000599,0.31718569780853517,-0.328975166284567,-0.9352085606232263,-0.7774339034785085,Medical Instruments & Supplies,Healthcare,NEPH
2007Q4,2007,Q4,2007-12-31,2007-12-31,-21693000.0,441000.0,-2601000.0,-102.31147626032288,146000.0,0.3310657596371882,10085000.0,8756000.0,9296000.0,1329000.0,1329000.0,336000.0,-81612000.0,19082610.0,16414610.0,41.29623777879441,6.994732881866065,0.07744174516608825,0.08919597989949749,,41.29623777879441,-2.4775011420740065,43.27122448979592,-0.21991667819112157,2.1793752855185016,0.0,0.8779761904761905,0.0,0.043728309370352006,6.446952595936795,-2.1510163609320774,-5.71335628742515,0.3310657596371882,-3.7366375951062865,-2.4243919176311235,0.5256819258956593,-0.7111380962925139,8.68421052631579,-13.837893296853625,-0.43622308117062397,-2.4243919176311235,0.5256819258956593,-0.7111380962925139,Medical Instruments & Supplies,Healthcare,NEPH
2007Q3,2007,Q3,2007-09-30,2007-09-30,-1462000.0,112000.0,-1811000.0,-21.600022,-19000.0,-0.16964285714285715,14191000.0,-5643000.0,13474000.0,1521000.0,19834000.0,560000.0,-59918000.0,16629219.0,27704219.0,-82.46021656218491,8.858645627876397,1.239377069973927,-3.116781853623959,,-82.46021656218491,0.25908204855573275,148.47516964285714,-2.8435737004103965,-2.9468755980861245,0.0,0.23392857142857143,0.0,0.00789232612219012,6.986850756081525,-0.1030230427735889,-9.747490621336459,-0.16964285714285715,0.07692304404999951,0.8561960579638288,-0.5530027681893066,-1.091571633895065,-1.1844660194174756,0.10306748466257669,-0.16914138153647515,0.8561960579638288,-0.5530027681893066,-1.091571633895065,Medical Instruments & Supplies,Healthcare,NEPH
2007Q2,2007,Q2,2007-06-30,2007-06-30,-1630000.0,348000.0,-1549000.0,-23.400023,103000.0,0.2959770114942529,2380000.0,-4974000.0,1606000.0,1807000.0,7354000.0,634000.0,-58456000.0,15274245.394701,20371245.394701,-72.68423129192057,0.8887659103486442,2.3642857142857143,-1.1312826698833935,,-72.68423129192057,0.32770406111781264,43.891509754887934,-2.3426756740338956,-3.0708173290512666,0.0,0.3864353312302839,0.0,0.146218487394958,0.29883785279468733,-0.6848739495798319,-19.285663377147728,0.2959770114942529,0.0,0.8859479593627172,0.0,0.9326449013725437,0.13186813186813187,-0.037555697008274984,-0.020421607378129116,0.8859479593627172,0.0,0.9326449013725437,Medical Instruments & Supplies,Healthcare,NEPH
2007Q1,2007,Q1,2007-03-31,2007-03-31,-1571000.0,296000.0,-1518000.0,-23.400023,91000.0,0.30743243243243246,3391000.0,-3466000.0,2536000.0,1397000.0,6857000.0,656000.0,-56826000.0,22295470.578803997,27455470.578803997,-50.64807914310347,1.8153185397279885,1.6434680035387792,-1.6079053664166185,,-50.64807914310347,0.4532602423542989,75.32253573920269,-3.5479743123494587,-6.432622786729371,0.0,0.3125,0.0,0.08728988498967856,1.117394416607015,-0.46328516661751695,-12.806128994143593,0.30743243243243246,0.28972800879693206,-2.944381275374279,-0.8464576935834326,-1.33062754202595,3.7089262613195344,0.3031825617333234,0.3185943832067182,-2.944381275374279,-0.8464576935834326,-1.33062754202595,Medical Instruments & Supplies,Healthcare,NEPH
