Quarters,Year,Quarter,FillingDate,Date,NetIncome,Revenue,OperatingIncome,EPSDiluted,GrossProfit,GrossProfitRatio,TotalAssets,CommonStockEquity,CurrentAssets,CurrentLiability,TotalLiability,Inventory,RetainedEarnings,MarketCap,EnterpriseValue,bookValuePerShare,currentRatio,debtToAssets,debtToEquity,roic,shareholdersEquityPerShare,roe,priceToSalesRatio,peRatio,pbRatio,payoutRatio,inventoryTurnover,dividendYield,assetTurnover,quickRatio,returnOnAssets,priceToFreeCashFlowsRatio,grossProfitMargin,epsdilutedGrowth,fiveYNetIncomeGrowthPerShare,fiveYRevenueGrowthPerShare,fiveYShareholdersEquityGrowthPerShare,grossProfitGrowth,netIncomeGrowth,operatingIncomeGrowth,threeYNetIncomeGrowthPerShare,threeYRevenueGrowthPerShare,threeYShareholdersEquityGrowthPerShare,Industry,Sector,Symbol
2023Q1,2023,Q1,2023-04-28,2023-03-31,4060000.0,536987000.0,26750000.0,0.04,77565000.0,0.1444448376,2042478000.0,526306000.0,1305287000.0,575228000.0,1516172000.0,197610000.0,1331914000.0,1776575699.4199998,1972293699.4199998,5.22284233822924,2.269164574742537,0.3540258450764219,1.3738965544759132,0.0033958664927087505,5.22284233822924,0.007714143483068785,3.3084147277680835,109.39505538300493,3.3755566142510247,0.0,2.324892464956227,0.0,0.26290956377498315,1.441536225635748,0.0019877815085401164,-29.016213425776208,0.14444483758452253,-0.8260869565217391,1.0807954733994651,0.2608800446503107,-0.6848432775591361,-0.1391423053872278,-0.8244552058111381,0.5858430163623429,1.0108799441418268,-0.014329307631772207,-0.17783140925265675,Oil & Gas Equipment & Services,Energy,OII
2022Q4,2022,Q4,2023-02-24,2022-12-31,23128000.0,536223000.0,16868000.0,0.23,90102000.0,0.1680308379,2031683000.0,525804000.0,1297060000.0,568414000.0,1505879000.0,184375000.0,1327854000.0,1753539092.2499998,1905347092.2499998,5.244429394613629,2.2818931271925043,0.35465818240345565,1.3703832606826878,0.007837671229774062,5.244429394613629,0.04398597195913306,3.2701676210270723,18.954720384923036,3.3349671973777295,0.0,2.4196393220338983,0.0,0.26393044584219094,1.8587068580295347,0.011383665660440138,13.133451861935182,0.16803083791631468,0.2777777777777779,-0.8693813597839485,0.08562494966117472,-0.689350035385395,-0.05902625477786829,0.2636179861224936,-0.024745605920444034,1.0868027943262624,-0.056513424169507664,-0.5148101883280993,Oil & Gas Equipment & Services,Energy,OII
2022Q3,2022,Q3,2022-10-28,2022-09-30,18303000.0,559671000.0,17296000.0,0.18,95754000.0,0.171089801,1922832000.0,477298000.0,1219742000.0,515725000.0,1445534000.0,167762000.0,1304726000.0,798065819.0,1090127819.0,4.760624987999893,2.3651015560618545,0.3742235411101958,1.5075885505491329,0.006108528801067555,4.760624987999893,0.038347112286244656,1.4259552826571325,10.90075150248593,1.6720493674811123,0.0,2.765328262657813,0.0,0.29106599016450735,1.922935673081584,0.009518772310841509,11.979552665155586,0.171089800972357,3.851752021563342,11.147644752631074,0.15223646463166057,-0.6869680184433179,0.2592417248589577,3.9201612903225804,3.727215389467045,1.7076047568811004,0.10971536239870891,-0.6368847693226526,Oil & Gas Equipment & Services,Energy,OII
2022Q2,2022,Q2,2022-07-29,2022-06-30,3720000.0,524031000.0,-6342000.0,0.0371,76041000.0,0.1451078276,1872423000.0,476728000.0,1147764000.0,472739000.0,1395695000.0,169245000.0,1286423000.0,1070734475.16,1422843475.1599998,4.7551051713723735,2.427902077044627,0.38480674505707313,1.511388045174607,-0.0011633520915483478,4.7551051713723735,0.0078031917571445356,2.0432655227648744,71.95796204032257,2.246007105015858,0.0,2.646991048480014,0.0,0.27986785037355344,1.9194333448266379,0.0019867305624850797,-17.705114014815795,0.14510782759035248,1.1952631578947368,0.7102083705672341,-0.002730169304856235,-0.6866396295142232,0.6719656992084433,1.1936491410723582,0.7988199467072706,1.1043368472308577,0.04299540208905401,-0.6523055268656374,Oil & Gas Equipment & Services,Energy,OII
2022Q1,2022,Q1,2022-04-29,2022-03-31,-19210000.0,446159000.0,-31524000.0,-0.19,45480000.0,0.1019367535,1901997000.0,502055000.0,1142721000.0,465435000.0,1399942000.0,162261000.0,1282703000.0,1519844409.24,1803654409.24,5.007850641636381,2.455167746301847,0.3795111138450797,1.4377488522173865,-0.048444079304846274,5.007850641636381,-0.038262740138032686,3.4065084627677575,-19.779339006246747,3.0272468339922916,0.0,2.4693487652609067,0.0,0.2345739767202577,1.9758612910503077,-0.010099910777987556,-15.22585062352234,0.10193675348922694,0.5128205128205129,-1.4990430895410867,-0.019933718455132143,-0.6695621375266085,-0.4254891805515203,0.5050627367119264,-0.7500693943263199,0.23647417063501602,-0.10857757473121933,-0.6424101957554579,Oil & Gas Equipment & Services,Energy,OII
2021Q4,2021,Q4,2022-02-25,2021-12-31,-38813000.0,466709000.0,-18013000.0,-0.39,79163000.0,0.1696196131,1962859000.0,504961000.0,1188003000.0,501161000.0,1451835000.0,153682000.0,1301913000.0,1128749196.9,1463414196.9,5.0596792677106714,2.3705016950640614,0.44464681365294195,1.7284087285948815,-0.016608173234190695,5.0596792677106714,-0.0768633617249649,2.4185288839512418,-7.270432567052276,2.2353195531932166,0.0,2.521739696255905,0.0,0.2377700079323069,1.9397957941659467,-0.019773707637685642,8.985998128363534,0.1696196130779565,-4.284552845528456,-2.458288665359984,-0.06111739233428312,-0.6728437219622931,0.32273426012565165,-4.266350067842605,-2.1423045215295833,0.4025118771934491,-0.0692524872793773,-0.6462074649068578,Oil & Gas Equipment & Services,Energy,OII
2021Q3,2021,Q3,2021-10-29,2021-09-30,-7370000.0,466814000.0,15769000.0,-0.0738,59848000.0,0.1282052381,1981972000.0,543034000.0,1185135000.0,451246000.0,1432875000.0,128869000.0,1340726000.0,1329318750.6000001,1791319750.6000001,5.441293050846702,2.626361230902878,0.45900042987489226,1.6752652688413616,-0.011516468500616942,5.441293050846702,-0.01357189420920237,2.8476411388690144,-45.092223561736766,2.4479475513503757,0.0,3.157982136898711,0.0,0.23553006803325174,2.2209349224148247,-0.0037185187278125018,55.369824666777745,0.12820523806055517,-2.23,0.38619442140486254,-0.16492443756093902,-0.6605256237682938,-0.1249908621723175,-2.18090049671527,-0.3089530654279329,0.8897147223996078,-0.11247349534865113,-0.6416423618439554,Oil & Gas Equipment & Services,Energy,OII
2021Q2,2021,Q2,2021-07-30,2021-06-30,6241000.0,498199000.0,22819000.0,0.06,68397000.0,0.1372885132,2061549000.0,556669000.0,1228876000.0,479523000.0,1498817000.0,129133000.0,1348096000.0,1553814969.66,2045890969.66,5.578100674301364,2.5627050214483975,0.4599274623111068,1.703279686851612,0.006915417765700264,5.578100674301364,0.011211330251909124,3.1188640877641265,62.24222759413555,2.7912726766893794,0.0,3.3283668775603448,0.0,0.24166245866578967,2.1633394018639356,0.003027335270711489,40.97937520531688,0.13728851322463514,1.6389776357827475,-0.7250998909636561,-0.21738297193327136,-0.6563203294204137,0.20721181848668302,1.6664175120128137,0.6555902198360299,1.1862970923587723,0.02760897848302685,-0.6488459963411894,Oil & Gas Equipment & Services,Energy,OII
2021Q1,2021,Q1,2021-04-30,2021-03-31,-9365000.0,437553000.0,13783000.0,-0.0939,56657000.0,0.129486028,2003524000.0,542282000.0,1161517000.0,416743000.0,1455179000.0,130612000.0,1341855000.0,1139174029.64,1660299029.64,5.436272491181227,2.7871301977477727,0.48108632589377515,1.7774294555231411,-0.025888806178610096,5.436272491181227,-0.01726961248944276,2.603510956706959,-30.41041189642285,2.1007041163822513,0.0,2.9162404679508773,0.0,0.21839169383546192,2.3557300302584565,-0.004674263946925517,-91.70616886491709,0.12948602797832492,0.6244000000000001,-1.3667263783628112,-0.29296415706776807,-0.6692384720523684,0.25901646630074887,0.6254,4.173798798798799,0.8117321289904199,0.037882283733412764,-0.671964476492894,Oil & Gas Equipment & Services,Energy,OII
2020Q4,2020,Q4,2021-02-26,2020-12-31,-25000000.0,424262000.0,2664000.0,-0.25,45001000.0,0.1060688914,2045842000.0,552094000.0,1170263000.0,437116000.0,1487685000.0,141241000.0,1351220000.0,789501485.85,1306738485.85,5.5593908037734945,2.6772367060459925,0.473767280171196,1.7555941560676263,0.004092110254718284,5.5593908037734945,-0.04528214398272758,1.8608819216663288,-7.895014858500001,1.4300127982734825,0.0,2.6852047210087724,0.0,0.20737769583379362,2.242896622406867,-0.012219907500188186,8.827459394322261,0.10606889139258288,0.6875,-1.8955711144592267,-0.42106613143756516,-0.6554313325483262,0.5176891167245624,0.684999684999685,1.1208930840442912,-1.1425433325348544,-0.1328218387337864,-0.6706935251631448,Oil & Gas Equipment & Services,Energy,OII
2020Q3,2020,Q3,2020-11-02,2020-09-30,-79365000.0,439743000.0,-22036000.0,-0.8,29651000.0,0.0674280205,2037700000.0,553356000.0,1125820000.0,431175000.0,1478281000.0,148527000.0,1376220000.0,349552325.76,959717325.76,5.572307710340779,2.611051197309677,0.47550768022770773,1.751028271131062,-0.014280489926093156,5.572307710340779,-0.14342484765684296,0.794901398680593,-1.1010909272349272,0.6316951939800057,0.0,2.7610602786025438,0.0,0.21580360210040733,2.2429732707137475,-0.038948324090886784,18.382977952143044,0.06742802045740352,-2.2,-2.1409332985715435,-0.4173322785311006,-0.6568589439700345,-0.30293626724968853,-2.201750847184121,-1.877889512864046,-43.42506849737827,-0.08596283172646813,-0.6335963179606804,Oil & Gas Equipment & Services,Energy,OII
2020Q2,2020,Q2,2020-08-03,2020-06-30,-24788000.0,427216000.0,-7657000.0,-0.25,42537000.0,0.0995679001,2128784000.0,619346000.0,1131908000.0,452444000.0,1503375000.0,160447000.0,1455585000.0,634441457.0699999,1273114457.07,6.237960801422443,2.5017637541883637,0.45668419153845574,1.569691254968951,-0.005565701629721806,6.237960801422443,-0.040022862826271585,1.4850601500646041,-6.39867533756253,1.0243732212204486,0.0,2.397545606960554,0.0,0.20068546174717586,2.124643049747593,-0.011644206269870498,23.596587833153567,0.09956790007864874,0.9324324324324325,-1.3731281170520937,-0.4804281355243841,-0.6180930548628367,-0.09015657084188912,0.9325676418261253,0.43875980356226635,-12.5071404294678,-0.17903801197430727,-0.5889197741455349,Oil & Gas Equipment & Services,Energy,OII
2020Q1,2020,Q1,2020-05-15,2020-03-31,-367598000.0,536668000.0,-13643000.0,-3.7,46752000.0,0.0871153115,2165097000.0,630596000.0,1151906000.0,485733000.0,1528438000.0,166360000.0,1480373000.0,291845168.15999997,954017168.16,6.352519905293058,2.3714798047486996,0.44784690939944033,1.5376437528940874,-0.007121961742128446,6.352519905293058,-0.5829374115915736,0.5438095212682701,-0.19848119968008532,0.4628084671643969,0.0,2.944914642943015,0.0,0.2478724971675634,1.9099217059577998,-0.16978361708505438,-4.914955929874197,0.087115311514754,-0.39097744360902253,-6.261392367556582,-0.3214795976171417,-0.6039116401607622,3.2932260754402316,-0.3981788583252191,0.9463233269071881,-47.296345689413386,0.19060099739118205,-0.580835522255353,Oil & Gas Equipment & Services,Energy,OII
2019Q4,2019,Q4,2020-02-27,2019-12-31,-262912000.0,560810000.0,-254170000.0,-2.66,-20387000.0,-0.0363527754,2740663000.0,1069346000.0,1244436000.0,600956000.0,1665254000.0,174744000.0,1850244000.0,1475058764.76,2075535764.76,10.809026217063403,2.07076058812958,0.35543662245230445,0.9109605310161538,-0.11240495604388752,10.809026217063403,-0.2458624243229039,2.6302290700237156,-1.402616431315421,1.3794027047933972,0.0,3.3259911642173696,0.0,0.2046256690443152,1.7080817896817737,-0.0959300723948913,55.52639807114625,-0.03635277544979583,-9.230769230769232,-3.583423139875819,-0.3855014708770553,-0.3504398372214495,-1.4155439147184117,-9.300983426713161,-39.92255675414587,-22.631843847167758,0.13810947148669733,-0.30109388376578194,Oil & Gas Equipment & Services,Energy,OII
2019Q3,2019,Q3,2019-11-04,2019-09-30,-25523000.0,497647000.0,-6211000.0,-0.26,49061000.0,0.0985859455,2885692000.0,1297016000.0,1167197000.0,510414000.0,1582613000.0,198749000.0,2113156000.0,1340494765.65,1975683765.65,13.110507590440438,2.2867652533041807,0.33805132356467704,0.7521202514078469,-0.003670250098896035,13.110507590440438,-0.019678246066355386,2.69366592313427,-13.130262563668065,1.033522150574858,0.0,2.257047834202939,0.0,0.17245326251034415,1.8102168043979985,-0.008844672265785815,-72.35357940573218,0.09858594545933161,0.27777777777777773,-1.2178898128292002,-0.45715241534805057,-0.3180611758768614,0.16859204916275636,0.27454380080723095,0.20167095115681233,-1.1443424466835281,-0.10194616593250676,-0.18205445934339803,Oil & Gas Equipment & Services,Energy,OII
2019Q2,2019,Q2,2019-07-30,2019-06-30,-35182000.0,495781000.0,-7780000.0,-0.36,41983000.0,0.0846805343,2938635000.0,1352970000.0,1195193000.0,491044000.0,1579602000.0,206671000.0,2138679000.0,1993429485.4499998,2622142485.45,13.676102264457954,2.433983512679108,0.3350368453380566,0.7276961056047067,-0.006019032521204874,13.676102264457954,-0.026003532968210678,4.020786366258489,-14.165123397262803,1.473373013037983,0.0,2.1957507342587976,0.0,0.1687113234545971,1.9085682749407384,-0.011972225199795144,157.1237869827382,0.08468053434883548,-0.43999999999999995,-1.3482345006522005,-0.41638478428284825,-0.3201556518714083,0.5218399971000833,-0.4170862367583679,0.5807060091619509,-2.5632416411213472,-0.21436435065030843,-0.15738374125878862,Oil & Gas Equipment & Services,Energy,OII
2019Q1,2019,Q1,2019-05-01,2019-03-31,-24827000.0,493886000.0,-18555000.0,-0.25,27587000.0,0.0558570196,2971518000.0,1385437000.0,1220392000.0,500311000.0,1580018000.0,203010000.0,2173861000.0,1597692028.85,2234835028.85,14.004455893859046,2.4392667760652875,0.3294296046667057,0.7065683968307472,-0.006454715680982579,14.004455893859046,-0.017919977595516792,3.2349409152112023,-16.0882509853184,1.153204388831827,0.0,2.2969262597901583,0.0,0.1662066324350046,1.9085089074595603,-0.008354988931583117,-147.38856354704797,0.05585701963611036,0.6153846153846154,-1.2971122475774648,-0.3582679881869225,-0.2764377876256526,-0.1649159981837445,0.6129188169444488,0.8111988440953214,-1.980306860509369,-0.1952871982258985,-0.1479207054020332,Oil & Gas Equipment & Services,Energy,OII
2018Q4,2018,Q4,2019-02-28,2018-12-31,-64139000.0,495095000.0,-98278000.0,-0.65,33035000.0,0.066724568,2824998000.0,1409235000.0,1244889000.0,494741000.0,1409700000.0,194507000.0,2204548000.0,1192324501.5,1630245501.5,14.301260670688315,2.5162438528442155,0.28041789764098946,0.5621347752504018,-0.026521962196391722,14.301260670688315,-0.045513345893339295,2.408274172633535,-4.647423960071095,0.8460792568308337,0.0,2.375544324882909,0.0,0.1752549913309673,2.0000848929035597,-0.022704086870149996,-48.395685412184925,0.06672456801219968,0.02985074626865674,-1.753754284881948,-0.39246480949857465,-0.24276717175635143,-0.30649732339666214,0.02788766122554146,-20.495734973219598,-3.31557567224966,-0.3191364458283222,-0.1136139720860547,Oil & Gas Equipment & Services,Energy,OII
2018Q3,2018,Q3,2018-11-01,2018-09-30,-65979000.0,519300000.0,5041000.0,-0.67,47635000.0,0.0917292509,2923699000.0,1496119000.0,1189836000.0,476314000.0,1422226000.0,189119000.0,2268687000.0,2684032627.56,3108789627.56,15.183973973166227,2.4980076168241956,0.27085790979167146,0.5293074949252031,0.030009401679959743,15.183973973166227,-0.04410010166303616,5.168558882264587,-10.170026173327877,1.7939967526379919,0.0,2.494011706914694,0.0,0.17761746335720607,1.9868301162678401,-0.022566960552368762,-257.6341550739105,0.09172925091469286,-0.9705882352941176,-1.693924826661351,-0.33172622645180294,-0.16924408567787916,0.6023614101184069,-0.9947696214778087,1.240276453765491,-1.955929377882771,-0.30652758172151373,-0.0649753863709132,Oil & Gas Equipment & Services,Energy,OII
2018Q2,2018,Q2,2018-08-01,2018-06-30,-33076000.0,478674000.0,-20980000.0,-0.34,29728000.0,0.0621048981,2902748000.0,1565180000.0,1114245000.0,427376000.0,1332214000.0,185926000.0,2334666000.0,2508614714.2200003,2960706714.2200003,15.885055036197674,2.6071772865111753,0.2727184722890172,0.5057776102429113,-0.009886429705420327,15.885055036197674,-0.02113239371829438,5.24075824928866,-18.96098919322167,1.6027643556779414,0.0,2.414648838785323,0.0,0.16490373949099268,1.9745212646475234,-0.011394719762101291,-141.48185179741697,0.06210489811437429,0.31999999999999995,-1.3675776730326175,-0.3592768069903229,-0.08312167072940364,0.5789250053112386,0.3268068304398266,0.380645923126882,-1.5017005787627584,-0.4133851073874001,-0.02746858543474759,Oil & Gas Equipment & Services,Energy,OII
2018Q1,2018,Q1,2018-05-03,2018-03-31,-49133000.0,416413000.0,-33874000.0,-0.5,18828000.0,0.0452147267,2928681000.0,1632849000.0,1105745000.0,372522000.0,1290478000.0,185009000.0,2367742000.0,1826734427.1,2283245427.1,16.57220667158466,2.9682676459376895,0.27023120647144566,0.4846871939781327,-0.015875334213425386,16.57220667158466,-0.030090351281716804,4.386833329170799,-9.294844743349683,1.1187405737456433,0.0,2.1490035619888763,0.0,0.14218448509755757,2.164315127697156,-0.016776494264824336,-90.81905275430049,0.045214726725630566,-1.284090909090909,-1.7208262964620578,-0.36363040917198847,-0.022374520149922368,-0.5441051841448945,-1.2830763735250736,-2.573960751213336,-1.7085007693961838,-0.4695786663923584,0.033299896312883104,Oil & Gas Equipment & Services,Energy,OII
2017Q4,2017,Q4,2018-03-01,2017-12-31,173568000.0,484175000.0,-9478000.0,1.76,41299000.0,0.0852976713,3023950000.0,1659164000.0,1187402000.0,435797000.0,1359432000.0,215282000.0,2417412000.0,2077625966.3600001,2442611966.36,16.882118113613544,2.7246676778408294,0.26300104168389027,0.47933899240822486,0.04535380002408787,16.882118113613544,0.10461172011928899,4.291064111860381,2.9925244952410583,1.2522125397850967,0.0,2.0571901041424736,0.0,0.1601134278013856,2.081746776595525,0.057397774434101094,-50.28623212218027,0.08529767129653534,98.77777777777779,1.364358828394814,-0.31927886415488904,0.003441777632938165,-0.24753575658194407,99.17194570135747,-1.9000094957743805,0.7168173477952805,-0.4659563477460345,0.014517975043339279,Oil & Gas Equipment & Services,Energy,OII
2017Q3,2017,Q3,2017-11-02,2017-09-30,-1768000.0,476120000.0,10531000.0,-0.018,54885000.0,0.1152755608,3144683000.0,1494604000.0,1232775000.0,461456000.0,1644725000.0,245783000.0,2243844000.0,2581730774.17,2904479774.17,15.208110571724013,2.671489806178704,0.2528490153061533,0.5320004496174238,-0.0037523896478027026,15.208110571724013,-0.001182922031521393,5.4224371464546754,-365.06374069145926,1.72736776709416,-8.337669683257918,1.7138492084481025,0.005709735557046641,0.15140476798456315,2.0303734267189073,-0.0005622188309600682,113.18416370758439,0.11527556078299589,-1.9,-1.0229990549624277,-0.28797861259346996,-0.05372145606567319,0.024528196225569805,-1.829268292682927,0.1215122470713525,-1.015193660380543,-0.4771851762894214,-0.20895503329114498,Oil & Gas Equipment & Services,Energy,OII
2017Q2,2017,Q2,2017-08-03,2017-06-30,2132000.0,515036000.0,9390000.0,0.02,53571000.0,0.1040140883,3091801000.0,1491145000.0,1261705000.0,482906000.0,1600656000.0,266636000.0,2260353000.0,2244398249.32,2557017249.32,15.174558174031146,2.612734155301446,0.2571181004210814,0.533119180227275,0.00258777578517486,15.174558174031146,0.001429773764456173,4.357750233614738,263.17990728424013,1.5051509070680584,6.913696060037523,1.730692779669662,0.006567461904083143,0.16658122563515568,1.9647612578845572,0.0006895657256078253,111.62828256838756,0.10401408833557266,1.2607561929595827,-0.9677330550843612,-0.15909246091797394,0.007842351604085663,0.19431501504848958,1.2829838067427661,4.997445721583652,-0.9787548169449014,-0.3896255879335057,-0.24566682739905063,Oil & Gas Equipment & Services,Energy,OII
2017Q1,2017,Q1,2017-05-03,2017-03-31,-7534000.0,446176000.0,-2349000.0,-0.0767,44855000.0,0.100532077,3090996000.0,1489133000.0,1246730000.0,477528000.0,1601863000.0,297645000.0,2272961000.0,2660851174.48,2993121174.48,15.155196211934214,2.6107997855623126,0.2571294171846227,0.5337239857017473,-0.000899232184261179,15.155196211934214,-0.005059319751828749,5.963680642795668,-88.29476952747545,1.7868458858140943,-1.956331298115211,1.348320986409985,0.005539204951167697,0.14434700012552587,1.868514516426262,-0.002437402054224593,64.586901657362,0.1005320770278993,0.3027272727272727,-1.1613863472777592,-0.17332252211631988,0.018238076091283927,-0.12171290947896066,0.31682988755894087,-0.11857142857142858,-1.0907758958600977,-0.416310593359763,-0.2169829814749946,Oil & Gas Equipment & Services,Energy,OII
2016Q4,2016,Q4,2017-02-24,2016-12-31,-11028000.0,488445000.0,-2100000.0,-0.11,51071000.0,0.1045583433,3130315000.0,1516643000.0,1262595000.0,508364000.0,1613672000.0,280130000.0,2295234000.0,2766423862.02,3110845862.02,15.465634032942233,2.4836436096969887,0.25384506032140536,0.5239301536353644,-0.0011796559650870718,15.465634032942233,-0.007271322255797838,5.663736678684397,-62.7136348843852,1.8240441963072391,-1.3337867247007618,1.5613250990611502,0.005316972645420906,0.15603701224956593,1.8489546860123849,-0.0035229681357946403,56.72504792019521,0.10455834331398622,0.0833333333333333,-1.2083292751439643,-0.06286217141664555,0.07244548248281617,0.44093332957142456,0.06526529920325479,0.8064159292035398,-1.1302260384572698,-0.3977288930132356,-0.181115142992326,Oil & Gas Equipment & Services,Energy,OII
2016Q3,2016,Q3,2016-11-07,2016-09-30,-11798000.0,549275000.0,-10848000.0,-0.12,35443000.0,0.0645268763,3237570000.0,1571780000.0,1359268000.0,501073000.0,1665790000.0,297195000.0,2320971000.0,2697660118.23,3050477118.23,16.02858251408283,2.712714514651558,0.2453821847867382,0.5054409650205499,-0.003149607315671426,16.02858251408283,-0.007506139536067389,4.911310578908561,-57.16350479382099,1.7163089734123096,-2.244193931174775,1.7289389121620484,0.009814802028274859,0.16965656341021199,1.9000205558870664,-0.0036440910930111165,31.13463117583242,0.06452687633698967,-1.5217391304347825,-1.1654150938525403,0.004872651771005183,0.14173401612959294,-0.6278285888295024,-1.5288448608185037,-1.28264721208963,-1.1246806722045608,-0.2897520738661536,-0.1230332885641949,Oil & Gas Equipment & Services,Energy,OII
2016Q2,2016,Q2,2016-07-27,2016-06-30,22309000.0,625539000.0,38380000.0,0.23,95233000.0,0.1522415069,3319204000.0,1591637000.0,1415356000.0,497595000.0,1727567000.0,343023000.0,2359246000.0,2928203969.38,3329283969.38,16.230522640150276,2.8443935328932164,0.2392953250237105,0.49902710228525726,0.011051192654761226,16.230522640150276,0.014016386902289906,4.681089379527096,32.8141553787709,1.8397435906428414,1.1867856022233179,1.5459779664920428,0.009041719865438835,0.18846054656477879,1.889719551040505,0.006721189779236227,48.562207193936786,0.15224150692442837,-0.11538461538461538,-0.5644864909351213,0.2683572357343961,0.16940298937262882,-0.02305088223225277,-0.11130143807513046,-0.20206241293997795,-0.7508962366656363,-0.15870357755246925,-0.06318143389626783,Oil & Gas Equipment & Services,Energy,OII
2016Q1,2016,Q1,2016-04-29,2016-03-31,25103000.0,608344000.0,48099000.0,0.26,97480000.0,0.1602382862,3364173000.0,1611648000.0,1426495000.0,523212000.0,1752525000.0,352122000.0,2363413000.0,3259454933.6400003,3682700933.6400003,16.43562516146659,2.7264187365733203,0.23604582760755763,0.4927248381780637,0.013735459018244722,16.43562516146659,0.015575981852116592,5.357914163105086,32.46081079592081,2.0224359994490113,1.0546946580090029,1.450815342409733,0.00812283051584729,0.1808301772827973,1.812011192403844,0.007461863584304374,100.54460280214697,0.16023828623278935,-0.07142857142857148,-0.33956263439430734,0.4313372500194977,0.22535918014881098,-0.08143457530012627,-0.08732957644064715,0.0512063991607658,-0.6299463572582924,-0.06585114343293695,-0.0304317189897591,Oil & Gas Equipment & Services,Energy,OII
2015Q4,2015,Q4,2016-02-19,2015-12-31,27505000.0,722066000.0,45756000.0,0.28,106122000.0,0.1469699446,3429536000.0,1578734000.0,1517493000.0,615956000.0,1850802000.0,328453000.0,2364786000.0,3671304197.6800003,4079996197.6800003,16.134348038343347,2.4636386365259857,0.23149691386823174,0.5028883903178116,0.013248370984661242,16.134348038343347,0.017422187651624656,5.084444078075966,33.3694255379022,2.325473574192993,0.9604799127431376,1.8752880929691615,0.007195807968376543,0.21054335047073422,1.620278071810324,0.008020035363384434,29.002450489627606,0.14696994457570361,-0.6,-0.36167299679289466,0.597665549675447,0.2595979316038778,-0.36949611735278914,-0.598695633143174,-0.5967355284495522,-0.6236774709833,0.019644099218130935,-0.04100428823037157,Oil & Gas Equipment & Services,Energy,OII
2015Q3,2015,Q3,2015-11-04,2015-09-30,68539000.0,743613000.0,113464000.0,0.7,168313000.0,0.2263448864,3420630000.0,1588916000.0,1510430000.0,623827000.0,1831714000.0,373234000.0,2363699000.0,3843350657.28,4365950657.280001,16.239116865847052,2.4212321685339044,0.23204935932854473,0.4995575599968784,0.03271550042122674,16.239116865847052,0.0431356975447412,5.1684823386358225,14.018845683771284,2.418850749366235,0.38544478326208437,1.5413922632986277,0.006873689745160135,0.2173906561072083,1.5612469482725178,0.020036952257332714,29.986819309656077,0.22634488638579475,0.06060606060606049,0.28113413987516633,0.5932227710613801,0.3140308714207795,0.0045838431466173266,0.046908413270605485,0.05117657958124884,-0.10447473716470565,0.11695566566577709,0.010429782853105758,Oil & Gas Equipment & Services,Energy,OII
2015Q2,2015,Q2,2015-07-30,2015-06-30,65468000.0,810303000.0,107940000.0,0.66,167545000.0,0.2067683323,3468334000.0,1598164000.0,1520000000.0,662986000.0,1870170000.0,376950000.0,2321579000.0,4558573577.76,5161526577.76,16.333719197439724,2.2926577635123517,0.2288081251690293,0.4965591766552119,0.031004274823454126,16.333719197439724,0.04096450677152032,5.62576416199866,17.407640288996152,2.8523815939790915,0.40723712348017355,1.7051545297784851,0.0058485400192006395,0.23362888349276625,1.487996729946032,0.018875921407799826,31.010282702004055,0.2067683323398778,-0.05714285714285704,0.35392387882024645,0.9604099875303558,0.4324657047874687,0.025059804587363642,-0.058000834544381936,0.01209563994374121,-0.004898721362457298,0.3286961289316929,0.08482986968017547,Oil & Gas Equipment & Services,Energy,OII
2015Q1,2015,Q1,2015-04-29,2015-03-31,69499000.0,786772000.0,106650000.0,0.7,163449000.0,0.2077463357,3353943000.0,1583672000.0,1609711000.0,601842000.0,1770271000.0,379836000.0,2282771000.0,5325270876.97,5770758876.97,16.038138328203797,2.6746405202694397,0.22361739600225763,0.4735829136336312,0.03139625878467272,16.038138328203797,0.043884718552831645,6.768505840281556,19.155926261421026,3.3626097304050333,0.3878760845479791,1.641031919038743,0.005062089914821034,0.23458120784998432,1.7935222201175725,0.020721580539681206,-128.8850108178034,0.20774633566014042,-0.292929292929293,0.9779737656179518,1.0192687274885244,0.40695621774172397,-0.22033485975958786,-0.3217690858877146,-0.29945677520214925,0.4814274004236877,0.45057249013091966,0.07756065226897392,Oil & Gas Equipment & Services,Energy,OII
2014Q4,2014,Q4,2015-02-19,2014-12-31,102471000.0,918927000.0,152239000.0,0.99,209640000.0,0.2281356408,3511701000.0,1657620000.0,1713550000.0,679137000.0,1854081000.0,375588000.0,2240229000.0,5858264406.860001,6177550406.860001,16.640531295556745,2.523128617642685,0.21357171353711493,0.4524559307923408,0.043440841210181574,16.640531295556745,0.061818148912295943,6.375114026315475,14.292493502698324,3.534141966711309,0.273082140312869,1.888470877663823,0.004776670709371198,0.26167575200736054,1.7803270915882952,0.029179876077148937,23.2267115222761,0.22813564080715878,-0.146551724137931,1.463165337133692,1.249513369178975,0.49894823548735834,-0.13319964441504206,-0.1758673937171259,-0.16314493343154607,0.9056904860085979,0.7356680093628043,0.1539172966346638,Oil & Gas Equipment & Services,Energy,OII
2014Q3,2014,Q3,2014-11-04,2014-09-30,124338000.0,973089000.0,181918000.0,1.16,241855000.0,0.2485435556,3391455000.0,2018873000.0,1558389000.0,725542000.0,1372582000.0,434379000.0,2165741000.0,6843568694.76,7018976694.76,19.22534269448348,2.147896331294398,0.07371467408531146,0.12383146438631851,0.055083253278311546,19.22534269448348,0.061587826475464284,7.032829160292636,13.760010404622882,3.3897965324019883,0.23128086345284626,1.6834009010564508,0.004202047394076533,0.2869237539640066,1.3741092865747262,0.03666214058567783,229.0580946801888,0.24854355562543612,0.13725490196078421,1.5966882306838168,1.0924743924673148,0.789994434517058,0.10833352427651628,0.1273221814225486,0.12774702283167297,0.6279173517313076,0.662399839636607,0.36944285040518837,Oil & Gas Equipment & Services,Energy,OII
2014Q2,2014,Q2,2014-07-31,2014-06-30,110295000.0,927407000.0,161311000.0,1.02,218215000.0,0.2352958302,3383184000.0,2172630000.0,1530712000.0,767107000.0,1210554000.0,441497000.0,2070160000.0,8438218136.4,8414888136.4,20.11651976236057,1.9954347959280778,0.023646363898623308,0.03682173218633637,0.04919638147018376,20.11651976236057,0.05076566189364963,9.098721636131708,19.126474764041884,3.88387260435509,0.26439095153905434,1.6063348108820672,0.0034558243847961213,0.2741225425516318,1.233844822169528,0.03260094632748322,113.31790957362519,0.23529583020184233,0.21428571428571436,1.3173825900225642,1.0801061202066933,0.9929879093472681,0.151585035700904,0.20904357358180323,0.21412442985955352,0.9550413625474168,0.7074034974895312,0.4493876055281611,Oil & Gas Equipment & Services,Energy,OII
2014Q1,2014,Q1,2014-04-30,2014-03-31,91225000.0,840201000.0,132862000.0,0.84,189491000.0,0.2255305576,3212613000.0,2090360000.0,1456239000.0,695441000.0,1122253000.0,437873000.0,1989026000.0,7761004533.38,7744665533.38,19.3548746111324,2.093979216065777,0.02801457878680065,0.04305478482175319,0.04186273725513612,19.3548746111324,0.04364080828182705,9.237080809687207,21.268853201918333,3.712759779836966,0.2613428336530556,1.4860701618962575,0.0030718961569291847,0.2615319679027633,1.2818168615310286,0.02839588833139877,-357.91387813041877,0.22553055756896268,-0.023255813953488393,1.0794941893133163,0.9520125663168757,1.0666749613382982,-0.042031293445565075,-0.023631907356073335,-0.028452757891965805,1.179079744167036,0.794854218807969,0.4430040264597966,Oil & Gas Equipment & Services,Energy,OII
2013Q4,2013,Q4,2014-02-20,2013-12-31,93433000.0,894798000.0,136753000.0,0.86,197805000.0,0.2210610663,3128500000.0,2043440000.0,1433275000.0,727088000.0,1085060000.0,441789000.0,1921642000.0,8534614382.719999,8443184382.719999,18.886213245481105,1.9712538234711616,0.0,0.0,0.0458420551533062,18.886213245481105,0.045723388012371295,9.538034710314506,22.836188452473966,4.176591621344399,0.2547600954694808,1.5776603763334986,0.0027889953702177617,0.2860150231740451,1.1831745263296878,0.029865111075595332,170.709358590259,0.22106106629652725,-0.10416666666666664,0.8482286809331107,0.7174997565015387,1.1308065123093112,-0.03740778229809433,-0.10510789506450717,-0.1104685955143883,0.960976553251569,0.7905007998497497,0.4744342370266847,Oil & Gas Equipment & Services,Energy,OII
2013Q3,2013,Q3,2013-10-31,2013-09-30,104407000.0,853297000.0,153736000.0,0.96,205492000.0,0.2408211912,3028526000.0,1977557000.0,1391404000.0,703255000.0,1050969000.0,446017000.0,1852012000.0,8789960350.56,8727611350.56,18.27729867629775,1.9785198825461603,0.013207745285990611,0.020226977022659777,0.05219636663072725,18.27729867629775,0.05279594975012098,10.301173390460765,21.047344408325113,4.444858151021689,0.2279923759901156,1.45242221709038,0.0027080895761359687,0.2817532357324983,1.2086881714314153,0.03447452655186054,213.2295163030347,0.24082119121478218,0.05494505494505487,0.933866520974741,0.6845550456322894,1.0520377417943059,0.017972496334165578,0.05663337077855704,0.05056137545528472,0.7648507651865759,0.6532985306875913,0.4789557157103839,Oil & Gas Equipment & Services,Energy,OII
2013Q2,2013,Q2,2013-07-31,2013-06-30,98811000.0,820372000.0,146337000.0,0.91,201864000.0,0.2460639807,2862840000.0,1874537000.0,1291740000.0,602520000.0,988303000.0,394874000.0,1771409000.0,8055299705.8,8010989705.8,17.325150490616025,2.14389563831906,0.02619776166324349,0.04000987977297861,0.051417639871936566,17.325150490616025,0.052712216403303855,9.819081716343318,20.380574292841892,4.297220970191573,0.2408942324235156,1.5663426814629478,0.0029549490235430092,0.28655880174931186,1.3134252804886144,0.03451502703609004,282.2657406195249,0.2460639807306929,0.31884057971014507,0.9322509196327504,0.6719536696333621,0.8686944499220176,0.25869992205767733,0.320137877593555,0.35134361436882444,0.8479479126159041,0.794855729991374,0.5194141400434608,Oil & Gas Equipment & Services,Energy,OII
2013Q1,2013,Q1,2013-05-02,2013-03-31,74849000.0,718552000.0,108290000.0,0.69,160375000.0,0.2231919193,2771621000.0,1834074000.0,1191025000.0,598239000.0,937547000.0,355008000.0,1696401000.0,7173358799.099999,7135368799.099999,16.951488083275066,1.9908849138889306,0.03247197217801424,0.04907108437282247,0.03855312542074911,16.951488083275066,0.04081023993579321,9.98307540595531,23.959434324773877,3.9111610540796065,0.2601905169073735,1.5722941454840453,0.002714906718794467,0.25925333947173873,1.248210163496529,0.027005496061690976,269.83745106455007,0.22319191930437882,-0.06756756756756763,0.8466729685898738,0.6791488104160028,0.9317340783890737,-0.07044074005378836,-0.07137540011414109,-0.08808421052631579,0.9441520677923149,0.6830835834771048,0.48708042483941416,Oil & Gas Equipment & Services,Energy,OII
2012Q4,2012,Q4,2013-02-22,2012-12-31,80602000.0,780949000.0,118750000.0,0.74,172528000.0,0.2209209564,2768118000.0,1815460000.0,1202990000.0,617185000.0,952658000.0,331280000.0,1641027000.0,5804348405.46,5777799405.46,16.824212913914643,1.9491562497468344,0.03395808993691743,0.051777510933868,0.04260045037152583,16.824212913914643,0.044397563152038605,7.43242952543636,18.00311532424754,3.1971777981668557,0.24097416937544974,1.8365763100700314,0.003346284310178432,0.2821227274270822,1.2759205100577622,0.02911797835207892,90.16603606207475,0.22092095642609186,-0.05128205128205133,0.8096580483859119,0.6558329853510821,1.0253903278498588,0.00970919242226501,-0.04506788616922967,-0.04089231340812354,0.7885631108498489,0.7648024605244687,0.5154939354315994,Oil & Gas Equipment & Services,Energy,OII
2012Q3,2012,Q3,2012-11-01,2012-09-30,84406000.0,734217000.0,123813000.0,0.78,170869000.0,0.2327227509,2696852000.0,1734236000.0,1176845000.0,615353000.0,962616000.0,326830000.0,1579848000.0,5917651358.160001,5934013358.160001,16.07149466635215,1.912471378217056,0.0444963238620436,0.06919473474198437,0.045739704354655575,16.07149466635215,0.04867042317193277,8.059812505240277,17.52734212662607,3.4122526335285395,0.23012582043930527,1.7236728574488267,0.0032823833011412125,0.2722496451418172,1.2569712018954975,0.03129797259916377,151.30014722233588,0.2327227509033433,0.16417910447761191,0.5971228424618993,0.5412677617731627,1.0333603466153987,0.06025763536405267,0.1633541913609174,0.1250920061428299,0.7154269666999415,0.5364378794875877,0.4963523128976832,Oil & Gas Equipment & Services,Energy,OII
2012Q2,2012,Q2,2012-08-01,2012-06-30,72554000.0,672545000.0,110047000.0,0.67,161158000.0,0.2396241144,2524864000.0,1624648000.0,1040234000.0,562226000.0,900216000.0,290141000.0,1514866000.0,5164265051.64,5203677051.64,15.05647996423177,1.850206144859896,0.049507617043927914,0.07693974325515435,0.04308430703038998,15.05647996423177,0.04465828905707575,7.678690722018602,17.794556646222123,3.1786978173979836,0.26770405491082505,1.7625464860188667,0.0037610385613015542,0.266368802438468,1.208067574249501,0.028735805176041164,-183.05207187154403,0.23962411437152903,0.4255319148936172,0.534378416458033,0.5760070269787977,1.0740978283560798,0.30700793979059715,0.4100476144203673,0.4482345664389961,0.5258096935562694,0.5098491702703475,0.4916786243607224,Oil & Gas Equipment & Services,Energy,OII
2012Q1,2012,Q1,2012-05-03,2012-03-31,51455000.0,594893000.0,75987000.0,0.47,123303000.0,0.2072692064,2454512000.0,1611955000.0,973067000.0,525994000.0,842557000.0,257052000.0,1461735000.0,5836451310.61,5808959310.61,14.883745332045084,1.8499583645440822,0.040741296029516254,0.06203647124144285,0.030404390489598053,14.883745332045084,0.03192086627728442,9.81092618438946,28.35706593436012,3.6207284388273866,0.3157127587212127,1.8346093397444876,0.002783369402991241,0.24236711818887013,1.2292744784161036,0.02096343387198759,92.60974438465932,0.20726920639509963,-0.12962962962962973,0.5609922747285638,0.7399694930251985,1.2136199814011692,-0.056927171768161165,-0.11766723253939675,-0.07858805839840909,0.16966491376063195,0.3782509951820671,0.5892566821890498,Oil & Gas Equipment & Services,Energy,OII
2011Q4,2011,Q4,2012-02-24,2011-12-31,58317000.0,574197000.0,82468000.0,0.54,130746000.0,0.2277023391,2400544000.0,1557962000.0,984122000.0,501375000.0,842582000.0,255095000.0,1426525000.0,4983653166.1,4997511166.1,14.420904638562865,1.9628461730241835,0.04998866923497341,0.07702370147667273,0.033641411783440114,14.420904638562865,0.03743159332512603,8.67934378984913,21.364495627775778,3.1988284477413442,0.27787780578562,1.7383758991748173,0.0032516307736321385,0.23919453257261689,1.3083101470954874,0.0242932435314662,70.41246102037357,0.22770233909268073,-0.24999999999999992,0.9709732877052851,0.6916740644278271,1.255348982530951,-0.1459868317918169,-0.25784570744992236,-0.24770575249493715,0.1553225014328842,0.10378692231574398,0.6270152792325172,Oil & Gas Equipment & Services,Energy,OII
2011Q3,2011,Q3,2011-11-02,2011-09-30,78578000.0,602208000.0,109622000.0,0.72,153096000.0,0.254224454,2142962000.0,1516682000.0,999771000.0,421561000.0,626280000.0,259324000.0,1384413000.0,3817955839.8,3651847839.8,14.03880613841981,2.3715927232357834,0.0,0.0,0.05234104639790761,14.03880613841981,0.051809146544892076,6.339928795034274,12.147025375423148,2.517308071039282,0.20644455191020386,1.731856673504959,0.004248870516231474,0.28101664891864625,1.5997566188523131,0.03666793904884921,696.5801568691845,0.254224454009246,0.3846153846153845,1.0448200959679892,0.7911111583040663,1.3323543624681968,0.2139300326683371,0.38602649357063484,0.3421896809266107,0.4576407277800734,0.19065010427937612,0.5761716518387829,Oil & Gas Equipment & Services,Energy,OII
2011Q2,2011,Q2,2011-08-03,2011-06-30,56693000.0,545838000.0,81674000.0,0.52,126116000.0,0.2310502383,2160461000.0,1506367000.0,994871000.0,438580000.0,654094000.0,264488000.0,1322057000.0,4395593385.0,4244675385.0,13.87932371274146,2.268391171508049,0.0,0.0,0.037139923058452734,13.87932371274146,0.03763558282941674,8.052926665054466,19.383316216287724,2.918009611867493,0.0,1.5869226581168143,0.0,0.25264885596176,1.4851338410324229,0.026241158715662998,-247.76469111098586,0.23105023834910723,0.3333333333333333,0.8352205900793163,0.7382404972117531,1.442095888915863,0.27646481310917903,0.3475873544093178,0.33744903139175003,0.10520331922723206,0.10900036766544141,0.49702683418069465,Oil & Gas Equipment & Services,Energy,OII
2011Q1,2011,Q1,2011-05-05,2011-03-31,42070000.0,470420000.0,61067000.0,0.39,98801000.0,0.2100272097,2093590000.0,1455745000.0,956715000.0,429701000.0,637845000.0,238332000.0,1281644000.0,4854146028.25,4667285028.25,13.41290409190112,2.226466775734755,0.0,0.0,0.02873507020302159,13.41290409190112,0.028899292115033882,10.318749262892734,28.845650274839553,3.334475494162783,0.0,1.5592492825134685,0.0,0.22469537970662834,1.4959797626721836,0.020094669921044712,-975.9039059609972,0.21002720972747757,-0.1136363636363636,0.6277691450237801,0.6033127630168285,1.5266972005204529,-0.15909032878554466,-0.11976398711135289,-0.17188305172086463,0.034720466417891525,0.0958807515382458,0.52848905047183,Oil & Gas Equipment & Services,Energy,OII
2010Q4,2010,Q4,2011-02-25,2010-12-31,47794000.0,501298000.0,73742000.0,0.44,117493000.0,0.2343775559,2030506000.0,1390215000.0,983502000.0,439856000.0,640291000.0,236517000.0,1239574000.0,3995648653.5499997,3750429653.5499997,12.809125541988685,2.2359635880833726,0.0,0.0,0.03482322400120146,12.809125541988685,0.034378855069179946,7.970605614923658,20.90036748101226,2.874122818089288,0.0,1.622737477644313,0.0,0.24688328918998514,1.5214820304827035,0.023537975263308752,33.62095396948941,0.23437755586497452,-0.20000000000000007,1.3937547309063119,0.713192337640455,1.558680873506676,-0.06468766667462725,-0.1923551379759028,-0.16254613593776618,0.06687495594332014,0.056767064387756035,0.5420322551613476,Oil & Gas Equipment & Services,Energy,OII
2010Q3,2010,Q3,2010-11-05,2010-09-30,59177000.0,516274000.0,88055000.0,0.55,125619000.0,0.2433184704,1938336000.0,1337535000.0,900295000.0,440051000.0,600801000.0,242495000.0,1191780000.0,2914638316.52,2766388316.52,12.3582460800854,2.045887862997698,0.0,0.0,0.04402931936875102,12.3582460800854,0.04424332821197202,5.64552605112789,12.313222690065396,2.1791118112946575,0.0,1.610981669725149,0.0,0.2663490746702326,1.3782675189921167,0.030529794627969557,77.84408729555045,0.2433184704246195,0.12244897959183684,2.2455552321623076,0.9063118559153573,1.511727741569688,0.0171331870480879,0.08947475007824437,0.031403003256260685,0.11640444880760854,0.08053173108597393,0.5635613273463183,Oil & Gas Equipment & Services,Energy,OII
2010Q2,2010,Q2,2010-08-06,2010-06-30,54317000.0,464303000.0,85374000.0,0.49,123503000.0,0.2659965583,1875747000.0,1253251000.0,887963000.0,470406000.0,622496000.0,239334000.0,1132603000.0,2467479500.0,2342780500.0,11.402520243835866,1.887652368379655,0.010662418759033067,0.015958495145824737,0.043584107661425744,11.402520243835866,0.04334087904178812,5.314373372560591,11.35684730379071,1.9688629811586025,0.0,1.4239514653162526,0.0,0.24752965085376652,1.2337874091742027,0.02895752998671996,52.891183657721,0.265996558281984,0.4000000000000001,2.4847282365056924,0.8522378469847003,1.4446781863865483,0.23868411814853818,0.3841194607955559,0.36973158561825153,0.12773099582354747,0.06816148113683783,0.5707484439729007,Oil & Gas Equipment & Services,Energy,OII
2010Q1,2010,Q1,2010-05-05,2010-03-31,39243000.0,435170000.0,62329000.0,0.35,99705000.0,0.2291173564,1928702000.0,1257155000.0,945694000.0,400077000.0,671547000.0,230521000.0,1078286000.0,3500989325.26,3400950325.26,11.399173709858774,2.3637799723553217,0.06221800983251949,0.09545362345931886,0.029418436386500525,11.399173709858774,0.03121572121178375,8.04510725753154,22.303272719083658,2.7848509732371904,0.0,1.4552470273857914,0.0,0.22562842782347922,1.6471454245057826,0.020346844665479685,65.25609180354148,0.22911735643541603,-0.16666666666666669,2.460775724861849,0.928889648148831,1.5138661756409622,-0.07452614773423431,-0.14796560858048546,-0.1359036211390229,0.1691240641455793,0.24993362492597693,0.6953688828092239,Oil & Gas Equipment & Services,Energy,OII
2009Q4,2009,Q4,2010-02-24,2009-12-31,46058000.0,452262000.0,72132000.0,0.42,107734000.0,0.2382114792,1880287000.0,1224323000.0,874139000.0,388547000.0,655964000.0,232217000.0,1039043000.0,3226931726.48,3184580726.48,11.10147161962958,2.2497638638311455,0.06382004449320769,0.09801335105196914,0.0348761287645238,11.10147161962958,0.037619157689596616,7.1350936547399515,17.515587555256417,2.635686601068509,0.0,1.483646761434348,0.0,0.2405281746882258,1.5377856475535778,0.02449519674390133,42.57839930437536,0.23821147918684302,-0.06666666666666672,2.6733578575018853,0.8689508074723126,1.516584697917997,-0.05533780525231268,-0.07586428299123177,-0.054700809896993684,0.5248935935936253,0.3052532143731052,0.7362081886995243,Oil & Gas Equipment & Services,Energy,OII
2009Q3,2009,Q3,2009-11-04,2009-09-30,49839000.0,484036000.0,76306000.0,0.45,114045000.0,0.2356126404,1790640000.0,1173931000.0,783653000.0,359026000.0,616709000.0,228993000.0,992985000.0,3101387500.0,3139953500.0,10.740448307410796,2.1827193573724464,0.06701514542286557,0.1022206586247403,0.038332143519917136,10.740448307410796,0.04245479504332026,6.407348833557834,15.557031140271674,2.6418822741711394,0.0,1.6157306118527641,0.0,0.2703145244158513,1.413616284057422,0.02783306527275164,61.99675162418791,0.23561264038212035,0.02272727272727275,2.5713385550184973,1.3102587160079942,1.5495593556729816,0.03540787144218984,0.03591694207145975,0.027026299496621713,0.28193984786481485,0.4229769850732008,0.7843776185567718,Oil & Gas Equipment & Services,Energy,OII
2009Q2,2009,Q2,2009-08-05,2009-06-30,48111000.0,450683000.0,74298000.0,0.44,110145000.0,0.2443957283,1727195000.0,1101964000.0,761967000.0,347402000.0,625231000.0,261283000.0,943146000.0,2467332400.0,2557939400.0,10.093648670928976,2.1933293417999895,0.08105627911150738,0.12704589260629204,0.038884903113277636,10.093648670928976,0.04365932099415226,5.474651584373052,12.821040926191516,2.239031765103034,0.0,1.3033301056708626,0.0,0.2609334788486535,1.3112043108560112,0.027854990316669513,31.927592230748328,0.2443957282613278,0.09999999999999995,3.000383162459002,1.1007367797962377,1.5261600451436501,0.04104837337668475,0.08492501973164956,0.07088498126261171,0.5482692320428648,0.4267915831728724,0.7759984876502236,Oil & Gas Equipment & Services,Energy,OII
2009Q1,2009,Q1,2009-05-06,2009-03-31,44345000.0,435100000.0,69380000.0,0.4,105802000.0,0.243167088,1661636000.0,1022439000.0,722589000.0,315450000.0,639197000.0,248353000.0,895035000.0,2012622689.9999998,2187827690.0,9.365224320808984,2.2906609605325725,0.12036330459860041,0.19561069168918635,0.036891043927717054,9.365224320808984,0.04337178061478484,4.625655458515284,11.34639017927613,1.9684525825012542,0.0,1.3259272084492637,0.0,0.2618503691542552,1.347807893485497,0.026687553712124678,50.16382168938959,0.24316708802574122,-0.14893617021276587,7.234063798701341,1.3418431335728782,1.4110112238192316,-0.12013505422127603,-0.13064361191162344,-0.15002572709675838,0.7057218963774574,0.4742285610379974,0.7642030325052563,Oil & Gas Equipment & Services,Energy,OII
2008Q4,2008,Q4,2009-02-26,2008-12-31,51009000.0,525691000.0,81626000.0,0.47,120248000.0,0.2287427405,1670020000.0,967654000.0,747705000.0,357327000.0,702366000.0,235582000.0,850690000.0,1590665180.0,1808465180.0,8.863410702181838,2.0924951095215305,0.13712410629812816,0.23665483736955564,0.044022659955569796,8.863410702181838,0.05271408995364046,3.025855835462277,7.796002568174244,1.6438367226301964,0.0,1.7210270733757247,0.0,0.3147812601046694,1.2815124521796561,0.030543945581490043,26.61221274175199,0.22874274050725615,-0.06000000000000005,6.448240589975428,1.909095693607831,1.4148431823917305,-0.057588012163390705,-0.0721418826739427,-0.08998071284435377,1.5397814404505394,0.7860102973696981,0.7705064536502362,Oil & Gas Equipment & Services,Energy,OII
2008Q3,2008,Q3,2008-11-05,2008-09-30,54975000.0,515795000.0,89697000.0,0.5,127596000.0,0.2473773495,1736711000.0,981309000.0,789789000.0,347763000.0,755402000.0,318245000.0,799681000.0,2937238840.0,3215110840.0,8.906901809864396,2.271055287652798,0.17446771512358705,0.3087712433086826,0.04544421442609312,8.906901809864396,0.05602210924387731,5.6945857171938465,13.357157071396088,2.9931844505655203,0.0,1.219811780232211,0.0,0.2969952974329062,1.3559349326984182,0.03165466217465082,-84.08447383487919,0.2473773495283979,0.06382978723404262,4.293707328984642,1.5984600362087882,1.5174041949507373,0.07867106264265787,0.0547167277401531,0.10104953047320936,1.9619007169377218,0.8709406965292841,0.8102659732050801,Oil & Gas Equipment & Services,Energy,OII
2008Q2,2008,Q2,2008-08-07,2008-06-30,52123000.0,500120000.0,81465000.0,0.47,118290000.0,0.2365232344,1702533000.0,1022453000.0,745300000.0,362804000.0,680080000.0,305293000.0,744706000.0,4248614050.0,4446285050.0,9.271259135670372,2.054277240603742,0.1330370688850084,0.22152607503718996,0.04239796272562767,9.271259135670372,0.05097838238041259,8.495189254578902,20.37782768643401,4.155314767524767,0.0,1.2507001470718293,0.0,0.2937505469791188,1.2127953385298949,0.030614971927122706,301.68387772491656,0.2365232344237383,0.27027027027027023,4.532258629051995,1.6210212898387082,1.706472772528119,0.1988932357651065,0.2627001623101335,0.25775822139879573,2.332691528442033,0.9883922463571583,0.9877399456109763,Oil & Gas Equipment & Services,Energy,OII
2008Q1,2008,Q1,2008-05-07,2008-03-31,41279000.0,435815000.0,64770000.0,0.37,98666000.0,0.2263942269,1623487000.0,966947000.0,694535000.0,327977000.0,656540000.0,249377000.0,692583000.0,3470985000.0,3684732000.0,8.775269988202195,2.117633248672925,0.15090973934500246,0.2533747971708894,0.03473744236491835,8.775269988202195,0.04269003368333528,7.964354141091977,21.021493979989824,3.5896331443191825,0.0,1.3519650970217783,0.0,0.2684437879699684,1.230080158059864,0.0254261352262137,-11196.725806451614,0.22639422690820646,-0.09756097560975606,4.938991728755326,1.6900763154773935,1.7177030838317724,-0.10433914306463327,-0.09241018424871378,-0.1269006793917826,2.6434573939712487,0.9334096424330149,0.9352152153256437,Oil & Gas Equipment & Services,Energy,OII
2007Q4,2007,Q4,2008-02-27,2007-12-31,45482000.0,481611000.0,74184000.0,0.41,110160000.0,0.2287323172,1531440000.0,915310000.0,670569000.0,338975000.0,616130000.0,225410000.0,651304000.0,3710648249.9999995,3883538249.9999995,8.306652146292768,1.9782255328564053,0.13059604032805724,0.21850520588653025,0.0432344478567406,8.306652146292768,0.04969026887065584,7.704658427652191,20.396246042390395,4.053979799193715,0.0,1.6478905106250832,0.0,0.3144824478921799,1.173307766059444,0.0296988455310035,87.59999645883991,0.22873231716052997,-0.14583333333333334,3.851499333405133,2.064422731491795,1.5321308548219994,-0.0625718005667458,-0.1554416652739866,-0.13341510425792885,2.6305380249811927,0.9919454515075947,0.8830290612395025,Oil & Gas Equipment & Services,Energy,OII
2007Q3,2007,Q3,2007-11-07,2007-09-30,53853000.0,485424000.0,85605000.0,0.48,117513000.0,0.2420832097,1575765000.0,869098000.0,737219000.0,367851000.0,706667000.0,224809000.0,605822000.0,4237781320.0,4457279320.0,7.903908765164881,2.0041239523611463,0.16690305978366063,0.3026125937466201,0.04937509584515207,7.903908765164881,0.06196424338797236,8.730061389630508,19.672912001188422,4.876068429567207,0.0,1.6365492484731483,0.0,0.30805608704343607,1.2480161804643728,0.03417578128718432,227.23906482921336,0.24208320973005043,0.11627906976744183,2.9280860854368522,2.2900168979022615,1.4659196170548416,0.10850863126120178,0.12491383452050216,0.12198222758132585,2.835879308475975,1.3030190410311393,0.8762237815257203,Oil & Gas Equipment & Services,Energy,OII
2007Q2,2007,Q2,2007-08-08,2007-06-30,47873000.0,432041000.0,76298000.0,0.43,106010000.0,0.2453702311,1452836000.0,793034000.0,666999000.0,335419000.0,659802000.0,196873000.0,551969000.0,2875302080.0,3094290080.0,7.259291128116876,1.9885546137815686,0.16863568909360727,0.30894009588491794,0.04799864743421152,7.259291128116876,0.06036689473591296,6.655160227848746,15.015259540868549,3.6256983685440978,0.0,1.6560472995281221,0.0,0.29737768061914766,1.2587539763698539,0.03295141364889086,-202.78595669652302,0.2453702310660331,0.43333333333333335,3.112457309188178,1.7567468603916945,1.382505370431842,0.33175045853119267,0.44343604896580835,0.4251718469814704,2.978043057532918,1.0125517397039008,0.8167990388580529,Oil & Gas Equipment & Services,Energy,OII
2007Q1,2007,Q1,2007-05-09,2007-03-31,33166000.0,344004000.0,53536000.0,0.3,79602000.0,0.2313984721,1336216000.0,732683000.0,586066000.0,286158000.0,603533000.0,174570000.0,504096000.0,2294908200.0,2505717200.0,6.7237129485179405,2.0480503777633334,0.17736653355445528,0.32346867608501906,0.03538881514268009,6.7237129485179405,0.04526650679761916,6.671167195730282,17.29865072664777,3.132197962829764,0.0,1.5145901357621585,0.0,0.25744640088129467,1.3111113440826396,0.024820837349650057,-49.19417363344051,0.2313984721107894,0.111111111111111,1.868502219589675,1.1850191590056325,1.3408092404377794,0.0526301869826241,0.1113121565473797,0.1180819514640157,5.169854700070356,0.8550024252410078,0.7309726739375235,Oil & Gas Equipment & Services,Energy,OII
