Year,Date,FillingDate,NetIncome,Revenue,OperatingIncome,EPSDiluted,GrossProfit,GrossProfitRatio,TotalAssets,CommonStockEquity,CurrentAssets,CurrentLiability,TotalLiability,Inventory,RetainedEarnings,EnterpriseValue,bookValuePerShare,currentRatio,debtToAssets,debtToEquity,roic,shareholdersEquityPerShare,roe,priceToSalesRatio,peRatio,pbRatio,payoutRatio,inventoryTurnover,dividendYield,assetTurnover,quickRatio,returnOnAssets,priceToFreeCashFlowsRatio,grossProfitMargin,epsdilutedGrowth,fiveYNetIncomeGrowthPerShare,fiveYRevenueGrowthPerShare,fiveYShareholdersEquityGrowthPerShare,grossProfitGrowth,netIncomeGrowth,operatingIncomeGrowth,threeYNetIncomeGrowthPerShare,threeYRevenueGrowthPerShare,threeYShareholdersEquityGrowthPerShare,Industry,Sector,Price,MarketCap,AvgVolume,Symbol
2022,2022-12-31,2022-12-31,4642000000000.0,22605000000000.0,13904292000000.0,8692.62,22605000000000.0,1.0,675884281000000.0,48438706000000.0,29921650000000.0,702143000000.0,624753859000000.0,0.0,33342633000000.0,107374967273098.94,90700.70352295962,42.614752265564135,0.17625190635259055,2.4593120427288047,0.06161599165538251,90700.70352295962,0.09583245266708817,0.8315884659632354,4.04955994681149,0.3880792619253482,0.33194118914261095,0.0,0.08196969386858248,0.03344507430555261,155.3608766305439,0.006868039589753383,2.827016570149506,1.0,0.1894663382594418,0.4126630486181441,0.3750990219255617,0.3105229893811931,0.034270286281714364,0.15494069297436788,0.4721021641162517,0.2188988304549729,-0.010969969419548168,0.10510347648355434,Banks—Regional,Financial Services,25.81,13378536276,122491,SHG
2021,2021-12-31,2021-12-31,4019254000000.0,21855989000000.0,9445195000000.0,7308.0,21855989000000.0,1.0,648152185000000.0,47291150000000.0,109794860000000.0,14084174000000.0,598613763000000.0,0.0,30541300000000.0,102004902467007.84,94517.39981645084,7.795619395216219,0.17454785406609405,2.3922778997761736,0.04320005451599,94517.39981645084,0.08498955935730047,0.8419832873729872,4.578555489901322,0.3891294135796623,0.3032306492697401,0.0,0.06622845348026467,0.033720458722205804,7.795619395216219,0.006201096120658761,1.8059427139682562,1.0,0.09828674481514878,0.372809488036039,0.535242516352452,0.44071189496197805,0.058965502204564174,0.1769411420204978,-0.012215540681865719,0.20530706062984658,0.30210965687074914,0.2531083525896191,Banks—Regional,Financial Services,25.81,13378536276,122491,SHG
2020,2020-12-31,2020-12-31,3415000000000.0,20639000000000.0,9562000000000.0,6654.0,20639000000000.0,1.0,605234104000000.0,44069567000000.0,107971320000000.0,14640271000000.0,558877246000000.0,0.0,27777169000000.0,87588662435953.4,88078.65496772372,7.3749536466913765,0.17512625825196393,2.4051151671174806,0.0467006162832625,88078.65496772372,0.0774911176231888,0.7825895361186781,4.729682411699384,0.36650837608532433,0.2837033674963397,0.0,0.05998359779814571,0.034100854303477916,7.3749536466913765,0.005642444762167599,-3.1975116207617864,1.0,-0.049428571428571426,0.36726953870631707,0.45923834785073936,0.35432325067222986,0.010279504625777081,0.0032314923619271444,-0.1014846833302011,0.1092716786167939,0.3400835636231671,0.2726373415588413,Banks—Regional,Financial Services,25.81,13378536276,122491,SHG
2019,2019-12-31,2019-12-31,3404000000000.0,20429000000000.0,10642000000000.0,7000.0,20429000000000.0,1.0,552419581000000.0,39177946000000.0,101046013000000.0,11981555000000.0,510489200000000.0,0.0,25525821000000.0,99015785997008.88,82074.39887128922,8.433464020321235,0.19476378408824,2.746221764663211,0.053374475277265195,82074.39887128922,0.08688561671916134,1.0295547504532219,6.178840774679457,0.5368523913175252,0.24405757931844888,0.0,0.03949892677580934,0.03698094836359539,8.433464020321235,0.006161982878735068,3.1917504961521748,1.0,0.06399148806809546,0.6248816493963822,0.5794182664989805,0.3335908039524747,0.2856880869975769,0.07833379055868714,0.13003181121311813,0.21867675517656016,0.5041383723257634,0.25104544724409117,Banks—Regional,Financial Services,25.81,13378536276,122491,SHG
2018,2018-12-31,2019-04-30,3156722000000.0,15889546000000.0,9417434000000.0,6579.0,15889546000000.0,1.0,458674705000000.0,35725625000000.0,66423369000000.0,9748168000000.0,422949080000000.0,0.0,22959440000000.0,96367489989710.53,75426.3584797957,6.813933551411917,0.2093982618901995,2.6884256328615663,0.051173854497864796,75426.3584797957,0.08836016164867655,1.1846067842158947,5.962787977436888,0.5268729095631086,0.22640733013550132,0.0,0.03797004538685992,0.03464229840187067,6.813933551411917,0.006882267466657007,-2.8432088070038226,1.0,0.07570307390451275,0.7451388400617928,0.3480340751372585,0.36446489092656087,0.08858327149789022,0.0819083981238872,0.2196269954979357,0.3350919652739353,0.18675340568594326,0.15977782630944054,Banks—Regional,Financial Services,25.81,13378536276,122491,SHG
2017,2017-12-31,2018-04-30,2917735000000.0,14596537000000.0,7721569000000.0,6116.0,14596537000000.0,1.0,425422259000000.0,32819139000000.0,73889364000000.0,36110905000000.0,392603120000000.0,0.0,20790599000000.0,82715614773716.83,69209.54783539278,2.0461786820352468,0.2599104481742691,3.369122206405232,0.04181906529670055,69209.54783539278,0.08890345965505067,1.6139325220575833,8.074011441654855,0.71780755045758,0.24216215660435234,0.0,0.029992793341238885,0.03431070352150991,2.0461786820352468,0.006858444611850928,31.20692361376256,1.0,0.06624825662482567,0.25616515379303334,0.15735950009237282,0.24736961348429,0.08184065049761283,0.05152015764864793,0.07974838584547325,0.40200902403044525,0.1359851701642558,0.12455549852678331,Banks—Regional,Financial Services,25.81,13378536276,122491,SHG
2016,2016-12-31,2017-04-28,2774778000000.0,13492317000000.0,7151267000000.0,5736.0,13492317000000.0,1.0,395045042000000.0,31109698000000.0,64698956000000.0,7258267000000.0,363935344000000.0,0.0,18640038000000.0,74232962177007.28,65604.65013648357,8.91382970618193,0.1849614505477074,2.348724310984954,0.06116315512073638,65604.65013648357,0.08919334414625305,1.5944680351793752,7.753077246903096,0.6915228870755119,0.241137489197334,0.0,0.03110216518139999,0.03415386997819859,8.91382970618193,0.00702395348629638,6.224455286519128,1.0,0.19774483190645228,-0.1049134986940369,0.3726926648738927,0.27517048448873893,0.006540043939976053,0.17219161606829417,-0.04631475292392767,0.5322068969053048,0.14332958365262238,0.18678991796654879,Banks—Regional,Financial Services,25.81,13378536276,122491,SHG
2015,2015-12-31,2016-04-29,2367171000000.0,13404650000000.0,7498561000000.0,4789.0,13404650000000.0,1.0,369569641000000.0,30839655000000.0,65499503000000.0,8535444000000.0,338729986000000.0,0.0,17689134000000.0,61386875649072.69,65035.17895303439,7.67382493517619,0.1783890360193304,2.1377402568219392,0.06035190424535244,65035.17895303439,0.07675737617687357,1.3949119633166618,7.899009682474435,0.6063072576224569,0.2307226643111123,0.0,0.029209062095849513,0.03627097172735571,7.67382493517619,0.006405209566442715,6.8925362366708365,1.0,0.14159713945172825,-0.16781413011543275,0.11866187729497317,0.35289118777653256,0.04322577411630516,0.13745597301440096,-0.06499191623911972,0.019132211550880525,0.06285477321869051,0.17213460527830585,Banks—Regional,Financial Services,25.81,13378536276,122491,SHG
2014,2014-12-31,2015-04-30,2081110000000.0,12849232000000.0,8019782000000.0,4195.0,12849232000000.0,1.0,336690995000000.0,29184099000000.0,60081311000000.0,6762516000000.0,307506896000000.0,0.0,15869779000000.0,61552744518726.92,61543.91484107303,8.884461197577943,0.1851225364670059,2.135720928030021,0.06722175004212186,61543.91484107303,0.07130972246222164,1.6433816058988524,10.146600380915435,0.723551257098152,0.1921046941295751,0.0,0.018932912198937238,0.038163277874420136,8.884461197577943,0.006181068192809849,-9.079272873070595,1.0,0.09845509295627128,0.7862792832735179,0.1452230628194585,0.4048000657580111,0.03628195618821908,0.09370467225279693,-0.05766384522142681,-0.32867657566376374,0.3072659436969126,0.19624117409295705,Banks—Regional,Financial Services,25.81,13378536276,122491,SHG
2013,2013-12-31,2014-04-30,1902808000000.0,12399359000000.0,8510532000000.0,3819.0,12399359000000.0,1.0,308979855000000.0,27542673000000.0,56297490000000.0,4854478000000.0,281437182000000.0,0.0,14194163000000.0,66047024708771.75,55279.076054918696,11.597022378101208,0.19397470427319607,2.176051540095618,0.07470660582568646,55279.076054918696,0.06908581458306534,1.9306768768265967,12.580962298230697,0.8691660286121016,0.22283593510222788,0.0,0.017712153476015586,0.04012999164621914,11.597022378101208,0.006158356181505749,-15.465300178090926,1.0,-0.1850192061459667,0.07443356850446023,0.0015604386273262774,0.3045534484641906,-0.016854755774889332,-0.18078882970570861,-0.14420372027890177,-0.36334883907686916,-0.015176383760429218,0.14994032563723528,Banks—Regional,Financial Services,25.81,13378536276,122491,SHG
2012,2012-12-31,2013-04-30,2322732000000.0,12611930000000.0,9944577000000.0,4686.0,12611930000000.0,1.0,298379343000000.0,26310677000000.0,57089218000000.0,6061149000000.0,272068666000000.0,0.0,12499259000000.0,63830525688748.375,55484.39459100583,9.41887717988784,0.20145179755288892,2.2845879260347424,0.08877166657168886,55484.39459100583,0.088280966696524,1.464704584369591,7.953027593690695,0.7021009641351448,0.28014295235093845,0.0,0.0352246926155747,0.04226810701168412,9.41887717988784,0.007784493311924746,2.1328009039729507,1.0,-0.19650205761316872,0.020936324638204606,0.07954414738825685,0.31964029644649183,0.28312311376192784,-0.25073427158806855,-0.07241808086563817,0.9936707104364808,0.12407287086610423,0.26648558791339727,Banks—Regional,Financial Services,25.81,13378536276,122491,SHG
2011,2011-12-31,2012-04-30,3100011000000.0,9829088000000.0,10720969000000.0,5832.0,9829088000000.0,1.0,285655177000000.0,24396501000000.0,15015077000000.0,0.0,261258676000000.0,0.0,10829723000000.0,63640970290664.72,51447.748308561895,0.0,0.20923900146924346,2.4499498514151683,0.09942864623148258,51447.748308561895,0.1270678528859528,1.8925151845893244,6.000526543507333,0.7624740240686446,0.18888868458853855,0.0,0.03147868494855991,0.03440892653592621,0.0,0.010852283625862661,21.301345630490566,1.0,0.31026735565041563,0.8240893991287856,0.07550936668344031,1.115022722039805,-0.1797304693061378,0.08981790262124885,0.04373070015051923,0.8392127705279525,-0.16579019572169218,0.21413638326685058,Banks—Regional,Financial Services,25.81,13378536276,122491,SHG
2010,2010-12-31,2011-06-28,2844522000000.0,11982754000000.0,10271777000000.0,4451.0,11982754000000.0,1.0,269619764000000.0,22795370000000.0,8067916000000.0,8071259000000.0,246824394000000.0,0.0,11032261000000.0,79867041954700.12,48071.25624043665,0.9995858143072847,0.23315410215995885,2.7577071133304702,0.09956373079435643,48071.25624043665,0.1247850769695776,2.092340705208512,8.814136067395548,1.0998726475902836,0.14774573724513293,0.0,0.01676236174656533,0.04444315884795449,0.9995858143072847,0.010550124211220658,-3.3970787667300035,1.0,1.2767263427109974,0.22239836074247016,0.4498901565497554,1.0826176799377025,0.09738460305649362,1.5087242426701193,0.14975207932566115,0.25028450017480464,0.02568852415568618,0.1433262866667082,Banks—Regional,Financial Services,25.81,13378536276,122491,SHG
2009,2009-12-31,2010-06-28,1133852000000.0,10919375000000.0,8933906000000.0,1955.0,10919375000000.0,1.0,254578725000000.0,20218199000000.0,7850795000000.0,9714857000000.0,234360526000000.0,0.0,8621915000000.0,74333420031723.25,43809.73231793292,0.8081225487930497,0.2453238305753947,3.089010450436263,0.07883238675030796,43809.73231793292,0.05608076169395702,1.806878784886796,17.400848639613688,0.9758528458307913,0.20336516582411107,0.0,0.011687083201283793,0.04289193843672522,0.8081225487930497,0.004453836431147182,14.850566197381886,1.0,-0.33904917744585616,-0.4668708034192973,0.32905325635762495,1.1787055765250811,0.0549316578668544,-0.23424544758928048,-0.19732730720513686,-0.31446669443847636,0.22768813590854578,0.8010230252096286,Banks—Regional,Financial Services,25.81,13378536276,122491,SHG
2008,2008-12-31,2009-06-30,1480699000000.0,10350789000000.0,11130198000000.0,2957.86,10350789000000.0,1.0,260661058000000.0,17652068000000.0,4325440000000.0,23224991000000.0,243008990000000.0,0.0,7709897000000.0,90979061569899.5,42373.94498477391,0.18624076108361032,0.3188143048203234,4.70780386751286,0.07518306062815994,42373.94498477391,0.08388246634898529,1.178849995869831,8.24072115257692,0.6912520147724047,0.38630673756111134,0.0,0.04687778295232221,0.039709763627215844,0.18624076108361032,0.00568055317261852,3.4936292145706775,1.0,-0.291783291711461,2.4042493126176523,0.8983851808090122,1.7208638361523252,0.044039750212300346,-0.23307824247258935,0.11607866830518847,-0.27567291427753354,0.4256614099898509,0.83578990639659,Banks—Regional,Financial Services,25.81,13378536276,122491,SHG
TTM,,,,,,,,,,,,,,,,98519054639190.69,100352.1547439666,0.0,0.17284412965231155,2.2177479371646647,0.058305110214432895,100352.1547439666,0.0940138477978865,0.8340602661278647,3.7835706572741845,0.3324056009071947,0.33350511656276877,0.0,7.194758266060019e-06,0.03065905124040059,0.0,0.006847135688075151,1.7585407103364106,1.0,,,,,,,,,,,Banks—Regional,Financial Services,25.81,13378536276,122491,SHG
