Quarters,Year,Quarter,FillingDate,Date,NetIncome,Revenue,OperatingIncome,EPSDiluted,GrossProfit,GrossProfitRatio,TotalAssets,CommonStockEquity,CurrentAssets,CurrentLiability,TotalLiability,Inventory,RetainedEarnings,MarketCap,EnterpriseValue,bookValuePerShare,currentRatio,debtToAssets,debtToEquity,roic,shareholdersEquityPerShare,roe,priceToSalesRatio,peRatio,pbRatio,payoutRatio,inventoryTurnover,dividendYield,assetTurnover,quickRatio,returnOnAssets,priceToFreeCashFlowsRatio,grossProfitMargin,epsdilutedGrowth,fiveYNetIncomeGrowthPerShare,fiveYRevenueGrowthPerShare,fiveYShareholdersEquityGrowthPerShare,grossProfitGrowth,netIncomeGrowth,operatingIncomeGrowth,threeYNetIncomeGrowthPerShare,threeYRevenueGrowthPerShare,threeYShareholdersEquityGrowthPerShare,Industry,Sector,Symbol
2023Q1,2023,Q1,2023-05-15,2023-03-31,-62392.07000000001,2247750.0,-347406.0,-0.0062,1557080.0,0.6927282838,4037771.0,655140.0,2386113.0,2550148.0,3382631.0,126254.0,-19905459.0,44518752.375,44361220.375,0.06511850277340572,0.9356762823177321,0.2567126763751585,1.5821763287236317,-0.02439244493792907,0.06511850277340572,-0.09523471319107367,19.80591808475142,-178.38305563110822,67.95303656470372,0.0,5.470480143203384,0.0,0.5566809014181339,0.745836320088089,-0.015452107115534786,-43.705695324871414,0.692728283839395,0.9704761904761904,-1.4018561332518251,0.3964185373018185,2.8060928839250874,0.009381514940931202,0.9646982276710543,-0.2503995162613916,-1.239783392980998,-0.2930916863992578,-0.9528945092449027,Pharmaceutical Retailers,Healthcare,MEDS
2022Q4,2022,Q4,2023-03-27,2022-12-31,-1767392.0,2528953.0,-277836.0,-0.21,1542608.0,0.6099789122,3710026.0,763136.0,2093123.0,2146791.0,3367159.0,119582.0,-19719536.0,51168120.893999994,51618394.893999994,0.09006737444095596,0.9750008268154655,0.4269261185770666,2.075523890892318,-0.10983807987957288,0.09006737444095596,-2.315959409594096,20.23292678590705,-7.237800229660426,67.04980618657748,0.0,8.248273151477648,0.0,0.6816537134780187,0.8676191580829247,-0.4763826452968254,45.88628794725528,0.6099789122217771,-2.442622950819672,-8.940652195755412,1.0128724328624512,2.537801388153722,0.10029807609321315,-2.5136808329174976,0.31740825637359316,-0.1866587228468272,0.043502163643563636,-0.8710170097064653,Pharmaceutical Retailers,Healthcare,MEDS
2022Q3,2022,Q3,2022-11-07,2022-09-30,-503003.0,2400311.0,-407031.0,-0.061,1401991.0,0.5840872287,4689261.0,1399004.0,2373006.0,2061352.0,3332683.0,75950.0,-18794350.0,139831618.35,141138028.35,0.1695833752037813,1.151189122478839,0.34720289614930794,1.16377437090959,-0.09318728879648039,0.1695833752037813,-0.359543646765842,58.25562535438116,-69.49840177394569,99.95083527280836,0.0,13.144437129690585,0.0,0.5118740458251311,0.9931690463346386,-0.10726700859687699,-221.0234936102615,0.5840872286966148,0.5307692307692308,-5.2660599556842325,1.1078439753194347,2.816731879071322,0.19734754217645362,0.535873618124996,0.6310137013124759,-13.715085038689708,-0.2764072415207189,-0.74943825937277,Pharmaceutical Retailers,Healthcare,MEDS
2022Q2,2022,Q2,2022-07-25,2022-06-30,-1083763.0,3278729.0,-1103106.0,-0.13,1170914.0,0.3571243613,5672460.0,1821220.0,3347378.0,2546409.0,3867927.0,127139.0,-18291347.0,198799296.3,199508320.3,0.22261470147869936,1.3145484484228573,0.29462543587790835,0.917654649081385,-0.2304688329446117,0.22261470147869936,-0.5950752792084427,60.633036856660006,-45.858572469257574,109.15721126497623,0.0,16.578823177781796,0.0,0.5780083068016346,0.7780741428419393,-0.19105696646604825,-168.71948105845541,0.3571243612997598,-0.08333333333333341,-102.21666334118525,2.031674427315698,2.865573517377814,-0.12337248624881429,-0.13358757466944618,-0.13889932808299227,-18.684473879963765,0.1755153684526793,-0.06617772941365287,Pharmaceutical Retailers,Healthcare,MEDS
2022Q1,2022,Q1,2022-05-09,2022-03-31,-956047.0,3240272.0,-968572.0,-0.12,1335703.0,0.4122194063,5840211.0,2870078.0,3597067.0,1596333.0,2952633.0,273950.0,-17213273.0,339801052.2,339628574.2,0.35094576702432,2.2533312285093396,0.2907778503208189,0.5916926299563984,-0.16626334823768635,0.35094576702432,-0.3331083684833653,104.86806422423795,-88.85573936218616,118.39436147728388,0.0,6.95225041065888,0.0,0.5548210501298669,1.830909340344402,-0.1637007635511799,-339.5392674248155,0.41221940627206605,-0.24610591900311526,-8.786726806145717,1.8206649066785339,3.5672386930615745,0.07698702329099145,-0.21579411869433182,-0.23807016018938446,-8.283618378104553,0.456653375606706,0.6021886918749381,Pharmaceutical Retailers,Healthcare,MEDS
2021Q4,2021,Q4,2022-03-28,2021-12-31,-786356.0,2387898.0,-782324.0,-0.0963,1240222.0,0.5193781309,5766164.0,3770173.0,4374244.0,926026.0,1995991.0,56279.0,-16247437.0,288988678.8,287114626.8,0.4618316702031305,4.723672985423735,0.21652627292598683,0.33115880889285454,-0.1251486612092575,0.4618316702031305,-0.2085729222505174,121.02220396348588,-91.87590569665647,76.6513045422584,0.0,20.392615362746316,0.0,0.41412245645458573,4.429196372456065,-0.13637419955450453,-677.2404972874167,0.519378130891688,0.398125,-0.14305515499805876,1.8278950395245133,3.114942432399189,-0.03186392941365655,0.39852069421816316,0.3964136202807443,-9.60141552301031,0.21570531858329112,1.9398151102521441,Pharmaceutical Retailers,Healthcare,MEDS
2021Q3,2021,Q3,2021-10-25,2021-09-30,-1307370.0,2550046.0,-1296126.0,-0.16,1281041.0,0.5023599574,5514101.0,4617295.0,5189274.0,654861.0,896806.0,94822.0,-15463097.0,602908753.788,599642369.788,0.5656008521812032,7.924237357240697,0.055404317040982747,0.06616536305347612,-0.2489762398444671,0.5656008521812032,-0.28314630102689997,236.43054038554598,-115.29038332453705,130.5761823292642,0.0,13.3830229271688,0.0,0.4624590663101746,6.994927167750102,-0.23709576592811774,-816.8443815335424,0.5023599574282189,0.5,-0.0010494626675350935,1.0488252257958344,3.0899971364230563,0.5225275763586728,0.49463154493066,0.49558995449854215,-10.086095240017428,0.9709639893348097,8.289066789683984,Pharmaceutical Retailers,Healthcare,MEDS
2021Q2,2021,Q2,2021-07-26,2021-06-30,-2586964.0,1898254.0,-2569588.0,-0.32,841391.0,0.443244687,6896030.0,5786977.0,6536167.0,861051.0,1109053.0,139117.0,-14161349.0,538502257.8,534545904.79999995,0.7124883313720435,7.590917378877674,0.08173253306612645,0.09739627442790942,-0.3854321089389511,0.7124883313720435,-0.447032016888956,283.6829306299367,-52.03998372223192,93.05415552887112,0.0,7.5969363916703205,0.0,0.27526765399802494,6.9961245036589,-0.3751381592017436,-779.1755645200964,0.4432446869597009,-2.9312039312039313,-0.46610311309363406,-0.27426961869091937,5.408568517391703,-0.3917557223213001,-2.9268833591637913,-2.988464195078036,-83.77407566045146,0.4873225553438049,32.37011172264446,Pharmaceutical Retailers,Healthcare,MEDS
2021Q1,2021,Q1,2021-04-26,2021-03-31,-658783.0,3053235.0,-644255.0,-0.0814,1383311.0,0.4530640452,9693216.0,8201624.0,9155240.0,1237680.0,1491592.0,470122.0,-11583073.0,636125441.4,631512103.4,1.0133970510301304,7.397097795876156,0.06148031778101303,0.07266146314437238,-0.07105169251862839,1.0133970510301304,-0.08032348227619311,208.3447364516652,-241.40173676309192,77.56091249732978,0.0,3.5521077507540597,0.0,0.3149867907617039,6.647420981190614,-0.06796330547054764,-895.5754365069308,0.4530640451848613,0.7193103448275862,-0.1452762217090571,0.07006963581544469,69.21225310286592,9.392083358374903,0.7159050284123865,0.7205492417259578,-6.2746431188665905,1.3579648230481807,29.10705290361304,Pharmaceutical Retailers,Healthcare,MEDS
2020Q4,2020,Q4,2021-03-29,2020-12-31,-2318883.0,1994294.0,-2305433.0,-0.29,133112.0,0.0667464276,9792702.0,8679158.0,9221298.0,842238.0,1113544.0,1257754.0,-10931554.0,639802462.05,634510343.05,1.07641221806705,10.948565607346142,0.06407414419431941,0.07229491616583084,-0.23814196531989448,1.07641221806705,-0.2671783368847531,320.8165205581524,-68.9774410837028,73.71711196523901,0.0,1.4797663136034551,0.0,0.2036510454417994,9.275639427335266,-0.23679705560324413,-877.0003660550898,0.06674642755782247,-15.5,-2.029678800846021,-0.13418572787291597,20.040297858732348,-0.9310050992535124,-17.756024596975237,-16.810020504591247,-11.94807058308558,0.6680157197781149,19.378555092158045,Pharmaceutical Retailers,Healthcare,MEDS
2020Q3,2020,Q3,2020-10-26,2020-09-30,138391.0,6332269.0,145821.0,0.02,1929302.0,0.3046778335,11854010.0,10827089.0,10643254.0,534897.0,1026921.0,1647088.0,-8619396.0,755910281.25,749811697.25,1.3428043233801432,19.89776349465411,0.04632854198705755,0.050722682708159134,0.011793745548727148,1.3428043233801432,0.01278192134561746,119.37431610217443,1365.5336713550735,69.81657592821118,0.0,2.673182610765181,0.0,0.5341879245926062,14.362101488697824,0.011674614750620255,304.3832693555973,0.30467783349064925,1.2758620689655173,1.7227487980480143,1.4988802885549393,17.404700315479147,-0.03764517860385121,1.251667130389873,1.2724215686457665,0.20088365179214238,4.689407052756201,15.385345371903574,Pharmaceutical Retailers,Healthcare,MEDS
2020Q2,2020,Q2,2020-07-27,2020-06-30,-549897.0,6592637.0,-535277.0,-0.0725,2004772.0,0.3040925809,11732283.0,10151377.0,10123366.0,719825.0,1580906.0,1818874.0,-8757787.0,682287930.0,679092220.0,1.3390592004170438,14.063648803528636,0.08142780053975854,0.09410880908077791,-0.045829724907714205,1.3390592004170438,-0.05416969540191444,103.49241585726622,-310.1889672065859,67.21136748246076,0.0,2.5223654854596855,0.0,0.5619227732573447,10.69068870906123,-0.04687041729218431,-191.0174920020684,0.30409258085952556,-4.625,-5.954637641520064,2.88290165920585,14.600326753977653,0.22232058804879595,-4.04984942014276,-3.8437843667486598,-55.5171477447151,5.5783896217286,12.221690957091514,Pharmaceutical Retailers,Healthcare,MEDS
2020Q1,2020,Q1,2020-05-04,2020-03-31,180303.0,2203320.0,188227.0,0.02,1640136.0,0.7443930069,11473904.0,9637297.0,9794978.0,950529.0,1836607.0,368401.0,-8215200.0,601286527.5,594562059.5,1.3823972902003863,10.304765030840722,0.08513553887151226,0.10136005977609697,0.01583276555298273,1.3823972902003863,0.018708876565700944,272.9002267033386,833.7167538809671,62.39161535646354,0.0,1.5287254920589248,0.0,0.19202879856760174,9.024871413707524,0.015714180631108646,-1384.460737812305,0.7443930069168346,1.1111111111111112,1.303171027571078,1.3660766566292484,20.1361171707252,0.3117971170049996,1.1729984849691477,2.232641214556821,0.7227012530305418,1.249981389180902,11.112513516482919,Pharmaceutical Retailers,Healthcare,MEDS
2019Q4,2019,Q4,2020-03-30,2019-12-31,-1042223.0,1695903.0,58227.0,-0.18,1250297.0,0.7372455854,5571494.0,4140217.0,3802957.0,520816.0,1431277.0,56761.0,-8395503.0,97829985.0,95956102.0,0.6982887761865649,7.301920447912506,0.17909217886620715,0.24100451739606885,0.020732547573851463,0.6982887761865649,-0.2517314913686891,57.68607343698313,-23.466663324451677,23.629192624444563,0.0,7.850566410035059,0.0,0.30438927153111894,7.03462259223987,-0.1870634698700205,-535.2042507795832,0.7372455853902021,-7.071748878923767,-0.9990396196726259,1.4037273217971844,4.193857127081032,-0.04594550666954596,-38.80964991837475,-0.672611651195088,-1.0859224559838268,1.8095618642955709,4.197789710210861,Pharmaceutical Retailers,Healthcare,MEDS
2019Q3,2019,Q3,2019-10-28,2019-09-30,27565.0,2311426.0,177853.0,-0.0223,1310509.0,0.5669699138,5854523.0,3890549.0,4314815.0,955685.0,1963974.0,63316.0,-7900300.0,113817112.2,111872715.2,0.6768127279897723,4.51489245933545,0.24167485549207,0.3636738671071872,-0.1424355907587052,0.6768127279897723,0.00708511832134745,49.24107983556471,1032.2611300562307,29.254768979904895,0.0,15.80827910796639,0.0,0.39481030307678355,4.258282802387816,0.004708325511745363,281.54851207409206,0.5669699138107818,-4.231884057971015,1.0668286741866364,4.321900482576569,14.614991286271897,0.12656755576492595,-0.34535825397202363,1.4081375668539706,1.0299743803589136,1.6373762286032738,3.5009450709599035,Pharmaceutical Retailers,Healthcare,MEDS
2019Q2,2019,Q2,2019-07-26,2019-06-30,42107.0,1916414.0,73855.0,0.0069,1163276.0,0.607006628,3678065.0,1340017.0,1952270.0,1085163.0,2338048.0,546816.0,-7927865.0,46374009.0,47307692.0,0.23839086782425906,1.799056915873468,0.40067725828662626,1.0997748536026035,0.014796281698578431,0.23839086782425906,0.0314227356817115,24.19832510094374,275.334320896763,34.60703035857008,0.0,1.3773152212078652,0.0,0.5210386439608871,1.1551379838789195,0.01144813917100432,1005.8347033944258,0.6070066280041786,-0.5369127516778524,1.1216362597019012,4.811078841772826,16.360768879505546,0.014471318116094959,-0.5282128851540616,-0.5700079762923631,1.0344811496822828,0.05867735148964207,2.4750592093204804,Pharmaceutical Retailers,Healthcare,MEDS
2019Q1,2019,Q1,2019-05-13,2019-03-31,89250.0,1512521.0,171759.0,0.0149,1146682.0,0.7581263335,3299481.0,1218025.0,1491391.0,808448.0,2081456.0,62223.0,-7985846.0,39202970.25,40161121.25,0.21904147046102967,1.8447581044173527,0.4522165758796611,1.224999486874243,0.03458315249760227,0.21904147046102967,0.07327435807967816,25.918959307011274,109.81224159663866,32.18568604913692,0.0,5.879481863619562,0.0,0.45841179264253984,1.561912454480684,0.027049708726917962,-311.64419805396125,0.7581263334525603,11.642857142857142,1.0520055279969598,4.407983962074029,0.0,0.35382860759015433,2.826871904040611,1.554743087472022,1.2258221034256287,-0.2284864020551146,15.743788930433197,Pharmaceutical Retailers,Healthcare,MEDS
2018Q4,2018,Q4,2019-03-22,2018-12-31,-48854.0,1293696.0,-309619.0,-0.0014,846992.0,0.6547071337,2227587.0,844668.0,1466077.0,860367.0,1382919.0,79966.0,-8111075.0,24195514.5,24170009.5,0.15709548147860217,1.7040135198118942,0.3789086576641002,0.999270719383237,-0.04764621502895088,0.15709548147860217,-0.05783810917425545,18.702627587934106,-123.8154219715888,28.64499957379704,0.0,5.586174124002701,0.0,0.5807611554565546,1.5146838500314401,-0.021931354420725205,575.1114663307267,0.6547071336697339,-1.0858895705521472,0.9711744579870714,4.466121300161963,4.499413843994689,0.0022079547901732994,-1.5183503273244279,-4.3716908601857805,0.9042818033958246,-0.15774340291224873,2.0706969570693508,Pharmaceutical Retailers,Healthcare,MEDS
2018Q3,2018,Q3,2018-10-26,2018-09-30,94249.0,847471.0,91829.0,0.0163,845126.0,0.9972329437,1230997.0,325590.0,1220997.0,682855.0,905407.0,13865.0,-7923082.0,40104615.0,39833350.0,0.06088887775135106,1.788076531620915,0.26117041714967626,0.987438189133573,0.16458052532367012,0.06088887775135106,0.289471421112442,47.3226989478106,106.37941781875669,123.17520501243897,0.0,0.16913090515686982,0.0,0.688442782557553,1.4825153217008002,0.07656314353324987,472.6029649182762,0.9972329436641489,3.5277777777777777,1.2837865559473944,1.2450183919164346,0.0,0.008879200848048437,3.5945985472627116,1.9202124276537555,1.7422020837507957,-0.49571409560316093,-0.1654468726027387,Pharmaceutical Retailers,Healthcare,MEDS
2018Q2,2018,Q2,2018-07-27,2018-06-30,20513.0,837688.0,31446.0,0.0036,837688.0,1.0,712174.0,-121079.0,702174.0,510701.0,833253.0,0.0,-8017331.0,39982357.5,40178503.5,-0.0227123300570758,1.3749219210457782,0.567350113876665,-3.337093963445354,0.11112721001650334,-0.0227123300570758,-0.16941831366298038,47.72941417329602,487.28071832496465,-330.217110316405,0.0,0.0,0.0,1.1762406378216559,1.044149120522576,0.028803354236464684,501.0760029075232,1.0,-0.7517241379310344,1.095545735740671,1.827148560484963,0.0,-0.01786210478554336,-0.7506594221395665,-0.6814885341544445,1.3689269494619623,-0.29838709838277067,-1.2646035142615195,Pharmaceutical Retailers,Healthcare,MEDS
2018Q1,2018,Q1,2018-04-27,2018-03-31,82269.0,852923.0,98728.0,0.0145,852923.0,1.0,680911.0,-192208.0,670911.0,469067.0,873119.0,0.0,-8037844.0,39982357.5,40398296.5,-0.036054902465418655,1.43030952934229,0.8896566511629274,-3.1516742279197536,0.23872195449852382,-0.036054902465418655,-0.4280206859235828,46.876866375980015,121.49885588739379,-208.0160945434113,0.0,0.0,0.0,1.2526203865116,1.101345863170933,0.12082195764204133,599.7683497592368,1.0,-0.41056910569105687,1.0500034793958268,2.1810209471487982,0.0,0.0800048117101831,-0.4119694652123569,-0.38390110267274896,1.180899012430834,0.19777789717664915,-1.5512602263403543,Pharmaceutical Retailers,Healthcare,MEDS
2017Q4,2017,Q4,2018-03-02,2017-12-31,139906.0,789740.0,160247.0,0.0246,789740.0,1.0,617476.0,-311933.0,607476.0,525357.0,929409.0,0.0,-8120113.0,35949912.75,36432362.75,-0.05856892517771131,1.1563108514781377,1.079173927407705,-2.1362407952989906,0.38639005142967414,-0.05856892517771131,-0.44851298195445816,45.521200331754756,64.23940493974526,-115.24882827402038,0.0,0.0,0.0,1.2789808834675356,0.9581693971908626,0.22657722729304458,674.254712292284,1.0,0.835820895522388,1.083337788960799,2.368677570528243,-3.050312045379019,0.07320732358612743,0.8362054256952739,0.7881716230541762,1.298738408826034,0.24612698755953097,-1.4356344249452142,Pharmaceutical Retailers,Healthcare,MEDS
2017Q3,2017,Q3,2017-11-07,2017-09-30,76193.0,735869.0,89615.0,0.0134,735869.0,1.0,531599.0,-497622.0,531599.0,625169.0,1029221.0,0.0,-8260019.0,32785533.150000002,33318879.150000002,-0.09334529610966537,0.8503284711813925,1.329340348646254,-1.4201060242513395,0.5268782829326822,-0.09334529610966537,-0.1531142111884121,44.553491382297665,107.573967260772,-65.88441256616468,0.0,0.0,0.0,1.3842558018355942,0.6819595981246671,0.14332795960865238,280.75574732821815,1.0,4.9411764705882355,1.2301209157537105,0.955336551218984,0.0,0.04418867988784325,12.136071324174218,0.8370128938359674,1.1991843256149646,0.8269324938797767,-3.1536030944573503,Pharmaceutical Retailers,Healthcare,MEDS
2017Q2,2017,Q2,2017-08-04,2017-06-30,-6842.0,704728.0,48783.0,-0.0034,704728.0,1.0,423891.0,-636134.0,423891.0,655973.0,1060025.0,0.0,-8336212.0,43980593.25,44618506.25,-0.11932775599838004,0.6462019016026574,1.7483669150795842,-1.1650328389930424,1.2465140644435513,-0.11932775599838004,0.010755595519183066,62.40789815361388,-1607.0079381028938,-69.1373095134044,0.0,0.0,0.0,1.6625217331814075,0.546934096372869,-0.016140941893081004,882.0993852664513,1.0,-1.2428571428571427,0.9681312375597099,1.3784162489297294,0.0,-0.055252210959818644,-1.0858189298346839,-0.6551219512195122,0.9791596319051282,1.2532144033165395,-6.688910642971456,Pharmaceutical Retailers,Healthcare,MEDS
2017Q1,2017,Q1,2017-05-15,2017-03-31,79726.0,745943.0,141450.0,0.014,745943.0,1.0,511963.0,-725944.0,511963.0,1237907.0,1237907.0,0.0,-8329370.0,59742292.5,59967149.5,-0.13670165067736562,0.4135714556909364,0.771253000705129,-0.5439166106476533,-0.42722393541352677,-0.13670165067736562,-0.10982389826212491,80.08962145901228,187.336290858691,-82.29600699227488,0.0,0.0,0.0,1.457025214712782,0.3582474289264056,0.15572609739375698,-1237.3359671105773,1.0,2.0,1.0486453973424017,1.79280182304897,0.0,0.8073476963036188,1.1799480871233494,-0.8749350139521066,1.0486453973424017,1.79280182304897,0.0,Pharmaceutical Retailers,Healthcare,MEDS
2016Q4,2016,Q4,2017-03-30,2016-12-31,-443050.0,-1857553.0,1131012.0,-0.014,412728.0,-0.2221890842,337124.0,-1148057.0,337124.0,1474594.0,1485181.0,0.0,-8409096.0,36276667.2,37043338.2,-0.2183660714013993,0.22862157312453463,2.3176931930091005,-0.6805846748027319,1.1945030333295257,-0.2183660714013993,0.38591289456882366,-19.52927706504202,-20.469849452657712,-31.59831541465276,0.0,0.0,0.0,-5.509999288095774,0.21279891278548535,-1.3142048623058578,148.88537973774396,-0.22218908424147252,0.9125,0.732653715598206,-9.026612576933497,-8.64430259114206,-0.279211185352581,0.4743617122247532,2.4282257860841017,0.732653715598206,-9.026612576933497,-8.64430259114206,Pharmaceutical Retailers,Healthcare,MEDS
2016Q3,2016,Q3,2016-11-14,2016-09-30,-842880.0,803278.0,-791900.0,-0.16,572606.0,0.7128366518,1420948.0,-1425820.0,1349448.0,1840032.0,2846768.0,640086.0,-7966046.0,44256760.800000004,45786471.800000004,-0.2706227881006601,0.7333828976887359,1.1430833499888806,-1.139177455779832,-3.9905866701605506,-0.2706227881006601,0.5911545636896663,55.095198424455795,-13.126649345102507,-31.039514665245264,0.0,0.3603765743978153,0.0,0.5653113273673632,0.262684018538808,-0.5931814535085028,-62.19951793953585,0.712836651819171,0.2727272727272727,-1.575808460356694,1.1597012522836694,0.0,-0.11784760769125298,0.260238337221365,0.2185665200307087,-1.575808460356694,1.1597012522836694,0.0,Pharmaceutical Retailers,Healthcare,MEDS
2016Q2,2016,Q2,2016-08-05,2016-06-30,-1139394.0,1688990.0,-1013394.0,-0.22,649101.0,0.3843131102,1435536.0,-847622.0,1435536.0,1339431.0,2283158.0,538757.0,-7123166.0,73793168.19,74794807.19,-0.16161443982582854,1.0717506164931228,0.9203719028989868,-1.5587455257178318,-2.2127242605982644,-0.16161443982582854,1.3442241942752784,43.69070757671744,-16.191319286831423,-87.05905249037897,0.0,1.9301633203837723,0.0,1.1765570490743527,0.5175638013454967,-0.7937063229344301,-149.4723788564102,0.384313110201955,-2.0942334739803097,-4.394374985360747,4.79399998899349,0.0,-0.21895654873422063,-2.0597615339169666,-2.271683018721731,-4.394374985360747,4.79399998899349,0.0,Pharmaceutical Retailers,Healthcare,MEDS
2016Q1,2016,Q1,2016-04-20,2016-03-31,-372380.0,1847151.0,-309747.0,-0.0711,831069.0,0.4499193623,1823886.0,-77838.0,1823886.0,1172345.0,1901724.0,475862.0,-6021351.0,80161504.2,80819931.2,-0.014856525109966686,1.555758757021184,0.6396814274576371,-14.988900023124952,-0.28446698773405044,-0.014856525109966686,4.784038644363935,43.39737476795346,-53.81700426983189,-1029.8505126030989,0.0,2.135245092064506,0.0,1.0127557314437416,0.819229834221155,-0.20416846228327867,-227.82668955501305,0.4499193623044353,-3.4999999999999996,0.7697057674689177,6.009576987987656,0.0,-0.05133116523617153,0.24839285894498886,0.29823849926934537,0.7697057674689177,6.009576987987656,0.0,Pharmaceutical Retailers,Healthcare,MEDS
2015Q4,2015,Q4,2016-03-28,2015-12-31,-495445.0,1491000.0,-441385.0,-0.0158,876037.0,0.5875499665,2027670.0,267017.0,2027670.0,1052265.0,1760653.0,284718.0,-5648971.0,86118433.5,86365992.5,0.05115955226937564,1.9269575629713047,0.5462876109031548,4.148391300928405,-0.3210754574789701,0.05115955226937564,-1.8554811116895178,57.75884205231388,-43.45509264398672,322.5204144305419,0.0,2.1599020785478964,0.0,0.735326754353519,1.290769910621374,-0.2443420280420384,-206.9373661863191,0.5875499664654594,0.5182926829268293,0.6988499257656171,5.4898527587222565,0.7909334333151801,-0.06529931564874664,-3.00320776975162,-4.764990922508261,0.6988499257656171,5.4898527587222565,0.7909334333151801,Pharmaceutical Retailers,Healthcare,MEDS
2015Q3,2015,Q3,2015-11-02,2015-09-30,-123762.0,1637875.0,-76563.0,-0.0328,937238.0,0.5722280394,1352534.0,380233.0,1352534.0,972301.0,972301.0,358036.0,-5153526.0,78173055.0,78209713.0,0.0729598580994436,1.3910651125525944,0.26711343300796875,0.9501542475271741,-0.1426296785399486,0.0729598580994436,-0.3254898969842176,47.72834007479203,-157.9100511465555,205.59250512185952,0.0,1.956889809963244,0.0,1.2109677094993545,0.7901051217678476,-0.09150379953479912,-873.0030152437322,0.5722280393802945,-1.0759493670886076,0.6176424694023367,3.4518761526789694,0.0,0.19364333009420637,-1.2768783574950326,-1.8948502722323048,0.6176424694023367,3.4518761526789694,0.0,Pharmaceutical Retailers,Healthcare,MEDS
2015Q2,2015,Q2,2015-07-30,2015-06-30,-54356.0,1167195.0,-26448.0,-0.0158,785191.0,0.6727162128,1528329.0,447334.0,1526927.0,1080995.0,1080995.0,421934.0,-5029764.0,121168235.25,121077324.25,0.08583533034496349,1.4125199469007719,0.21150943285117274,0.7226278351299029,-0.05194357065950035,0.08583533034496349,-0.12151099625782973,103.81147558891188,-557.2900657241152,270.8674843629145,0.0,0.9053643460825627,0.0,0.7637066364637457,0.7687112336319779,-0.03556564064412832,-371.5324064563013,0.6727162128007745,0.8147713950762017,0.7410171962768952,3.029499106941077,0.0,0.6861532845147852,0.877738765466532,0.94025089743387,0.7410171962768952,3.029499106941077,0.0,Pharmaceutical Retailers,Healthcare,MEDS
2015Q1,2015,Q1,2015-05-04,2015-03-31,-444589.0,696133.0,-442651.0,-0.0853,465670.0,0.6689382632,952463.0,340858.0,949861.0,611605.0,611605.0,150964.0,-4975408.0,132894193.5,132558895.5,0.06540450542709378,1.5530628428479165,0.0,0.0,-1.3014741722696206,0.06540450542709378,-1.304323207904758,190.90345307577718,-74.72867834111956,389.8813978254874,0.0,1.5266089928724729,0.0,0.7308766849735895,1.1206203350201518,-0.4667782370548777,-358.8786335011234,0.6689382632341808,-4.724832214765101,0.7235834583953553,1.6557686150720972,0.0,0.09131345704067906,-0.01692631790827308,-0.012701927938521937,0.7235834583953553,1.6557686150720972,0.0,Pharmaceutical Retailers,Healthcare,MEDS
2014Q4,2014,Q4,2015-03-23,2014-12-31,-437189.0,591624.0,-437099.0,-0.0149,426706.0,0.7212452504,1222118.0,668441.0,1218316.0,553677.0,553677.0,46429.0,-4531788.0,126782175.0,126076573.0,0.1344451260597162,2.2004092638849,0.0,0.0,-0.6539754374247827,0.1344451260597162,-0.6540427651804722,214.29518579367976,-72.49849321460513,189.66845989399215,0.0,3.55204721187189,0.0,0.4840972802953561,1.904769387205898,-0.3577305955726043,-347.1144790086681,0.7212452503617163,0.7924791086350975,0.7210342343045372,1.7033180439544182,3.706496842247644,0.44383275190585275,-0.2352065321805956,-0.24947545351117412,0.7210342343045372,1.7033180439544182,3.706496842247644,Pharmaceutical Retailers,Healthcare,MEDS
2014Q3,2014,Q3,2014-10-30,2014-09-30,-353940.0,372690.0,-349826.0,-0.0718,295537.0,0.7929834447,541524.0,213798.0,536522.0,327726.0,327726.0,29614.0,-4094644.0,103584831.0,103313983.0,0.043343778781663504,1.6371053868170362,0.0,0.0,-1.645810416418489,0.043343778781663504,-1.6554878904386383,277.93831602672464,-73.16553017460586,484.4985968063312,0.0,2.605288039440805,0.0,0.6882243446273849,1.3918090111861738,-0.6535998404502847,-361.0649175459327,0.792983444685932,-0.16558441558441558,0.7250786688137675,0.0,1.0126309004171368,0.249464129437579,-0.17194018780710701,-0.1659700696597007,-0.15531638869289557,0.07028396384067877,0.0,Pharmaceutical Retailers,Healthcare,MEDS
2014Q2,2014,Q2,2014-08-19,2014-06-30,-302012.0,287717.0,-300030.0,-0.0616,236531.0,0.822096018,327665.0,-76108.0,321463.0,403773.0,403773.0,16595.0,-3742761.0,128730945.0,128723210.0,-0.015519461928909168,0.7961478355412571,0.0,0.0,3.955139242918504,-0.015519461928909168,3.9682030798339203,447.42210227410965,-106.5611176045985,-1691.424620276449,0.0,3.084423018981621,0.0,0.8780827979796438,0.5476443447184433,-0.921709672989181,-789.3487751785879,0.8220960179620947,0.8012903225806453,0.5897525793604055,0.0,0.9956903485709692,1.428300104716342,0.798445287410939,0.12912860613554628,-0.5291842397031441,0.055565881981272366,0.0,Pharmaceutical Retailers,Healthcare,MEDS
2014Q1,2014,Q1,2014-03-31,2014-03-31,-1498412.0,244196.0,-344517.0,-0.31,97406.0,0.3988845026,,,,,,,,109240807.5,,,0.0,0.0,0.0,0.0,,0.0,447.34888163606286,-18.226096610945454,0.0,0.0,0.0,0.0,0.0,0.0,0.0,-438.0882406018656,0.3988845026126554,0.03125000000000003,0.5497350773445164,0.0,0.0,2.907415747938982,-0.037659163826815355,0.759585572496551,0.0,0.0,0.0,Pharmaceutical Retailers,Healthcare,MEDS
2013Q4,2013,Q4,2013-12-31,2013-12-31,-1444031.0,201654.0,-1433013.0,-0.32,-51067.0,-0.2532406994,403867.0,130865.0,395265.0,273002.0,273002.0,43373.0,-2519745.0,57722.7168,-7261.283199999998,0.028565859187002093,1.4478465359228136,0.04786971948686077,0.14773239598059068,-9.577363896957108,0.028565859187002093,-11.034508844992931,0.28624632687672946,-0.009993330614093465,0.4410859802086119,0.0,5.8266894150738935,0.0,0.4993079404853578,1.2827012256320467,-3.5755112450385895,-0.1194936391056202,-0.25324069941583105,-4.152979066022544,0.9998049158328677,0.0,1.0000104874366595,-0.12815358105421287,-4.07514497592521,-4.066729602443888,0.0,0.0,0.0,Pharmaceutical Retailers,Healthcare,MEDS
2013Q3,2013,Q3,2013-09-30,2013-09-30,-284530.0,323406.0,-282828.0,-0.0621,-45266.0,-0.1399664818,,,,,,,,63220.1184,,,0.0,0.0,0.0,0.0,,0.0,0.19548220626704513,-0.05554784943591185,0.0,0.0,0.0,0.0,0.0,0.0,0.0,-0.2561012023203811,-0.13996648175976945,-0.5409429280397022,0.7248048140588312,0.0,0.0,-1.342056145388597,-0.5422014569421559,-0.5376686075908075,0.0,0.0,0.0,Pharmaceutical Retailers,Healthcare,MEDS
2013Q2,2013,Q2,2013-06-30,2013-06-30,-184496.0,254626.0,-183933.0,-0.0403,132335.0,0.5197230448,,,,,,,,19240.9056,,,0.0,0.0,0.0,0.0,,0.0,0.07556536096078169,-0.026072253056976843,0.0,,0.0,,0.0,0.0,0.0,0.0,0.5197230447794019,0.0,0.8901506355874393,0.0,0.0,0.0,0.0,0.0,0.0,0.0,0.0,Pharmaceutical Retailers,Healthcare,MEDS
2009Q3,2009,Q3,2009-11-25,2009-09-30,-4531.0,0.0,-4531.0,-0.26,0.0,0.0,592.0,-59572.0,592.0,60164.0,60164.0,0.0,-77672.0,4166.4,22907.4,-3.4315668202764975,0.009839771291802408,32.6570945945946,-0.324531659168737,,-3.4315668202764975,0.07605922245350165,0.0,-0.22988302802913263,-0.06993889746860942,0.0,0.0,0.0,0.0,0.009839771291802408,-7.653716216216216,-2.719582245430809,0.0,-0.7333333333333335,-1.2052875292763985,0.0,0.0,0.0,-0.7386799693016116,-0.7386799693016116,-1.2052875292763985,0.0,0.0,Pharmaceutical Retailers,Healthcare,MEDS
2009Q2,2009,Q2,2009-08-25,2009-06-30,-2606.0,0.0,-2606.0,-0.15,0.0,0.0,624.0,-62515.0,624.0,63139.0,63139.0,0.0,-80615.0,4166.4,22875.4,-3.6010944700460827,0.00988295665119815,30.982371794871796,-0.30925377909301766,,-3.6010944700460827,0.04168599536111333,0.0,-0.39969301611665387,-0.06664640486283292,0.0,0.0,0.0,0.0,0.00988295665119815,-4.176282051282051,-16.868016194331982,0.0,0.7826086956521738,0.49213751334487843,0.0,0.0,0.0,0.7809899991595932,0.8619630277027385,0.49213751334487843,0.0,0.0,Pharmaceutical Retailers,Healthcare,MEDS
2009Q1,2009,Q1,2009-05-20,2009-03-31,-11899.0,0.0,-18879.0,-0.69,0.0,0.0,655.0,-59909.0,655.0,60564.0,60564.0,0.0,-78009.0,4166.4,22844.4,-3.450979262672811,0.010815005613896044,29.516030534351145,-0.32270610425812485,,-3.450979262672811,0.19861790382079486,0.0,-0.08753676779561308,-0.06954547730724933,0.0,0.0,0.0,0.0,0.010815005613896044,-18.166412213740458,-0.4187757563574228,0.0,0.9995729590226331,-18.549066969412255,0.0,0.0,0.0,0.9995821903904913,0.9993371016372877,-18.549066969412255,0.0,0.0,Pharmaceutical Retailers,Healthcare,MEDS
2008Q4,2008,Q4,2009-04-15,2008-12-31,-28479479.0,0.0,-28479479.0,-1615.77,0.0,0.0,687000.0,-48010000.0,687000.0,48697000.0,48697000.0,0.0,-66110000.0,4230.24,18650230.24,-2723.817088392148,0.014107645234819393,28.141193595342067,-0.4026869402207873,,-2723.817088392148,0.5931988960633201,0.0,-3.713410628052571e-05,-8.811164340762341e-05,0.0,0.0,0.0,0.0,0.014107645234819393,-41.454845705967976,-0.00015031125990252494,0.0,-7024.086956521739,-6775.658889715346,0.0,-3755.4353602328656,0.0,-7158.245600804425,-7158.245600804425,-6775.658889715346,0.0,-3755.4353602328656,Pharmaceutical Retailers,Healthcare,MEDS
2008Q3,2008,Q3,2008-11-19,2008-09-30,-3978.0,0.0,-3978.0,-0.23,0.0,0.0,270.0,-36034.0,270.0,36304.0,36304.0,0.0,-55134.0,4230.24,23293.239999999998,-2.0443662770906617,0.0074371970030850595,71.6037037037037,-0.5365210634400843,,-2.0443662770906617,0.11039573735916079,0.0,-0.2658521870286576,-0.1173957928622967,0.0,0.0,0.0,0.0,0.0074371970030850595,-14.733333333333333,-9.03897435897436,0.0,0.37837837837837834,-0.9069174512763939,0.0,0.0,0.0,0.38440111420612816,0.38440111420612816,-0.9069174512763939,0.0,0.0,Pharmaceutical Retailers,Healthcare,MEDS
2008Q2,2008,Q2,2008-08-07,2008-06-30,-6462.0,0.0,-6462.0,-0.37,0.0,0.0,773.0,-32056.0,773.0,32829.0,32829.0,0.0,-51156.0,4230.24,22790.239999999998,-1.8186769544990355,0.02354625483566359,25.010349288486417,-0.6031008235587721,,-1.8186769544990355,0.2015847267282256,0.0,-0.16365831012070567,-0.13196406288994258,0.0,0.0,0.0,0.0,0.02354625483566359,-8.359637774902975,-0.2201415487094088,0.0,0.07500000000000007,-0.24032252877336607,0.0,0.0,0.0,0.08728813559322034,0.08728813559322034,-0.24032252877336607,0.0,0.0,Pharmaceutical Retailers,Healthcare,MEDS
2008Q1,2008,Q1,2008-05-12,2008-03-31,-7080.0,0.0,-7080.0,-0.4,0.0,0.0,656.0,-25593.0,656.0,26249.0,26249.0,0.0,-44693.0,4230.24,3574.24,-1.4520027232497448,0.02499142824488552,0.0,0.0,,-1.4520027232497448,0.2766381432422928,0.0,-0.1493728813559322,-0.16528894619622553,0.0,0.0,0.0,0.0,0.02499142824488552,-10.792682926829269,-3.7939372197309416,0.0,0.18367346938775503,-10.456310679611649,0.0,0.0,0.0,0.1765526866713189,0.1765526866713189,-10.456310679611649,0.0,0.0,Pharmaceutical Retailers,Healthcare,MEDS
2007Q4,2007,Q4,2008-03-28,2007-12-31,-8598.0,0.0,-8598.0,-0.49,0.0,0.0,1771.0,-18513.0,1771.0,20284.0,20284.0,0.0,-37613.0,4230.24,2459.24,-1.0503233859071825,0.08731019522776573,0.0,0.0,,-1.0503233859071825,0.4644304002592773,0.0,-0.1230006978367062,-0.22850105331388754,0.0,0.0,0.0,0.0,0.08731019522776573,-4.854884246188594,-6.60975,0.0,-0.19512195121951226,-1.0458840954840691,0.0,-2.447737176088128,0.0,-0.18495038588754134,-0.18495038588754134,-1.0458840954840691,0.0,-2.447737176088128,Pharmaceutical Retailers,Healthcare,MEDS
2007Q3,2007,Q3,2007-11-14,2007-09-30,-7256.0,0.0,-7256.0,-0.41,0.0,0.0,2411.0,-9915.0,2411.0,12326.0,12326.0,0.0,-29015.0,4230.24,1819.2399999999998,-0.5625212753886304,0.19560279084861268,0.0,0.0,,-0.5625212753886304,0.7318204740292487,0.0,-0.1457497243660419,-0.42665052950075644,0.0,0.0,0.0,0.0,0.19560279084861268,-3.009539610120282,-0.29370547802541136,0.0,0.37878787878787884,-2.4782787899601595,0.0,0.0,0.0,0.3805702578111661,0.3805702578111661,-2.4782787899601595,0.0,0.0,Pharmaceutical Retailers,Healthcare,MEDS
2007Q2,2007,Q2,2007-08-13,2007-06-30,-11714.0,0.0,-11714.0,-0.66,0.0,0.0,9148.0,-2659.0,9148.0,11807.0,11807.0,0.0,-21759.0,4230.24,-4917.76,-0.1508566889821854,0.774794613364953,0.0,0.0,,-0.1508566889821854,4.405415569763069,0.0,-0.09028171418815092,-1.5909138773975178,0.0,0.0,0.0,0.0,0.774794613364953,-1.280498469610844,-4.66399117971334,0.0,-17.803418803418804,-1.2483964874731062,0.0,0.0,0.0,-17.954692556634303,-17.954692556634303,-1.2483964874731062,0.0,0.0,Pharmaceutical Retailers,Healthcare,MEDS
2007Q1,2007,Q1,2007-03-31,2007-03-31,-618.0,0.0,-618.0,-0.0351,0.0,0.0,,,,,,,,4230.24,,,0.0,0.0,0.0,0.0,,0.0,0.0,-1.71126213592233,0.0,0.0,0.0,0.0,0.0,0.0,0.0,-35.84949152542373,0.0,0.85375,0.0,0.0,0.0,0.0,0.8055992450456119,0.8055992450456119,0.0,0.0,0.0,Pharmaceutical Retailers,Healthcare,MEDS
