Quarters,Year,Quarter,FillingDate,Date,NetIncome,Revenue,OperatingIncome,EPSDiluted,GrossProfit,GrossProfitRatio,TotalAssets,CommonStockEquity,CurrentAssets,CurrentLiability,TotalLiability,Inventory,RetainedEarnings,MarketCap,EnterpriseValue,bookValuePerShare,currentRatio,debtToAssets,debtToEquity,roic,shareholdersEquityPerShare,roe,priceToSalesRatio,peRatio,pbRatio,payoutRatio,inventoryTurnover,dividendYield,assetTurnover,quickRatio,returnOnAssets,priceToFreeCashFlowsRatio,grossProfitMargin,epsdilutedGrowth,fiveYNetIncomeGrowthPerShare,fiveYRevenueGrowthPerShare,fiveYShareholdersEquityGrowthPerShare,grossProfitGrowth,netIncomeGrowth,operatingIncomeGrowth,threeYNetIncomeGrowthPerShare,threeYRevenueGrowthPerShare,threeYShareholdersEquityGrowthPerShare,Industry,Sector,Symbol
2023Q1,2023,Q1,2023-05-08,2023-03-31,26276500.0,27135286.0,26029484.0,1.8,27135286.0,1.0,14543496.0,12395493.0,14436850.0,2148003.0,2148003.0,0.0,0.0,1046942764.45,1032505914.45,0.8502091829228268,6.721056721056721,0.0,0.0,2.119655740254069,0.8502091829228268,2.1198430752209694,38.582337567770615,9.960827778147776,84.46156715590094,0.0,0.0,0.0,1.8658021427585225,6.721056721056721,1.8067526542448942,-153984.8160685395,1.0,1.2936378466557912,1.645618511808501,1.5193639886919028,1.3171142410589023,-0.19817920191260094,-0.2104845037847107,-0.221142472293008,1.5253668348450553,1.3989400041462725,1.4872942345026863,Oil & Gas E&P,Energy,SBR
2022Q4,2022,Q4,2023-02-28,2022-12-31,33281804.0,33842083.0,33420084.0,-6.13,33842083.0,1.0,16282983.0,11409506.0,16170491.0,4873477.0,4873477.0,0.0,0.0,1245805030.25,1229634539.25,0.7825801502056505,3.3180603909693223,0.0,0.0,2.9074219820008445,0.7825801502056505,2.917024102533449,36.81230349355269,9.35800407821944,109.19009379108964,0.0,0.0,0.0,2.0783712050795606,6.6361207819386445,2.043962337859101,0.0,1.0,-3.2873134328358207,2.915028258902031,2.748915551126455,1.4833592490309908,-0.15288640695655725,-0.14858693429603967,-0.1380150057230811,2.0506480029925527,1.9425319067685194,1.0201814417495918,Oil & Gas E&P,Energy,SBR
2022Q3,2022,Q3,2022-11-10,2022-09-30,39090079.0,39949876.0,38771074.0,2.68,39949876.0,1.0,20593319.0,17013307.0,20479648.0,3580012.0,3580012.0,0.0,0.0,1036299842.6,1015820194.6,1.166945908749673,5.720552892001479,0.0,0.0,2.2912657985791673,1.166945908749673,2.2976179175512437,25.94000148085566,6.627639730531115,60.911135183771144,0.0,0.0,0.0,1.9399435321717688,5.720552892001479,1.898192272940559,-158117.15633201099,1.0,0.43315508021390375,3.5876303698873664,3.385491016247115,3.8771103878885413,0.4254025142251688,0.4314772383128304,0.42203273232811084,2.781847805749055,2.581634076534424,2.610368039535289,Oil & Gas E&P,Energy,SBR
2022Q2,2022,Q2,2022-08-11,2022-06-30,27307510.0,28027084.0,27264544.0,1.87,28027084.0,1.0,11344579.0,10230753.0,11222320.0,1113826.0,1113826.0,0.0,0.0,887590523.6,876368203.6,0.701729261499745,10.07546959758526,0.0,0.0,2.6677550451221754,0.701729261499745,2.6691593473129496,31.669028558233173,8.125882986035709,86.7571061093939,0.0,0.0,0.0,2.470526583666084,10.07546959758526,2.4070976983808743,0.0,1.0,0.18354430379746836,2.456674838884771,2.266823004043799,1.8050371249361508,0.1711957824207496,0.18625275717055484,0.18509364156744285,1.7467939245959951,1.6701198601751963,1.6849438486506463,Oil & Gas E&P,Energy,SBR
2022Q1,2022,Q1,2022-05-12,2022-03-31,23019976.0,23930315.0,23006236.0,1.58,23930315.0,1.0,15481585.0,12865544.0,15351774.0,2616041.0,2616041.0,0.0,0.0,841957173.75,841957173.75,0.8824500689159904,5.8683231646598815,0.0,0.0,1.7886324924373094,0.8824500689159904,1.7892734267591017,35.183706263373466,9.143766850039288,65.44279618102429,,0.0,,1.5457277145718606,0.0,1.4869263063181193,0.0,1.0,0.0,1.3472222349677951,1.2818171034672674,1.043923512673617,0.008702802930266254,0.002495048161401697,0.0020327475716547766,0.7916600705176969,0.7414295034153183,1.0189245181698663,Oil & Gas E&P,Energy,SBR
2021Q4,2021,Q4,2022-03-25,2021-12-31,22962683.0,23723851.0,22959565.0,1.58,23723851.0,1.0,16187221.0,14773380.0,16187221.0,1413841.0,1413841.0,0.0,0.0,607667099.6,591479878.6,1.013308896936042,11.449109906983884,0.0,0.0,1.5542227908676278,1.013308896936042,1.5543283256776717,25.614184627951,6.615811179381782,41.13257085379243,0.0,0.0,0.0,1.4655913451728373,11.44911344344944,1.418568573320893,26.46324471752713,1.0,0.6808510638297874,2.3152655627467746,2.158991731496267,2.339900829674865,0.6375662288705761,0.6667754008921287,0.6667253467703753,0.4233913481430975,0.4209667342314917,1.6072518669705704,Oil & Gas E&P,Energy,SBR
2021Q3,2021,Q3,2021-11-09,2021-09-30,13776711.0,14487262.0,13775254.0,0.94,14487262.0,1.0,8760282.0,6962324.0,8618047.0,1797958.0,1797958.0,0.0,0.0,624433346.35,624433346.35,0.4775471051683049,4.793241555142,0.0,0.0,1.9787517567281154,0.4775471051683049,1.9787517788600473,43.10223328258991,11.331321139530326,89.68748744672037,0.0,0.0,0.0,1.653743795005686,0.0,1.5726332782437826,0.0,1.0,0.1325301204819277,0.6156892735778072,0.6015449815185029,0.47555976788036863,0.11866809940900923,0.1330475968104909,0.13306158452471226,0.21688268693898966,0.21816169128605944,0.32451984585147997,Oil & Gas E&P,Energy,SBR
2021Q2,2021,Q2,2021-08-12,2021-06-30,12158987.0,12950456.0,12157551.0,0.83,12950456.0,1.0,7575415.0,5895443.0,7426626.0,1679972.0,1679972.0,0.0,0.0,587839190.4,587839190.4,0.4043695378633265,4.42068439235892,0.0,0.0,2.0624381968251764,0.4043695378633265,2.0624382255922074,45.39138933795072,12.086516549446102,99.71077498332185,,0.0,,1.7095374972856272,0.0,1.6050588647618644,0.0,1.0,0.360655737704918,1.0769851893152074,0.9907910325631217,0.7911505279775222,0.3292493115860065,0.3571721810100613,0.35721837878642243,-0.03068766880174971,-0.016623265464250532,0.09827326040626537,Oil & Gas E&P,Energy,SBR
2021Q1,2021,Q1,2021-05-14,2021-03-31,8959060.0,9742684.0,8957697.0,0.61,9742684.0,1.0,6352270.0,5163692.0,6197559.0,1188578.0,1188578.0,0.0,0.0,442628914.2,442628914.2,0.35417859993024375,5.214263599023371,0.0,0.0,1.7350104910668482,0.35417859993024375,1.7350105312245578,45.43192760844958,12.35143291260467,85.71946471633088,,0.0,,1.5337326656455095,0.0,1.4103714105351315,0.0,1.0,0.4523809523809524,0.4523506069873824,0.3978465033549834,0.5367710169840586,0.4199453777697521,0.4575063841735942,0.4572846442587339,-0.09796757618392601,-0.09544468325099724,-0.03474075055813235,Oil & Gas E&P,Energy,SBR
2020Q4,2020,Q4,2021-03-26,2020-12-31,6146841.0,6861309.0,6146841.0,0.42,6861309.0,1.0,4953523.0,3987564.0,4792795.0,965959.0,965959.0,0.0,0.0,411429115.9,411429115.9,0.2735077604652335,4.961696096832267,0.0,0.0,1.5415027821497034,0.2735077604652335,1.5415027821497034,59.9636477383543,16.733356040118817,103.17805956217882,3.140889767605832,0.0,0.04692558026129721,1.3851372043694963,0.0,1.240902888711731,-20.893094538878767,1.0,-0.17647058823529416,-0.3126962058775778,-0.2724821365349889,-0.23024235153085204,-0.1682486525107613,-0.17525289477352815,-0.17509174271912736,-0.2769305348358635,-0.23992657274719448,-0.13207864209870143,Oil & Gas E&P,Energy,SBR
2020Q3,2020,Q3,2020-11-06,2020-09-30,7453001.0,8249231.0,7451545.0,0.51,8249231.0,1.0,4912832.0,4259791.0,4748968.0,653041.0,653041.0,0.0,0.0,424258939.5,424258939.5,0.2921798613037829,7.2720824573036,0.0,0.0,1.749616522397322,0.2921798613037829,1.7496165891706894,51.43011991057106,14.231144591956985,99.59618664389872,0.0,0.0,0.0,1.6791192941260764,0.0,1.517047804606386,0.0,1.0,-0.203125,-0.42549646795615054,-0.391211941387654,0.156845848973697,-0.17026184652154921,-0.1987538490019418,-0.19891037848528054,-0.12531223755263032,-0.09444203427697251,0.2211306676787834,Oil & Gas E&P,Energy,SBR
2020Q2,2020,Q2,2020-08-07,2020-06-30,9301762.0,9941969.0,9301762.0,0.64,9941969.0,1.0,7335911.0,6033316.0,7164625.0,1302595.0,1302595.0,0.0,0.0,404139443.4,396974813.4,0.41382627271664124,5.500270613659656,0.0,0.0,1.5417329375752902,0.41382627271664124,1.5417329375752902,40.649839423156514,10.861905609926376,66.98463057462928,0.8863180975819422,0.0,0.02039969157833507,1.3552466762478443,5.500274452151283,1.2679763972054732,43.48334682573498,1.0,-0.09859154929577459,-0.01920838116422797,-0.034225364631574925,0.7965034186267965,-0.12106372661478079,-0.10603157724879608,-0.10603157724879608,0.17744776666545153,0.15883097345019298,0.6541964571396921,Oil & Gas E&P,Energy,SBR
2020Q1,2020,Q1,2020-05-07,2020-03-31,10405023.0,11311365.0,10405023.0,0.71,11311365.0,1.0,8542661.0,4983525.0,8363732.0,3559136.0,3559136.0,0.0,0.0,402973095.8,394609365.8,0.34182091170762474,2.349933242225079,0.0,0.0,2.0878841783677218,0.34182091170762474,2.0878841783677218,35.625505480549876,9.682176959147519,80.86105634064242,1.063162474508706,0.0,0.02745153489227059,1.3241032273199183,2.349932680290947,1.2180072462198839,38.754903188019995,1.0,-0.05333333333333338,-0.28558450730432444,-0.2514527410001528,0.11995064016763114,-0.01648925033353598,-0.04626375913872995,-0.043559187377325594,0.0609438229193337,0.07856775477301603,-0.20827724630246594,Oil & Gas E&P,Energy,SBR
2019Q4,2019,Q4,2020-03-02,2019-12-31,10909749.0,11501008.0,10878899.0,0.75,11501008.0,1.0,6911788.0,5647763.0,6725823.0,1264025.0,1264025.0,0.0,0.0,587547603.5,580821783.5,0.38738112034525557,5.320957259547873,0.0,0.0,1.9316783944427809,0.38738112034525557,1.9316938405524453,51.08661810338711,13.463820375244195,104.0319155566549,0.9137900422823659,0.0,0.01696751027595673,1.6639700175989194,5.320954886177093,1.578426450579792,53.8806123918119,1.0,0.056338028169014134,-0.07821239387580976,-0.06861849843363452,0.24529203411820016,0.031102128259297125,0.05548546773013547,0.05675822538349246,0.5751084121098159,0.5314372517291741,0.2768214402869894,Oil & Gas E&P,Energy,SBR
2019Q3,2019,Q3,2019-11-07,2019-09-30,10336238.0,11154092.0,10294596.0,0.71,11154092.0,1.0,8289521.0,4712347.0,8098435.0,3577174.0,3577174.0,0.0,0.0,632597779.55,624499339.55,0.32322076197524646,2.2639197869603214,0.0,0.0,2.193401766735617,0.32322076197524646,2.1934373678339054,56.71441293025017,15.300484072396552,134.24261404136837,0.9119497828900611,0.0,0.01490066880523245,1.3455653227731734,2.2639211847117306,1.246904133544025,61.25033811254183,1.0,0.0441176470588234,-0.42444503184049787,-0.3947148087818701,-0.3523741737263037,0.06264221320424475,0.039696249917266786,0.040189991918634246,0.21220143659450555,0.2330680611695764,-0.0012889883476048143,Oil & Gas E&P,Energy,SBR
2019Q2,2019,Q2,2019-08-07,2019-06-30,9941594.0,10496564.0,9896842.0,0.68,10496564.0,1.0,7353099.0,3810416.0,7153837.0,3542683.0,3542683.0,0.0,0.0,706515058.7,699361218.7,0.26135714601719073,2.019327441941602,0.0,0.0,2.609004515322313,0.26135714601719073,2.609057383760723,67.3091745736986,17.766644330375993,185.41677829927232,1.2570539492962596,0.0,0.017688398635118854,1.4275020640956964,2.019328288757419,1.3520277640760718,71.11331574243137,1.0,-0.2272727272727272,-0.36784695854058885,-0.36538138311855245,-0.09851621559150642,-0.23615605418954552,-0.22623911479758657,-0.22675901849565389,0.6982124823544043,0.6135698607002633,0.15767867320810283,Oil & Gas E&P,Energy,SBR
2019Q1,2019,Q1,2019-05-03,2019-03-31,12848406.0,13741765.0,12799169.0,0.88,13741765.0,1.0,8494111.0,6372474.0,8288322.0,2121637.0,2121637.0,0.0,0.0,685229215.0,676940895.0,0.43708918336180397,3.9065693141663727,0.0,0.0,2.016205529673948,0.43708918336180397,2.016235138817357,49.86471643198672,13.332961594613371,107.52954268624714,0.9444050880708471,0.0,0.017708089110006788,1.6177990845657657,3.906568371498046,1.5126251587717656,53.36547287409728,1.0,-0.20720720720720728,-0.024215149507645927,-0.002524870343073592,-0.040924581071589285,-0.17692153206380304,-0.2035638893839252,-0.20386349079634433,1.0828513541510298,0.9716207725895547,0.8965177143959152,Oil & Gas E&P,Energy,SBR
2018Q4,2018,Q4,2019-03-13,2018-12-31,16132375.0,16695571.0,16076601.0,1.11,16695571.0,1.0,9464382.0,5666265.0,9250494.0,3798117.0,3798117.0,0.0,0.0,543517981.6,534267491.6,0.3886501759852723,2.4355474041478975,0.0,0.0,2.84705748392291,0.3886501759852723,2.8470915144279343,32.55462071947105,8.422783093003975,95.92173708783476,0.9741777016713288,0.0,0.028914958717163444,1.7640423854404863,2.4355463509944535,1.7045354889521578,33.70530824608589,1.0,0.42307692307692313,0.17381007696746667,0.17772807904694116,0.005635269631998353,0.4038473941001747,0.42495606075407855,0.4245555629889915,0.8038277784809644,0.7702636833945824,0.09381337127204394,Oil & Gas E&P,Energy,SBR
2018Q3,2018,Q3,2018-11-02,2018-09-30,11321314.0,11892725.0,11285345.0,0.78,11892725.0,1.0,9204748.0,5256489.0,8984068.0,3948259.0,3948259.0,0.0,0.0,609708207.9,600724139.9,0.36054356351399874,2.275450521356375,0.0,0.0,2.153756951212262,0.36054356351399874,2.1537786914421395,51.26732585677378,13.46372443825867,115.99153121028124,1.0088316603532061,0.0,0.018732403225041116,1.2920207049666108,2.275450521356375,1.2299428512328638,53.89257057118107,1.0,-0.09302325581395345,-0.32734849927003207,-0.3104407071691763,-0.1400744937692283,-0.09694075056263114,-0.0974668148286211,-0.09817054484097001,-0.12731329562715993,-0.12232437613148278,0.4275224957811074,Oil & Gas E&P,Energy,SBR
2018Q2,2018,Q2,2018-08-03,2018-06-30,12543931.0,13169374.0,12513835.0,0.86,13169374.0,1.0,7518464.0,5367920.0,7289852.0,2150544.0,2150544.0,0.0,0.0,686687149.5,679397297.5,0.3681866366424555,3.389771146277407,0.0,0.0,2.3368192507033383,0.3681866366424555,2.3368327024247755,52.14273279048799,13.685645064134999,127.9242517585955,0.9980922248376527,0.0,0.01823246584578761,1.7516043170519937,3.389771146277407,1.6684167138394226,54.759740789473675,1.0,0.26470588235294107,-0.045150748872656646,-0.04975576768663923,0.11282626010586937,0.22270487988280044,0.2629709460715286,0.2625403162667863,0.3226507399409084,0.2792885768282335,0.5983725418849525,Oil & Gas E&P,Energy,SBR
2018Q1,2018,Q1,2018-05-08,2018-03-31,9932082.0,10770689.0,9911632.0,0.68,10770689.0,1.0,6941068.0,5349539.0,6704149.0,1591529.0,1591529.0,0.0,0.0,640762212.75,634058063.75,0.3669258804150667,4.212395124436941,0.0,0.0,1.8566160362178736,0.3669258804150667,1.856623907218921,59.49129278080539,16.128597527436845,119.7789590374049,0.9232706697347042,0.0,0.014311081111734923,1.551733681329732,4.212395124436941,1.4309155305782915,64.59296499495967,1.0,0.17241379310344845,-0.3382069648011235,-0.3052751015236465,-0.2149966175911672,0.1931417900147178,0.16833756066023936,0.167814671581756,-0.3180569369693992,-0.28723282039879316,0.2022051916367851,Oil & Gas E&P,Energy,SBR
2017Q4,2017,Q4,2018-03-08,2017-12-31,8501038.0,9027166.0,8487333.0,0.58,9027166.0,1.0,5330266.0,4594384.0,5085661.0,735882.0,735882.0,0.0,0.0,650238787.0,645153126.0,0.31512965774525536,6.910973498468504,0.0,0.0,1.8503059181385542,0.31512965774525536,1.8503107271834482,72.03133153860249,19.12233503132206,141.52904654900416,0.8693056071505622,0.0,0.011365055649933108,1.6935676380878553,6.910973498468504,1.594861869932945,76.49868082352938,1.0,0.0,-0.25761065752294404,-0.24660525837659478,0.12958702711101894,-0.009044348593938057,-0.002314113911958047,-0.002566290249225248,-0.2817294451420676,-0.26895664936770397,0.013029370545490835,Oil & Gas E&P,Energy,SBR
2017Q3,2017,Q3,2017-11-07,2017-09-30,8520756.0,9109556.0,8509170.0,0.58,9109556.0,1.0,5600247.0,3488399.0,5351881.0,2111848.0,2111848.0,0.0,0.0,594837276.0,589485395.0,0.23926993976752728,2.534216951219974,0.0,0.0,2.442593363336509,0.23926993976752728,2.4425978794283565,65.29816337920312,17.452596811832187,170.5187038523976,1.0175153472297531,0.0,0.014575414739139519,1.6266346823631173,2.534216951219974,1.5214964625667404,69.89862232667451,1.0,0.07407407407407393,-0.2850819318225009,-0.26266873345324926,-0.07846496374776708,0.06180532721224984,0.07858544676817635,0.0783913647277639,-0.5255369073085501,-0.5056630924890827,-0.52058341952591,Oil & Gas E&P,Energy,SBR
2017Q2,2017,Q2,2017-08-09,2017-06-30,7899936.0,8579309.0,7890614.0,0.54,8579309.0,1.0,4723005.0,3647279.0,4466799.0,1075726.0,1075726.0,0.0,0.0,564949618.75,560482819.75,0.2501675486793131,4.152357570608129,0.0,0.0,2.1659777055582765,0.2501675486793131,2.1659807215186992,65.85024723436351,17.87829732892773,154.89618939214685,1.3341880238017119,0.0,0.01865653086609858,1.816493736508854,4.152357570608129,1.6726503571349174,71.60324698986058,1.0,-0.19402985074626866,-0.4475408515380587,-0.43214007174806335,-0.378418119285169,-0.18194081389523462,-0.19448632639658084,-0.19495244875592593,-0.49766922993086476,-0.48129795508524936,-0.1371118335337594,Oil & Gas E&P,Energy,SBR
2017Q1,2017,Q1,2017-05-05,2017-03-31,9807327.0,10487394.0,9801426.0,0.67,10487394.0,1.0,6790046.0,6294533.0,6526059.0,495513.0,495513.0,0.0,0.0,519024682.0,512498623.0,0.43174319559623564,13.170308347106937,0.0,0.0,1.5580700664226574,0.43174319559623564,1.5580706304979257,49.490338781970046,13.230533712192935,82.45642401112204,0.8082519324582529,0.0,0.015272474074749302,1.5445247351785245,13.170308347106937,1.4443682708482388,52.972383207062975,1.0,0.3958333333333335,-0.33061339963955205,-0.3105389112433224,-0.038475004452824896,0.3964676700651829,0.4159448817760817,0.41584986663334605,-0.2551728898958651,-0.23875028499517545,-0.052654922729585704,Oil & Gas E&P,Energy,SBR
2016Q4,2016,Q4,2017-03-10,2016-12-31,6926348.0,7509944.0,6922645.0,0.48,7509944.0,1.0,5234447.0,4423299.0,4961157.0,811148.0,811148.0,0.0,0.0,512463976.75,507502819.75,0.3033949056010404,6.116216769319532,0.0,0.0,1.5658778708567933,0.3033949056010404,1.5658783184225167,68.23805566992245,18.496904023231288,115.85560387168039,1.0419308992271252,0.0,0.01408250399524302,1.434715835311734,6.116216769319532,1.3232244017371844,74.03787722602398,1.0,-0.17241379310344826,-0.46684506369211026,-0.4430635382474332,-0.23130719514214812,-0.1697870084295437,-0.18769972247606145,-0.18787512696334188,-0.4960309886806214,-0.47023842904982993,-0.21496338725281133,Oil & Gas E&P,Energy,SBR
2016Q3,2016,Q3,2016-11-04,2016-09-30,8526832.0,9045804.0,8524114.0,0.58,9045804.0,1.0,5623511.0,4718429.0,5345519.0,905082.0,905082.0,0.0,0.0,535936722.2,530591203.2,0.32363792749262743,5.9061156889651985,0.0,0.0,1.8071335043113825,0.32363792749262743,1.8071336879287576,59.24699697229787,15.71324268497374,113.58372081046465,0.0,0.0,0.0,1.6085687393516257,5.9061156889651985,1.5162826213018878,23.918146108749905,1.0,0.44999999999999984,-0.4895359390960735,-0.47257499643458567,-0.1586571620331043,0.39055377552138826,0.45654434664491117,0.45636888900051276,-0.4933815684935235,-0.4755097583332469,-0.2280974151303362,Oil & Gas E&P,Energy,SBR
2016Q2,2016,Q2,2016-08-04,2016-06-30,5854152.0,6505181.0,5852991.0,0.4,6505181.0,1.0,4861231.0,3291428.0,4571741.0,1569803.0,1569803.0,0.0,0.0,487095916.4499999,482524175.4499999,0.2257596620424306,2.9123023716988694,0.0,0.0,1.7786054471644444,0.2257596620424306,1.7786055171190134,74.8781496548674,20.801301215359626,147.98923641957228,0.0,0.0,0.0,1.3381756596220176,2.9123023716988694,1.2042529968232327,-60.5254032316686,1.0,-0.04761904761904753,-0.6268899201517997,-0.6026650932519995,-0.48987871820138285,-0.06665919632195043,-0.050985124488908615,-0.051044727915476214,-0.5543795120376827,-0.5306146878808014,-0.3176523659727154,Oil & Gas E&P,Energy,SBR
2016Q1,2016,Q1,2016-05-09,2016-03-31,6168662.0,6969781.0,6167826.0,0.42,6969781.0,1.0,4716916.0,3360092.0,4417265.0,1356824.0,1356824.0,0.0,0.0,431548612.0,427131347.0,0.23046933864312835,3.2555917348160115,0.0,0.0,1.8358610081813749,0.23046933864312835,1.8358610419000432,61.91709782559882,17.489554947247882,128.4335702712902,1.2934942780136114,0.0,0.018489525346915028,1.4776139748937653,3.2555917348160115,1.3077744017489394,70.0686956318429,1.0,-0.3114754098360656,-0.5317525453288979,-0.4904578098969215,-0.508861518087945,-0.26098064058344705,-0.3102563093369734,-0.3103381417583586,-0.5889706158189217,-0.5504391225456963,-0.5069325440556915,Oil & Gas E&P,Energy,SBR
2015Q4,2015,Q4,2016-02-29,2015-12-31,8943412.0,9431121.0,8943261.0,0.61,9431121.0,1.0,6113447.0,5180285.0,5804070.0,933162.0,933162.0,0.0,0.0,382853599.70000005,377049529.70000005,0.3553167169032628,6.219788203977444,0.0,0.0,1.7264324255230215,0.3553167169032628,1.7264324260151709,40.59470763867838,10.702112339787098,73.90589508106216,0.8314065146501134,0.0,0.019421551751965933,1.542684675274031,6.219788203977444,1.4629082414552705,42.85522711321801,1.0,-0.31460674157303375,-0.315528872896437,-0.3048905200031751,0.01848367527336323,-0.3039892028568327,-0.31061034574886714,-0.3106107727046834,-0.2189784642556106,-0.21289173490173205,0.2736381488220846,Oil & Gas E&P,Energy,SBR
2015Q3,2015,Q3,2015-11-06,2015-09-30,12972942.0,13550251.0,12972731.0,0.89,13550251.0,1.0,5670036.0,3682246.0,5350897.0,1987790.0,1987790.0,0.0,0.0,445544783.2,440193886.2,0.2525659417484119,2.6918824423103045,0.0,0.0,3.523105733991744,0.2525659417484119,3.5231057349237394,32.880924729733785,8.586039758753257,120.99810365738735,0.0,0.0,0.0,2.389799817849481,2.6918824423103045,2.2879822985250886,11.675685649598023,1.0,0.3692307692307692,-0.05175664456744692,-0.04001586105298184,-0.30007418870008956,0.3162874193910316,0.36788629780492965,0.3678868383106938,0.08847039314571858,0.09676297416211893,-0.027256142115727015,Oil & Gas E&P,Energy,SBR
2015Q2,2015,Q2,2015-08-07,2015-06-30,9483933.0,10294295.0,9483775.0,0.65,10294295.0,1.0,4532983.0,3358366.0,4199244.0,1174617.0,1174617.0,0.0,0.0,550370273.75,546171029.75,0.23035095198035302,3.5749899754558294,0.0,0.0,2.823972431047646,0.23035095198035302,2.8239724318314323,53.463619776779275,14.507965043352794,163.88037329760962,1.1134621048039877,0.0,0.01918708277619799,2.2709758673262175,3.5749899754558294,2.0922057285456397,58.11724115628301,1.0,-0.35,-0.29335634784548525,-0.26637003038554957,-0.423959243125828,-0.3187589379720457,-0.34882713215648087,-0.3488278313907449,-0.33676860809377385,-0.31862605483678574,-0.42765567032060237,Oil & Gas E&P,Energy,SBR
2015Q1,2015,Q1,2015-05-08,2015-03-31,14564386.0,15111090.0,14564159.0,1.0,15111090.0,1.0,5518994.0,4449772.0,5173528.0,1069222.0,1069222.0,0.0,0.0,573551432.3000001,568377904.3000001,0.3052106936216956,4.838591050315089,0.0,0.0,3.273063428072716,0.3052106936216956,3.273063428867816,37.95566251673441,9.84510147389667,128.8945663508153,1.0051917053008619,0.0,0.02552517381273393,2.7380152977154895,4.838591050315089,2.6389566649284273,39.41934242611684,1.0,0.23456790123456783,0.054763240751657574,0.05114191270377878,-0.4124591968315008,0.22373531906981445,0.2305755618766912,0.23057863264299785,-0.005926402690834727,-0.006568403580513668,-0.32027252816278123,Oil & Gas E&P,Energy,SBR
2014Q4,2014,Q4,2015-03-02,2014-12-31,11835426.0,12348332.0,11835212.0,0.81,12348332.0,1.0,6845405.0,4535292.0,6488132.0,2310113.0,2310113.0,0.0,0.0,521648964.1,515160832.1,0.31107652641459543,2.8085777622133636,0.0,0.0,2.6096282215413256,0.31107652641459543,2.609628222394501,42.24448808956546,11.018804141481684,115.01992905859204,1.2310499005274504,0.0,0.027930660276758324,1.803886256547275,2.8085777622133636,1.7289592069424673,44.13273807952623,1.0,-0.3414634146341463,0.28142793247772907,0.2681023729965126,-0.12724388277763743,-0.3299084770105041,-0.34096542334027685,-0.3409687524553138,-0.08896928147318878,-0.08424931895284489,-0.2118447501899879,Oil & Gas E&P,Energy,SBR
2014Q3,2014,Q3,2014-11-10,2014-09-30,17958733.0,18427829.0,17958499.0,1.23,18427829.0,1.0,9281236.0,7276342.0,8916482.0,2004894.0,2004894.0,0.0,0.0,790783672.8000001,781863672.8000001,0.49908565851209363,4.44735831420514,0.0,0.0,2.4680990801354596,0.49908565851209363,2.4680990805544876,42.91247074194145,11.008344419397515,108.67873895976852,0.8291230790056292,0.0,0.018829422650163748,1.9854929882183796,4.449113020438986,1.934950582012999,44.05480071309193,1.0,0.13888888888888878,0.8354366884505583,0.7996098986103579,0.7456331833205344,0.11414014644295305,0.14193636218774325,0.1420201697873153,0.0751106361506073,0.07445372197184962,0.2974441765040265,Oil & Gas E&P,Energy,SBR
2014Q2,2014,Q2,2014-08-08,2014-06-30,15726562.0,16539956.0,15725203.0,1.08,16539956.0,1.0,4839546.0,4226827.0,4460707.0,612719.0,612719.0,0.0,0.0,883508307.0,879047600.0,0.2899188543792605,7.2801839015927365,0.0,0.0,3.720654259699522,0.2899188543792605,3.7206542874832587,53.416605642723596,14.04484188915543,209.0240047676425,1.1528266635772018,0.0,0.020520463538776894,3.4176668637925953,7.2801839015927365,3.249594486755576,56.23859369828135,1.0,0.20000000000000004,0.5807003842554761,0.5545480520164063,-0.13250016829405653,0.20058775241898388,0.19436924315193155,0.1943774221908283,0.002320883290641074,0.010256574701923206,-0.34490609936446937,Oil & Gas E&P,Energy,SBR
2014Q1,2014,Q1,2014-05-12,2014-03-31,13167253.0,13776549.0,13166025.0,0.9,13776549.0,1.0,8303814.0,6644393.0,7913617.0,1659421.0,1659421.0,0.0,0.0,721677577.5,713763960.5,0.45574015842275495,4.768902526845207,0.0,0.0,1.9817089214130874,0.45574015842275495,1.9817089386494748,52.38449611002,13.70212863495522,108.61452317766273,0.9227437188303438,0.0,0.016835773174621045,1.6590628113780006,4.768902526845207,1.5856873720919087,54.83872169452888,1.0,-0.042553191489361625,0.28129543125316014,0.2643589792066389,0.6083729694100424,-0.028183666814027543,-0.041935594890392246,-0.04189834754340103,-0.0005072895450532673,0.007166932436237981,-0.028801267570326975,Oil & Gas E&P,Energy,SBR
2013Q4,2013,Q4,2014-03-03,2013-12-31,13743599.0,14176083.0,13741783.0,0.94,14176083.0,1.0,6949006.0,5634513.0,6547635.0,1314493.0,1314493.0,0.0,0.0,737131683.2,730584048.2,0.3864723003674033,4.981110587884454,0.0,0.0,2.4391813028107703,0.3864723003674033,2.4391813453975524,51.99826236909025,13.408636325899788,130.82438237341898,1.033935870800654,0.0,0.019277423998806078,2.040015938970264,4.981110587884454,1.9777791240934315,53.6876681136198,1.0,-0.18260869565217389,-0.31814300075743707,-0.31261317377673403,-0.16343113448394386,-0.1780479437142402,-0.183429371115324,-0.18345129960573064,0.05184650980961205,0.04483122234587261,0.10778837624098749,Oil & Gas E&P,Energy,SBR
2013Q3,2013,Q3,2013-11-04,2013-09-30,16830876.0,17246849.0,16829104.0,1.15,17246849.0,1.0,7441953.0,6112726.0,7024884.0,1329227.0,1329227.0,0.0,0.0,741359693.25,734334809.25,0.4192730194669239,5.284939291783871,0.0,0.0,2.7534157123088887,0.4192730194669239,2.753415742828977,42.98522548959523,11.011899993351506,121.28135520060935,0.9227089546616588,0.0,0.02094799615004562,2.3175165175055525,5.284939291783871,2.2616208406583596,44.07608164387635,1.0,0.2777777777777776,-0.39943537017387315,-0.3947785144386259,-0.3355045722661114,0.24445693377904334,0.2811732896503637,0.2812115135506941,0.23023492536305398,0.2218741547159711,0.1619144144101333,Oil & Gas E&P,Energy,SBR
2013Q2,2013,Q2,2013-08-07,2013-06-30,13137080.0,13858936.0,13135305.0,0.9,13858936.0,1.0,5237776.0,4823682.0,4808941.0,414094.0,414094.0,0.0,0.0,756376418.6,751567477.6,0.3308572504457505,11.613162711848034,0.0,0.0,2.7234547717227446,0.3308572504457505,2.72345482144138,54.576802908967906,14.393921986468834,156.80478493399855,1.1501794919418926,0.0,0.019976825861345013,2.6459581318483263,11.613162711848034,2.5081408597847634,57.60673408987053,1.0,-0.1262135922330097,-0.4147320017264343,-0.40063224745737847,-0.4539566471407075,-0.10607873780495553,-0.12465200681483947,-0.1246881003260736,-0.021161981021372452,-0.012333452988416004,-0.17262221264736488,Oil & Gas E&P,Energy,SBR
2013Q1,2013,Q1,2013-05-07,2013-03-31,15007837.0,15503531.0,15006428.0,1.03,15503531.0,1.0,7243156.0,6814670.0,6802994.0,428486.0,428486.0,0.0,0.0,678960096.65,672157102.65,0.46741948969586766,15.876817445610826,0.0,0.0,2.202283730205138,0.46741948969586766,2.202283749616636,43.79390067011186,11.310092464523702,99.63213136512847,0.8162402083658025,0.0,0.018042297419895065,2.1404386430445514,15.876817445610826,2.072002453074323,45.29420257838559,1.0,0.30379746835443033,-0.18353578326034328,-0.18133303649773563,-0.008385983093581066,0.2939031731548365,0.31062327240894966,0.31068553816011585,0.0868782790289019,0.07844048503465537,-0.10020183390783251,Oil & Gas E&P,Energy,SBR
2012Q4,2012,Q4,2013-03-01,2012-12-31,11450916.0,11981987.0,11449297.0,0.79,11981987.0,1.0,5255415.0,4067313.0,4801131.0,1188102.0,1188102.0,0.0,0.0,580112137.55,575311006.55,0.27897775928891183,4.04100910527884,0.0,0.0,,0.27897775928891183,2.8153515601086023,48.415353609547395,12.665190661384644,142.62785715040863,0.9763411066852643,0.0,0.01927213598256491,2.2799316514490293,4.04100910527884,2.178879498574328,50.6648155065502,1.0,-0.03658536585365844,-0.20507511647494775,-0.19710002829786563,-0.3014676294576958,-0.030172968862949824,-0.03923234680316922,-0.03923969235992576,0.2397968281713009,0.2304808574885552,-0.21730016470647545,Oil & Gas E&P,Energy,SBR
2012Q3,2012,Q3,2012-11-07,2012-09-30,11918507.0,12354767.0,11916913.0,0.82,12354767.0,1.0,4191616.0,3785422.0,3740752.0,406194.0,406194.0,0.0,0.0,750398887.15,746658887.15,0.2596428028831199,9.209274386130765,0.0,0.0,,0.2596428028831199,3.1485279580453644,60.7375992724104,15.7402031804403,198.23387911572343,1.1729657078692826,0.0,0.01863009159447952,2.9474949518276485,9.207423054008675,2.8434157613674533,63.005783975650715,1.0,-0.16326530612244902,-0.27168274094738565,-0.2648049387473671,-0.46193206402308845,-0.18224450218666846,-0.16651372515452198,-0.16650722221134234,0.21810736978799108,0.20653176172975102,-0.09185710951030283,Oil & Gas E&P,Energy,SBR
2012Q2,2012,Q2,2012-08-07,2012-06-30,14299584.0,15108143.0,14297560.0,0.98,15108143.0,1.0,6506631.0,5867737.0,6037704.0,638894.0,638894.0,0.0,0.0,730716771.4,724676771.4,0.40246917814209077,9.450243702398208,0.0,0.0,,0.40246917814209077,2.4369844797065716,48.36575689017505,12.775140371216393,124.53127524290879,1.0461842806056456,0.0,0.020473048635982084,2.3219609349293053,9.45383741277896,2.19769401399895,51.170642254901956,1.0,-0.020000000000000018,0.02309778409175457,0.030872876591191985,0.022399711735873216,-0.006762144926415761,-0.02400012558685406,-0.02402369501474283,0.43727268067193936,0.4199756196591639,0.2042747100827022,Oil & Gas E&P,Energy,SBR
2012Q1,2012,Q1,2012-05-07,2012-03-31,14651215.0,15211002.0,14649495.0,1.0,15211002.0,1.0,7147542.0,6546406.0,6659064.0,601136.0,601136.0,0.0,0.0,876801808.3,870141808.3,0.4490192117684299,11.07746666311783,0.0,0.0,,0.4490192117684299,2.238054743320228,57.642606864426156,14.961247382896232,133.93636268511304,0.9446315544478734,0.0,0.015784638978829077,2.1281444726033087,11.079023715099412,2.0498256603458924,59.931770902255636,1.0,0.12359550561797751,0.18984067527319798,0.18155157874720596,0.20521187750460385,0.12804591267141496,0.1277757918253889,0.12777977466260323,0.425698651177111,0.3960075895226115,0.5846537760761167,Oil & Gas E&P,Energy,SBR
2011Q4,2011,Q4,2012-03-02,2011-12-31,12991248.0,13484382.0,12989677.0,0.89,13484382.0,1.0,6256750.0,5754313.0,5751947.0,502437.0,502437.0,0.0,0.0,919227702.25,913477702.25,0.3946894047709276,11.44809598019254,0.0,0.0,,0.3946894047709276,2.2576540414120676,68.16980579829317,17.68936483719655,159.74586405883727,0.9875879515193612,0.0,0.01395736874399664,2.1551735325848083,11.444220867491845,2.0763572142086546,70.81877521186439,1.0,-0.22608695652173905,-0.047809097540937484,-0.04386157232240609,0.15122892104267566,-0.2137790931101969,-0.222270919575991,-0.22229764612561384,-0.35546916221173597,-0.34615319714464604,-0.14564415802496267,Oil & Gas E&P,Energy,SBR
2011Q3,2011,Q3,2011-11-03,2011-09-30,16704079.0,17150882.0,16702633.0,1.15,17150882.0,1.0,6013238.0,5608212.0,5498797.0,405026.0,405026.0,0.0,0.0,919081908.8,913581908.8,0.3846683098589134,13.57640497153269,0.0,0.0,,0.3846683098589134,2.9785034873859977,53.58802589860976,13.7553514443987,163.88144898944617,1.049444270468309,0.0,0.019073381634601053,2.852187457073876,13.579375151224859,2.777884228098073,55.100833860911266,1.0,0.06481481481481466,0.13479075084694495,0.12627049419586803,0.13163313630720186,0.04757178933467953,0.06462221163383619,0.06453005188542849,-0.40395978074929795,-0.39814616091740407,-0.39034871974266033,Oil & Gas E&P,Energy,SBR
2011Q2,2011,Q2,2011-07-29,2011-06-30,15690147.0,16372035.0,15690147.0,1.08,16372035.0,1.0,6947697.0,6452246.0,6413456.0,495451.0,495451.0,0.0,0.0,929287450.3000001,922877450.3000001,0.44256075975978343,12.944682723417653,0.0,0.0,,0.44256075975978343,2.4317341589269845,56.76065622263818,14.806863350292385,144.02542158188018,1.023572309424507,0.0,0.017282058414557717,2.3564693451657432,12.937707260657461,2.2583234415663203,59.30360244416083,1.0,0.20000000000000004,0.11723303347288519,0.1206644762236124,0.0005096946654491136,0.19691602510096856,0.19099918202122737,0.19099918202122737,-0.3009907127529108,-0.2919463786758855,-0.2696023412586156,Oil & Gas E&P,Energy,SBR
2011Q1,2011,Q1,2011-04-28,2011-03-31,13173936.0,13678516.0,13173936.0,0.9,13678516.0,1.0,7668230.0,6841435.0,7114531.0,826795.0,826795.0,0.0,0.0,884237274.25,877127274.25,0.4692553060511292,8.604951650651008,0.0,0.0,,0.4692553060511292,1.925610051107699,64.64424022679069,16.78005104643745,129.24733981248085,0.865345026725498,0.0,0.01289246713747659,1.7837905227151507,8.599471453020398,1.717989157863027,67.19128223784195,1.0,0.0,-0.24390236203317672,-0.24083144857248903,-0.13967199203634148,0.008158642423127487,0.008248174445078141,0.008248174445078141,-0.2833046269346897,-0.2777033077860045,-0.004491363227541955,Oil & Gas E&P,Energy,SBR
2010Q4,2010,Q4,2011-03-01,2010-12-31,13066164.0,13567821.0,13066164.0,0.9,13567821.0,1.0,5362706.0,5086272.0,4790699.0,276434.0,276434.0,0.0,0.0,868199994.75,863409994.75,0.34886834765210645,17.33035371915177,0.0,0.0,,0.34886834765210645,2.568907836623759,63.98964098582963,16.611608325710588,170.69476322736966,1.012538951753552,0.0,0.015238424418338775,2.530032599213904,17.327825086639127,2.436487101847463,67.19814200851393,1.0,-0.042553191489361625,-0.20307154547957976,-0.19432197332914017,-0.278159225642228,-0.03877109286962495,-0.044942681930434165,-0.044942681930434165,-0.09294427661339653,-0.09083500950554992,-0.12646859551184125,Oil & Gas E&P,Energy,SBR
2010Q3,2010,Q3,2010-10-28,2010-09-30,13681026.0,14115078.0,13681026.0,0.94,14115078.0,1.0,5586344.0,5260909.0,5004442.0,325435.0,325435.0,0.0,0.0,772996871.9000001,767996871.9000001,0.36084673214057283,15.377700616098453,0.0,0.0,,0.36084673214057283,2.6005061102558513,54.76391075557642,14.125345421827282,146.93218831574544,1.0401266688624085,0.0,0.018408871390414742,2.5267112086187318,15.364051193018575,2.449012448929031,56.01426607971017,1.0,0.021739130434782507,0.028451077890756814,0.027060549305182653,0.015937419798743913,0.0059206817218273745,0.019367194797861902,0.019367194797861902,-0.16397856230251392,-0.16005412042204506,-0.25220320297384075,Oil & Gas E&P,Energy,SBR
2010Q2,2010,Q2,2010-08-02,2010-06-30,13421097.0,14031999.0,13421097.0,0.92,14031999.0,1.0,6190480.0,5830084.0,5586216.0,360396.0,360396.0,0.0,0.0,687270323.3,681680323.3,0.3998865518306892,15.500216428595213,0.0,0.0,,0.3998865518306892,2.3020417887632494,48.97878935852261,12.802051935471445,117.88343414949082,1.1280747020902986,0.0,0.022029177583725298,2.266706135873147,15.51071599018857,2.16802202737106,51.327133928304704,1.0,-0.03157894736842096,0.1914871384948858,0.18848348243302376,0.1288673557369936,-0.02392069215936694,-0.02803456553799466,-0.02803456553799466,-0.039755659970213485,-0.04255558254547034,0.015839019539547538,Oil & Gas E&P,Energy,SBR
2010Q1,2010,Q1,2010-05-04,2010-03-31,13808204.0,14375880.0,13808204.0,0.95,14375880.0,1.0,8058386.0,7573554.0,7431809.0,484832.0,484832.0,0.0,0.0,665109718.9,657679718.9,0.5194714851730308,15.328627235826017,0.0,0.0,,0.5194714851730308,1.8232132496843623,46.26566992072833,12.041930270221963,87.8200272817755,0.8263203527410227,0.0,0.01715506430859343,1.7839651761531403,15.32489604646558,1.7135198040898016,48.23130666424945,1.0,0.5079365079365079,0.17833054158114975,0.16119145570489338,0.25177765704792826,0.4763198415715667,0.4950216665585766,0.4950216665585766,0.12137885981948081,0.11668144609279411,0.3943127321651763,Oil & Gas E&P,Energy,SBR
2009Q4,2009,Q4,2010-03-01,2009-12-31,9236123.0,9737646.0,9236123.0,0.63,9737646.0,1.0,5523658.0,5196517.0,4873961.0,327141.0,327141.0,0.0,0.0,597607351.5500001,592737351.5500001,0.35643007281877204,14.898655319877362,0.0,0.0,,0.35643007281877204,1.7773679947549483,61.37082325132789,16.17581726526379,115.00151958513752,0.8867357006830685,0.0,0.013704650685366897,1.7628980650141628,14.886547390880384,1.6721026175045595,64.88679169923999,1.0,-0.05970149253731348,-0.06260937008716327,-0.05366381861405387,0.1488903013989377,-0.04904890691336694,-0.056040366921094265,-0.056040366921094265,-0.3230402271904206,-0.30953175787210624,0.039634211606133014,Oil & Gas E&P,Energy,SBR
2009Q3,2009,Q3,2009-10-30,2009-09-30,9784447.0,10239902.0,9784447.0,0.67,10239902.0,1.0,4586380.0,4168311.0,3915653.0,418069.0,418069.0,0.0,0.0,588422364.2,584502364.2,0.28590523099631704,9.366044839488218,0.0,0.0,,0.28590523099631704,2.347340925377209,57.463671449199424,15.034635176622654,141.16565779280864,1.070065584697837,0.0,0.017793341376877596,2.2326763155255342,9.376442644635215,2.1333703269245023,60.227468188331635,1.0,-0.014705882352941188,-0.1573968334070347,-0.14650164429198767,-0.16704997227370602,-0.037577868590526815,-0.01655052562490514,-0.01655052562490514,-0.3352940944692528,-0.32756230927031876,-0.15891217200173452,Oil & Gas E&P,Energy,SBR
2009Q2,2009,Q2,2009-08-10,2009-06-30,9949110.0,10639720.0,9949110.0,0.68,10639720.0,1.0,5481283.0,4872424.0,4790549.0,608859.0,608859.0,0.0,0.0,645719190.05,640929190.05,0.33420047334088054,7.868076188411439,0.0,0.0,,0.33420047334088054,2.0419220494768107,60.68949089355735,16.225551583257193,132.52524617110498,0.9226955978977014,0.0,0.01421670618042057,1.9411002861921196,7.867174501814049,1.8151060618471988,65.02710876636455,1.0,-0.02857142857142844,0.006030453395287546,0.02444501830280822,0.08721969767122718,-0.02352718970153837,-0.0318596302482281,-0.0318596302482281,-0.29156340309269135,-0.27171202352267787,-0.24446348627739758,Oil & Gas E&P,Energy,SBR
2009Q1,2009,Q1,2009-05-01,2009-03-31,10276516.0,10896074.0,10276516.0,0.7,10896074.0,1.0,5351668.0,4131127.0,4639696.0,1220541.0,1220541.0,0.0,0.0,514505085.05,509865085.05,0.28335477348262217,3.801343830317867,0.0,0.0,,0.28335477348262217,2.487581718015447,47.21930899606593,12.516525178620848,124.54351682966899,1.2513968741935497,0.0,0.02499489387699687,2.036014565925988,3.8015929001975355,1.920245426285786,50.195618053658535,1.0,-0.49275362318840576,0.11301615481974815,0.12142583963307717,-0.18558620613518018,-0.47165816360176177,-0.4901543356708686,-0.4901543356708686,-0.41019529211859945,-0.39525919954862315,-0.4805001783171389,Oil & Gas E&P,Energy,SBR
2008Q4,2008,Q4,2009-03-02,2008-12-31,20156131.0,20623152.0,20156131.0,1.38,20623152.0,1.0,7118136.0,6735265.0,6383892.0,382871.0,382871.0,0.0,0.0,597169971.2,590789971.2,0.46197308589652003,16.673741286229564,0.0,0.0,,0.46197308589652003,2.992626273799175,28.956290056922438,7.40680306155978,88.66317378751987,1.1212469297803231,0.0,0.03784517154234294,2.8972686107711345,16.66357598251108,2.831658597138352,29.65094196623635,1.0,-0.28125000000000006,1.3552060160890516,1.3133240448088115,0.43273240355814196,-0.2762982565454117,-0.28078257170084786,-0.28078257170084786,0.22935808297991153,0.2246344057084182,-0.04413509479933452,Oil & Gas E&P,Energy,SBR
2008Q3,2008,Q3,2008-11-07,2008-09-30,28025087.0,28496756.0,28025087.0,1.92,28496756.0,1.0,10194338.0,9199049.0,9442950.0,995289.0,995289.0,0.0,0.0,815276972.4,805836972.4,0.630964491203137,9.487646301727438,0.0,0.0,,0.630964491203137,3.046520026146181,28.609466017816203,7.27274256454583,88.62622347157843,0.9860853598777409,0.0,0.03389661297392974,2.795351301869724,9.484682338496658,2.749083559913356,29.116726923172525,1.0,0.24675324675324667,1.9874551789839872,1.9217031798105988,1.1003660951253682,0.23242048296315568,0.24854127172343693,0.24854127172343693,1.1067448401261892,1.0735198112809408,0.7764340925992477,Oil & Gas E&P,Energy,SBR
2008Q2,2008,Q2,2008-08-07,2008-06-30,22446264.0,23122592.0,22446264.0,1.54,23122592.0,1.0,9640197.0,8833881.0,8864018.0,806316.0,806316.0,0.0,0.0,993728155.1999999,984868155.1999999,0.6059175497939037,10.99323094171516,0.0,0.0,,0.6059175497939037,2.5409289529709533,42.97650346466347,11.067856940469023,112.49055258951303,0.9114864282091666,0.0,0.020588593462849285,2.3985601124126403,10.988247783747315,2.3284030398963838,44.32122388586259,1.0,0.22222222222222224,1.027410454833338,0.9987199944678312,0.6947526038419259,0.22099295837456318,0.22113342219078966,0.22113342219078966,0.9927160099700324,0.9584393259319627,0.7104864844769423,Oil & Gas E&P,Energy,SBR
2008Q1,2008,Q1,2008-05-02,2008-03-31,18381500.0,18937531.0,18381500.0,1.26,18937531.0,1.0,7434840.0,6872301.0,6630000.0,0.0,562539.0,0.0,0.0,734798988.0,728168988.0,0.4713724107633093,0.0,0.0,0.0,,0.4713724107633093,2.6747227748027917,38.80120317690833,9.99372994586949,106.92182836578316,0.941496667845388,0.0,0.02355218404301885,2.547133630313497,0.0,2.4723464122967003,40.03096073294022,1.0,0.27272727272727276,1.2835392616198191,1.2092212832909417,0.150918651434298,0.2689834418955965,0.2760474137191949,0.2760474137191949,0.5685952242647851,0.5296523892343666,0.135872648997833,Oil & Gas E&P,Energy,SBR
2007Q4,2007,Q4,2008-03-13,2007-12-31,14405029.0,14923387.0,14405029.0,0.99,14923387.0,1.0,6624000.0,5822655.0,5800000.0,0.0,801345.0,0.0,0.0,625162313.6,619362313.6,0.3993769953314089,0.0,0.0,0.0,,0.3993769953314089,2.4739623075727484,41.89144954828284,10.849723273726141,107.3672257071731,1.0832821648606192,0.0,0.024961055170040884,2.252926781400966,0.0,2.174672252415459,43.43771707834699,1.0,-0.11607142857142866,1.0843642752402909,1.0552119197272092,0.26490940361516585,-0.11195408059401311,-0.11973611813514715,-0.11973611813514715,0.4619921376342304,0.45030339641887474,0.2873222310043499,Oil & Gas E&P,Energy,SBR
2007Q3,2007,Q3,2007-11-05,2007-09-30,16364444.0,16804747.0,16364444.0,1.12,16804747.0,1.0,7245422.0,7035212.0,6410000.0,0.0,210210.0,0.0,0.0,642511734.15,636101734.15,0.48254650671892324,0.0,0.0,0.0,,0.48254650671892324,2.326076882970975,38.23394271571003,9.815667036258612,91.32798473592551,0.9188106238134336,0.0,0.023401634866468846,2.319360694242516,0.0,2.258590872967786,39.34101146556766,1.0,0.16666666666666682,1.207439749618052,1.1455057839519114,1.25077951087732,0.14663714000305683,0.17083310915153965,0.17083310915153965,0.4092500407977324,0.4006798046103523,0.4058404064524831,Oil & Gas E&P,Energy,SBR
2007Q2,2007,Q2,2007-08-07,2007-06-30,13976752.0,14655680.0,13976752.0,0.96,14655680.0,1.0,6057159.0,5739181.0,5190000.0,0.0,317978.0,0.0,0.0,612332490.0,607142490.0,0.39365149806112687,0.0,0.0,0.0,,0.39365149806112687,2.4353216948550673,41.78124044738968,10.952696484848554,106.69335746685807,0.976052161474998,0.0,0.02227880967087015,2.419563362956132,0.0,2.307476491866897,43.813660507583265,1.0,0.14285714285714285,1.4722771744821515,1.401736970956145,0.5315199222068989,0.13841559166278797,0.13506682127086536,0.13506682127086536,0.4132960789008757,0.41112156765780483,0.2806255431999454,Oil & Gas E&P,Energy,SBR
2007Q1,2007,Q1,2007-05-09,2007-03-31,12313594.0,12873752.0,12313594.0,0.84,12873752.0,1.0,5751638.0,5431747.0,4850000.0,0.0,319891.0,0.0,0.0,601106394.3499999,596256394.3499999,0.37256454250859694,0.0,0.0,0.0,,0.37256454250859694,2.266967515239572,46.69240127897445,12.204121606372599,110.66538893472026,0.962749624520672,0.0,0.019721813162242564,2.2382757746575845,0.0,2.1408847357917864,49.022352058623284,1.0,-0.10638297872340424,0.8764855683078353,0.8438741065474402,0.1384341274518763,-0.08715957501120332,-0.09747761082118539,-0.1268787545309637,0.33364547341643047,0.32496880489504804,0.07081909647993238,Oil & Gas E&P,Energy,SBR
