Quarters,Year,Quarter,FillingDate,Date,NetIncome,Revenue,OperatingIncome,EPSDiluted,GrossProfit,GrossProfitRatio,TotalAssets,CommonStockEquity,CurrentAssets,CurrentLiability,TotalLiability,Inventory,RetainedEarnings,MarketCap,EnterpriseValue,bookValuePerShare,currentRatio,debtToAssets,debtToEquity,roic,shareholdersEquityPerShare,roe,priceToSalesRatio,peRatio,pbRatio,payoutRatio,inventoryTurnover,dividendYield,assetTurnover,quickRatio,returnOnAssets,priceToFreeCashFlowsRatio,grossProfitMargin,epsdilutedGrowth,fiveYNetIncomeGrowthPerShare,fiveYRevenueGrowthPerShare,fiveYShareholdersEquityGrowthPerShare,grossProfitGrowth,netIncomeGrowth,operatingIncomeGrowth,threeYNetIncomeGrowthPerShare,threeYRevenueGrowthPerShare,threeYShareholdersEquityGrowthPerShare,Industry,Sector,Symbol
2023Q1,2023,Q1,2023-05-12,2023-03-31,6560043.0,0.0,-706935.0,0.14,0.0,0.0,40479266.0,23401768.0,292699.0,1327498.0,17077498.0,0.0,-16686034.0,468557382.0,469120422.0,0.5044373771065674,0.2204892210760393,0.01605760341603032,0.027775679170907088,-0.06588440405324461,0.5044373771065674,0.28032253802362284,0.0,17.85649049861411,20.022306947064855,0.0,0.0,0.0,0.0,30.337919153173864,0.16205933674785505,-1263.1553773905355,0.0,0.0,76.32659842683506,0.0,-0.9335747499688484,1.0,-0.19154302860785116,-4.080819042964539,76.32659842683506,0.0,-0.9335747499688484,Shell Companies,Financial Services,VAQC
2022Q4,2022,Q4,2023-03-24,2022-12-31,8114276.0,0.0,-139138.0,0.14,-691346.0,0.0,456691085.0,440449670.0,163551.0,491415.0,16241415.0,0.0,-15979099.0,579235020.1999999,579427118.1999999,7.680028851611897,0.33281645859406,0.0006568991816426633,0.0006811220905217161,-0.0006983669551935431,7.680028851611897,0.018422708773967296,0.0,17.84617075509879,1.3150992262067083,0.0,0.0,0.0,0.0,0.2195740870750791,0.017767537546742346,-19550.91707564046,0.0,0.4000000000000001,0.0,0.0,0.0,-3.0319478383595677,0.3607435974361739,0.18854356815013967,0.0,0.0,0.0,Shell Companies,Financial Services,VAQC
2022Q3,2022,Q3,2022-11-10,2022-09-30,5963119.0,0.0,-171467.0,0.1,-171467.0,0.0,453003912.0,436781750.0,283436.0,472162.0,16222162.0,0.0,-15839961.0,568338500.0,568500971.0,7.616072362685266,0.6002939669011907,0.0006622459366311167,0.0006868418838470243,-0.0012487111672778437,7.616072362685266,0.01365239962521328,0.0,23.827232862533855,1.3011956200093067,0.0,0.0,0.0,0.0,0.29127502848598574,0.013163504424659361,-7812.964821357382,0.0,2.546099290780142,28.62660124995946,0.0,0.004155049029206047,-0.0021156599748692324,2.684506166775105,-0.0021156599748692324,28.62660124995946,0.0,0.004155049029206047,Shell Companies,Financial Services,VAQC
2022Q2,2022,Q2,2022-08-12,2022-06-30,1618431.0,0.0,-171105.0,0.0282,-171105.0,0.0,451125140.0,434908355.0,449526.0,466785.0,16216785.0,0.0,-15668494.0,562603500.0,562693228.0,7.583406364428945,0.9630258041710852,0.0006650039499017944,0.0006898004983141793,-0.0014957362976340618,7.583406364428945,0.003721315034290385,0.0,86.90569755522479,1.2936139155110047,0.0,0.0,0.0,0.0,0.45046863116852515,0.0035875433588117038,-3587.391919810238,0.0,21.142857142857142,5.9174346213094875,0.0,-0.000647767259182927,0.0,20.912288688205912,-0.37916720402372966,5.9174346213094875,0.0,-0.000647767259182927,Shell Companies,Financial Services,VAQC
2022Q1,2022,Q1,2022-05-12,2022-03-31,-81278.0,0.0,-124064.0,-0.0014,0.0,0.0,450474564.0,434482948.0,395462.0,241616.0,15991616.0,0.0,-15518287.0,559736000.0,559668900.0,7.575988631211857,1.63673763326932,0.0,0.0,-0.00013909766519077475,7.575988631211857,-0.00018706833116037503,0.0,-1721.6713009670514,1.2882807083144723,0.0,0.0,0.0,0.0,0.2777133964638103,-0.00018042750134056405,-3497.257107154014,0.0,0.0,0.2450422166284287,0.0,-0.002379756337730677,0.0,0.0,0.0,0.2450422166284287,0.0,-0.002379756337730677,Shell Companies,Financial Services,VAQC
2021Q3,2021,Q3,2021-11-10,2021-09-30,-215847.0,0.0,-221638.0,-0.003764,0.0,0.0,450817832.0,434974410.0,791023.0,93422.0,15843422.0,0.0,-15026825.0,559162500.0,558817088.0,7.5845581517000875,8.46720258611462,0.0,0.0,-0.0005095426188404968,7.5845581517000875,-0.0004962291919655687,0.0,-647.6375627180364,1.2855066577364862,0.0,0.0,0.0,0.0,3.6973303932692514,-0.0004787898452073653,-5195.711763612711,0.0,0.3441366091653598,0.0,0.0,0.0,0.0,0.34417129262490087,0.35841158829591374,0.0,0.0,0.0,Shell Companies,Financial Services,VAQC
2021Q2,2021,Q2,2021-08-13,2021-06-30,-329121.0,0.0,-345452.0,-0.005739,0.0,0.0,451014460.0,435190257.0,993442.0,74203.0,15824203.0,0.0,-436780.0,569485500.0,569032468.0,7.588321830863121,13.388164898993303,0.0,0.0,-0.0007937953445497287,7.588321830863121,-0.0007562692287019652,0.0,-432.580646631482,1.3085897279175531,0.0,0.0,0.0,0.0,6.105305715402342,-0.0007297349180334484,-2026.9056779718326,0.0,-2.057168002675113,0.0,0.0,0.0,0.0,-2.0570690792223596,-0.5586316425883648,0.0,0.0,0.0,Shell Companies,Financial Services,VAQC
2021Q1,2021,Q1,2021-05-24,2021-03-31,-107659.0,0.0,-221638.0,-0.001877227550130776,0.0,0.0,451325575.0,435519378.0,1320888.0,56197.0,15806197.0,0.0,-107659.0,567765000.0,567031005.0,7.59406064516129,23.504599889673827,0.0,0.0,-0.0005089050251169306,7.59406064516129,-0.0002471968078536335,0.0,-1318.4336655551324,1.3036503739679755,,0.0,,0.0,13.061106464757906,-0.00023853955096606258,0.0,0.0,0.0,0.0,0.0,0.0,0.0,0.0,0.0,0.0,0.0,0.0,Shell Companies,Financial Services,VAQC
2021Q4,2021,Q4,2022-03-21,2021-12-31,,,,,,,450616764.0,-15350202.0,580448.0,0.0,15966966.0,0.0,-15351437.0,0.0,-227150.0,0.0,0.0,0.0,0.0,,0.0,,0.0,0.0,0.0,0.0,0.0,,,0.0,,0.0,0.0,0.0,0.0,0.0,0.0,0.0,0.0,0.0,0.0,0.0,0.0,Shell Companies,Financial Services,VAQC
