Quarters,Year,Quarter,FillingDate,Date,NetIncome,Revenue,OperatingIncome,EPSDiluted,GrossProfit,GrossProfitRatio,TotalAssets,CommonStockEquity,CurrentAssets,CurrentLiability,TotalLiability,Inventory,RetainedEarnings,MarketCap,EnterpriseValue,bookValuePerShare,currentRatio,debtToAssets,debtToEquity,roic,shareholdersEquityPerShare,roe,priceToSalesRatio,peRatio,pbRatio,payoutRatio,inventoryTurnover,dividendYield,assetTurnover,quickRatio,returnOnAssets,priceToFreeCashFlowsRatio,grossProfitMargin,epsdilutedGrowth,fiveYNetIncomeGrowthPerShare,fiveYRevenueGrowthPerShare,fiveYShareholdersEquityGrowthPerShare,grossProfitGrowth,netIncomeGrowth,operatingIncomeGrowth,threeYNetIncomeGrowthPerShare,threeYRevenueGrowthPerShare,threeYShareholdersEquityGrowthPerShare,Industry,Sector,Symbol
2023Q1,2023,Q1,2023-05-15,2023-03-31,3816000.0,11182000.0,5327000.0,1.14,10187000.0,0.911017707,1135165000.0,94040000.0,496698000.0,218000.0,1041010000.0,0.0,90845000.0,86020429.94999999,58629429.94999999,28.04131531779213,2278.4311926605506,0.0,0.0,0.04715158818688888,28.04131531779213,0.040578477243726076,7.692758893757824,5.635510347877358,0.9147217136324968,0.23768343815513626,0.0,0.010544006819393955,0.009850550360520276,2301.087155963303,0.003361625842939132,16.794304949238576,0.911017707029154,-0.5648854961832062,0.7745412486709333,0.41707469352136634,0.17581306068603794,-0.07809954751131222,0.07796610169491526,-0.624541866365943,0.8130226995228246,0.28446715147139284,-0.08983394916107697,Banks—Regional,Financial Services,FCAP
2022Q4,2022,Q4,2023-03-22,2022-12-31,3540000.0,11050000.0,14188000.0,2.62,11050000.0,1.0,1151400000.0,85158000.0,535222000.0,123000.0,1066130000.0,0.0,88465000.0,83402400.6,50674400.599999994,25.424138690799268,4351.3983739837395,0.0,0.0,0.13579295489238846,25.424138690799268,0.04156978792362432,7.547728561085973,5.890000042372882,0.9793842105263157,0.24745762711864408,0.0,0.010503294793651299,0.00959701233281223,4047.4146341463415,0.0030745179781136007,20.644158564356434,1.0,1.8172043010752688,1.215319427482116,0.3893132736578257,0.044919912386601396,0.049283069034279745,0.1328,2.391013384321224,0.4671427587765249,0.18804665866468595,-0.14190933838897513,Banks—Regional,Financial Services,FCAP
2022Q3,2022,Q3,2022-11-14,2022-09-30,3125000.0,10531000.0,4184000.0,0.93,10531000.0,1.0,1146851000.0,77725000.0,485007000.0,74000.0,1069018000.0,0.0,85802000.0,86354748.0,60340748.0,23.140705013695367,6554.148648648648,0.0,0.0,0.04434626954478883,23.140705013695367,0.04020585397233837,8.200052036843605,6.90837984,1.1110292441299454,0.28032,0.0,0.010144201914641682,0.009182535481941421,6554.148648648648,0.002724852661766873,16.73217360976555,1.0,0.14814814814814814,0.46750139390250517,0.2720781906439704,-0.05281338676974513,0.09743643184660275,0.15313653136531366,0.2219626168224299,0.06470527434550971,0.09598000718085023,-0.20330745535271003,Banks—Regional,Financial Services,FCAP
2022Q2,2022,Q2,2022-08-15,2022-06-30,2710000.0,9596000.0,3424000.0,0.81,9596000.0,1.0,1175107000.0,85509000.0,498866000.0,79000.0,1089493000.0,0.0,83553000.0,90771682.05,54333682.05,25.519399417144545,6314.7594936708865,0.0,0.0,0.03438011111377118,25.519399417144545,0.031692570372709304,9.459324932263442,8.373771406826569,1.061545358383328,0.3287822878228782,0.0,0.009815836612008667,0.008166064877496262,6314.7594936708865,0.0023061729697806243,24.719956985294118,1.0,0.06578947368421058,0.22740044364563058,0.16244792123652316,0.05827002272942269,0.054621386965600614,0.07114624505928854,0.07672955974842767,-0.05836009624704379,0.014157483575440251,-0.09912069549974722,Banks—Regional,Financial Services,FCAP
2022Q1,2022,Q1,2022-05-16,2022-03-31,2530000.0,9099000.0,3180000.0,0.76,9099000.0,1.0,1174544000.0,96405000.0,480786000.0,75000.0,1078024000.0,0.0,81720000.0,131349204.00000001,92180204.00000001,28.77121356593832,6410.48,0.0,0.0,0.028482654500982682,28.77121356593832,0.026243452103106687,14.43556478733927,12.979170355731226,1.3624729422747783,0.3466403162055336,0.0,0.006676858125459214,0.007746836218992222,6410.48,0.002154027435328093,40.50237557816837,1.0,-0.09523809523809519,0.6248784922696795,0.27356076672987834,0.2476629968400802,-0.020454300785875765,-0.1034727143869596,-0.12178956089478045,0.17103799500329134,0.062293586752231254,0.07508054790275634,Banks—Regional,Financial Services,FCAP
2021Q4,2021,Q4,2022-03-14,2021-12-31,2822000.0,9289000.0,3621000.0,0.84,9289000.0,1.0,1156603000.0,113828000.0,483038000.0,97000.0,1042663000.0,0.0,80070000.0,135654507.0,103381507.0,33.983640514059736,4979.773195876289,0.0,0.0,0.026789339199644983,33.983640514059736,0.024791791123449414,14.603779416514156,12.017585666194188,1.191749894577784,0.3104181431608788,0.0,0.006457581243504132,0.008031277802322837,4979.773195876289,0.002439903752627306,23.31634702646958,1.0,-0.0454545454545455,0.6172882412075646,0.2718895057019143,0.4997205381301379,-0.04601006470165349,-0.0388283378746594,-0.049606299212598425,0.1239724785047135,0.12014495866264903,0.3182033414548842,Banks—Regional,Financial Services,FCAP
2021Q3,2021,Q3,2021-11-12,2021-09-30,2936000.0,9737000.0,3810000.0,0.88,9737000.0,1.0,1122757000.0,114354000.0,467566000.0,101000.0,1008295000.0,0.0,78128000.0,136592365.32,91164365.32,34.140679159299886,4629.366336633663,0.0,0.0,0.02770025602771651,34.140679159299886,0.02567465939101387,14.02817760295779,11.630821297683925,1.1944695010231385,0.29870572207084467,0.0,0.006420563828332716,0.008672401953405769,4629.366336633663,0.0026149914896990176,22.17048617432235,1.0,0.07317073170731714,0.6663505575884744,0.28661879224462194,0.45167385761174095,0.036292039165602384,0.07545787545787545,0.08361774744027303,0.1564049700391531,0.08860159132633531,0.399430788540026,Banks—Regional,Financial Services,FCAP
2021Q2,2021,Q2,2021-08-13,2021-06-30,2730000.0,9396000.0,3516000.0,0.82,9396000.0,1.0,1078666000.0,112413000.0,389492000.0,121000.0,966148000.0,0.0,76069000.0,144927851.52,112232851.52000001,33.632097825774764,3218.9421487603304,0.0,0.0,0.02646633958157395,33.632097825774764,0.024285447412665796,15.424420127713923,13.271781274725274,1.289244584878973,0.3263736263736264,0.0,0.006147886625346421,0.008710759400963783,3218.9421487603304,0.0025309039127959904,79.06593099836334,1.0,-0.06818181818181825,0.529584015726422,0.26027514956827963,0.4414028168710687,-0.00487184918449481,-0.07111262334127254,-0.08556566970091027,0.29391894883725384,0.16842179326440984,0.3931735646486036,Banks—Regional,Financial Services,FCAP
2021Q1,2021,Q1,2021-05-14,2021-03-31,2939000.0,9442000.0,3845000.0,0.88,9442000.0,1.0,1055676000.0,109771000.0,346565000.0,124000.0,945790000.0,0.0,74216000.0,162812785.32,132888785.32,32.84106588736787,2794.8790322580644,0.0,0.0,0.02894685555291358,32.84106588736787,0.02677392025216132,17.243463812751536,13.849335260292616,1.4832039912180812,0.29874106839060904,0.0,0.005392696883566834,0.008944032070445857,2794.8790322580644,0.002783998120635498,21.61901278980215,1.0,0.03529411764705886,0.8558913440303735,0.3075168592198863,0.44374566029501306,0.022082701883524573,0.030143708377146864,0.05169584245076586,0.371264338856426,0.20055238136473538,0.3770735701800969,Banks—Regional,Financial Services,FCAP
2020Q4,2020,Q4,2021-03-15,2020-12-31,2853000.0,9238000.0,3656000.0,0.85,9238000.0,1.0,1017551000.0,110639000.0,328487000.0,153000.0,906800000.0,0.0,72155000.0,202454381.28,160903381.28,33.09534620904698,2146.97385620915,0.0,0.0,0.028247477587943125,33.09534620904698,0.025786567123708637,21.915390915782638,17.740482060988434,1.8298645258905089,0.28356116368734663,0.0,0.003995961929226568,0.00907866043077939,2146.97385620915,0.002803790669951678,74.78920623568526,1.0,0.03658536585365857,1.1147347281298825,0.23605936734384625,0.21918022173566637,-0.026554267650158062,0.03896576839038601,0.035694050991501414,0.7888451865586358,0.16373408816856577,0.36020286396866114,Banks—Regional,Financial Services,FCAP
2020Q3,2020,Q3,2020-11-09,2020-09-30,2746000.0,9490000.0,3530000.0,0.82,9490000.0,1.0,948166000.0,107982000.0,297061000.0,168000.0,840076000.0,0.0,70112000.0,187377279.89999998,157670279.89999998,32.30056014918167,1768.220238095238,0.0,0.0,0.028420794380997108,32.30056014918167,0.025430164286640366,19.744708103266593,17.059111425710125,1.735264024559649,0.2953386744355426,0.0,0.004328166149240808,0.010008795928139165,1768.220238095238,0.0028961173465405846,39.23309880653266,1.0,0.12328767123287668,0.6102845056730162,0.39951897472573683,0.48799698215242227,0.022298825810621568,0.12633305988515175,0.087157376039421,0.29560276135246183,0.15173678486008713,0.3221143502342163,Banks—Regional,Financial Services,FCAP
2020Q2,2020,Q2,2020-08-10,2020-06-30,2438000.0,9283000.0,3247000.0,0.73,9283000.0,1.0,919618000.0,105873000.0,287276000.0,187000.0,813640000.0,0.0,68177000.0,231791726.31,204917726.31,31.73106058222014,1536.235294117647,0.0,0.0,0.026306027012482112,31.73106058222014,0.023027589659308796,24.96948468275342,23.76863477337982,2.1893374732934743,0.3379819524200164,0.0,0.003554915497276966,0.010094408765378668,1536.235294117647,0.002651100783151265,-645.6594047632312,1.0,0.1587301587301587,0.6307765585233575,0.37886689483453057,0.4914501825794361,0.07181618750721626,0.16427889207258833,0.10030498136225008,0.10889757422842924,0.12930789278162408,0.31586287179685457,Banks—Regional,Financial Services,FCAP
2020Q1,2020,Q1,2020-05-08,2020-03-31,2094000.0,8661000.0,2951000.0,0.63,8661000.0,1.0,831175000.0,102793000.0,283393000.0,219000.0,728267000.0,0.0,66549000.0,199853894.1,172505894.1,30.8090103909564,1294.0319634703196,0.0,0.0,0.024216031595541355,30.8090103909564,0.02037103693831292,23.075152303429164,23.86030254297994,1.9442364178494644,0.38729703915950336,0.0,0.004057964462749991,0.010420188287665052,1294.0319634703196,0.0025193250518843807,46.11303509460083,1.0,-0.12499999999999996,0.17324047750656146,0.2665080241599449,0.44836014399925894,-0.06498974414336608,-0.1285892634207241,-0.11989263346257083,0.3506183071837337,0.21744578694020306,0.3360320080333811,Banks—Regional,Financial Services,FCAP
2019Q4,2019,Q4,2020-03-16,2019-12-31,2403000.0,9263000.0,3353000.0,0.72,9263000.0,1.0,827496000.0,98836000.0,549229000.0,210000.0,728548000.0,0.0,65266000.0,243514568.0,214690568.0,29.62873252001909,2615.3761904761905,0.0,0.0,0.02867999821506311,29.62873252001909,0.024313003359099923,26.28895260714671,25.334432792342902,2.4638245983244973,0.3358302122347066,0.0,0.0033139701112255425,0.011194011813954389,1364.104761904762,0.0029039415296267294,55.48292731829574,1.0,-0.17241379310344832,0.5733570549005699,0.3711901460641691,0.42179376595273416,-0.02934087813056691,-0.17564322469982846,-0.15221238938053097,0.38280616494594744,0.27353006455678586,0.30753556731667225,Banks—Regional,Financial Services,FCAP
2019Q3,2019,Q3,2019-11-12,2019-09-30,2915000.0,9543000.0,3955000.0,0.87,9543000.0,1.0,823344000.0,96892000.0,545867000.0,208000.0,726344000.0,0.0,63671000.0,192910239.28,160995239.28,29.045966564103058,2624.360576923077,0.0,0.0,0.034474327511503255,29.045966564103058,0.03008504314081658,20.214842217332077,16.544617433962262,1.9909821169962432,0.27684391080617493,0.0,0.0041832927221072905,0.011590538098291844,1393.235576923077,0.0035404399619114245,154.20482756195045,1.0,0.011627906976744196,0.5717042912973851,0.3510604063809334,0.41712438752684405,0.014888865255769435,0.019230769230769232,0.009186016841030875,0.6612155807310348,0.2661546694324808,0.2350448605146554,Banks—Regional,Financial Services,FCAP
2019Q2,2019,Q2,2019-08-09,2019-06-30,2860000.0,9403000.0,3919000.0,0.86,9403000.0,1.0,834918000.0,94325000.0,553563000.0,172000.0,740488000.0,0.0,61563000.0,170520952.77,138720952.77,28.3272124131001,3218.389534883721,0.0,0.0,0.03467162398516758,28.3272124131001,0.030320699708454812,18.13473920769967,14.905677689685316,1.8078023087198516,0.2874125874125874,0.0,0.004820521974849156,0.01126218383122654,1710.6511627906978,0.00342548609564053,228.27436783132532,1.0,0.34374999999999994,0.5601301161309836,0.37738075120983433,0.41648134342380333,0.10467575187969924,0.33209129017233346,0.2870279146141215,0.6084824563735604,0.26598455294570494,0.21404629523454316,Banks—Regional,Financial Services,FCAP
2019Q1,2019,Q1,2019-05-09,2019-03-31,2147000.0,8512000.0,3045000.0,0.64,8512000.0,1.0,813861000.0,89113000.0,537074000.0,177000.0,724633000.0,0.0,59511000.0,174417228.72,150826228.72,26.761914371964572,3034.316384180791,0.0,0.0,0.0283432531147511,26.761914371964572,0.02409300550985827,20.490745855263157,20.309411821145787,1.9572590836353845,0.36003726129483,0.0,0.004431901628484949,0.01045878841718672,1590.1751412429378,0.0026380426141564715,36.976304583421665,1.0,-0.14666666666666664,0.38404795848852785,0.37312311106853774,0.3664085361651647,0.032508491023774864,-0.13982371794871795,-0.03700189753320683,0.3609165431516567,0.1832088381823111,0.17649645928734145,Banks—Regional,Financial Services,FCAP
2018Q4,2018,Q4,2019-03-13,2018-12-31,2496000.0,8244000.0,3162000.0,0.75,8244000.0,1.0,794162000.0,85844000.0,510519000.0,150000.0,708206000.0,0.0,58137000.0,141451305.84,114630305.84,25.780271863483843,3403.46,0.0,0.0,0.033903797225907154,25.780271863483843,0.029075998322538557,17.158091441048036,14.167799062499999,1.6477716071012534,0.3088942307692308,0.0,0.005450638970219916,0.010380753549024003,1943.2666666666667,0.0031429355723391447,51.77573420204978,1.0,-0.013157894736842117,0.6778700728425917,0.28523735929461946,0.34868983448592944,-0.0728744939271255,-0.011093502377179081,-0.09085681426106958,0.8574518599268615,0.10743492479170684,-0.050295550063288466,Banks—Regional,Financial Services,FCAP
2018Q3,2018,Q3,2018-11-09,2018-09-30,2524000.0,8892000.0,3478000.0,0.76,8892000.0,1.0,790541000.0,81235000.0,515411000.0,145000.0,709198000.0,0.0,56413000.0,128165272.17,94248272.17,24.396118363893926,3554.558620689655,0.0,0.0,0.03539127396640338,24.396118363893926,0.03107035144949837,14.413548377192983,12.69465849544374,1.5777100039391887,0.3058637083993661,0.0,0.006023472559524624,0.011247993462704654,1998.751724137931,0.0031927502811365887,31.779140136374906,1.0,0.20634920634920637,0.480143942913219,0.3638849404475707,0.2871114524974794,0.11094452773613193,0.2019047619047619,0.2501797268152408,0.4859708566231495,0.3165304028771945,0.12386133039327929,Banks—Regional,Financial Services,FCAP
2018Q2,2018,Q2,2018-08-08,2018-06-30,2100000.0,8004000.0,2782000.0,0.63,8004000.0,1.0,788077000.0,80311000.0,514520000.0,113000.0,707661000.0,0.0,54661000.0,138228415.35,110341415.35,24.140637375830266,4553.274336283186,0.0,0.0,0.03048233638739022,24.140637375830266,0.026148348295999303,17.269916960269864,16.455763732142856,1.721164166178979,0.3742857142857143,0.0,0.005686240401510905,0.010156367969119768,2495.5840707964603,0.002664714234776551,48.11291867386007,1.0,-0.015625000000000014,0.45288872984092365,0.2637634393411803,0.28314380238520426,0.02261402836335761,-0.015471167369901548,-0.01904090267983075,0.4088163509141036,0.19238198030619494,0.13467868268923974,Banks—Regional,Financial Services,FCAP
2018Q1,2018,Q1,2018-05-09,2018-03-31,2133000.0,7827000.0,2836000.0,0.64,7827000.0,1.0,767324000.0,79331000.0,480127000.0,98000.0,687878000.0,0.0,53333000.0,133058227.3536,107097227.3536,23.84844687932892,4899.255102040816,0.0,0.0,0.03058060011225128,23.84844687932892,0.026887345426125978,16.99990128447681,15.595197767651195,1.6772538774703456,0.36193155180496955,0.0,0.00580197117723824,0.01020038471362814,2994.4285714285716,0.0027797905448024565,40.22316425441354,1.0,0.3333333333333334,0.4956446871340598,0.24109011117155676,0.24955981813990563,-0.009115077857956703,0.3440453686200378,-0.008044770898915705,0.198682543621639,0.14799026582423266,0.12113759961737153,Banks—Regional,Financial Services,FCAP
2017Q4,2017,Q4,2018-03-12,2017-12-31,1587000.0,7899000.0,2859000.0,0.48,7899000.0,1.0,758956000.0,80938000.0,465168000.0,107000.0,677906000.0,0.0,51972000.0,122216087.62,102750087.62,24.331184035655355,4347.3644859813085,0.013175994392296787,0.1235513603004769,0.019852269186500363,24.331184035655355,0.019607600879685685,15.472349363210533,19.252691811594204,1.5099963876053275,0.461877756773787,0.0,0.005997573758694338,0.010407717970475232,2834.878504672897,0.0020910303100575,76.48065558197747,1.0,-0.23809523809523814,0.06377705548222139,0.2292096713546554,0.282795166410802,-0.03658982802780827,-0.24751066856330015,-0.1275556911809582,0.041989422126333754,0.17254898683613598,0.1675803464346501,Banks—Regional,Financial Services,FCAP
2017Q3,2017,Q3,2017-11-09,2017-09-30,2109000.0,8199000.0,3277000.0,0.63,8199000.0,1.0,754235000.0,81270000.0,454502000.0,109000.0,672857000.0,0.0,50767000.0,118091211.5,97358211.5,24.430988245048194,4169.743119266055,0.00530338687544333,0.04921865386981666,0.02763567939512691,24.430988245048194,0.025950535252860833,14.403123734601781,13.998484056424847,1.453072615971453,0.3480322427690849,0.0,0.006215534506562328,0.010870617247939966,2791.422018348624,0.0027962107300774958,28.837902686202685,1.0,-0.04545454545454549,1.4557481174888407,0.3017849475709461,0.30545523203084174,0.00134342940889106,-0.036986301369863014,-0.027884900622960545,0.14030682056508587,0.16402844163025698,0.19196409515348392,Banks—Regional,Financial Services,FCAP
2017Q2,2017,Q2,2017-08-08,2017-06-30,2190000.0,8188000.0,3371000.0,0.66,8188000.0,1.0,763174000.0,80145000.0,463083000.0,114000.0,682924000.0,0.0,49392000.0,103528644.8,71257644.8,24.114260887147246,4062.1315789473683,0.0,0.0,0.03046629683928978,24.114260887147246,0.027325472580947033,12.643947826086956,11.818338447488584,1.2917667327968057,0.3264840182648402,0.0,0.006906301163134708,0.01072887703197436,2736.122807017544,0.0028695946140722822,51.68679221168247,1.0,0.43478260869565216,0.7733640551355639,0.33873114896131157,0.29495394066303054,0.149031714847039,0.4101738570508693,0.38895756077461885,0.19690422143909056,0.20167189519021203,0.20581581268837096,Banks—Regional,Financial Services,FCAP
2017Q1,2017,Q1,2017-05-09,2017-03-31,1553000.0,7126000.0,2427000.0,0.46,7126000.0,1.0,761937000.0,77068000.0,467106000.0,122000.0,684754000.0,0.0,47903000.0,112794255.0,83420255.0,23.060084044174058,3828.7377049180327,0.0,0.0,0.02366056882874191,23.060084044174058,0.02015103544921368,15.828551080550099,18.15747826786864,1.4635679529765921,0.4513844172569221,0.0,0.0062148555349738335,0.009352479273220752,2491.7704918032787,0.0020382262575514773,25.324260215536597,1.0,-0.11538461538461538,0.40856208568333297,0.16625143677887458,0.25979711520204274,-0.022094140249759846,-0.10798391728891442,-0.12065217391304348,-0.002526801845435384,0.14533983207945383,0.17740066142855898,Banks—Regional,Financial Services,FCAP
2016Q4,2016,Q4,2017-03-14,2016-12-31,1741000.0,7287000.0,2760000.0,0.52,7287000.0,1.0,743658000.0,75730000.0,465240000.0,133000.0,667816000.0,0.0,47051000.0,108348126.30000001,72911126.30000001,22.659982076681285,3498.0451127819547,0.0,0.0,0.02681879495275521,22.659982076681285,0.022989568202825827,14.868687566899961,15.5583179638139,1.4307160478013996,0.40264215967834577,0.0,0.006469885764881935,0.009798859152997748,2207.8496240601503,0.00234112992800454,-151.535840979021,1.0,-0.018867924528301903,0.3926946594848993,0.15628855445535225,0.2391298624148349,-0.03496225665474772,-0.009670079635949944,-0.02748414376321353,0.16607524640979318,0.13190032801180063,0.1854524901167384,Banks—Regional,Financial Services,FCAP
2016Q3,2016,Q3,2016-11-14,2016-09-30,1758000.0,7551000.0,2838000.0,0.53,7551000.0,1.0,742077000.0,78598000.0,472502000.0,137000.0,663371000.0,0.0,46012000.0,106175816.55,72998816.55,23.518146986174507,3448.919708029197,0.0,0.0,0.026199347520802684,23.518146986174507,0.022366981348125908,14.061159654350417,15.098950021331058,1.3508717340135883,0.3981797497155859,0.0,0.006592838395270152,0.01017549391774708,2064.1459854014597,0.0023690263948350373,57.54786804878049,1.0,0.0,0.34067517235532047,0.19250426906925394,0.29705676959725635,0.01382921589688507,-0.014021312394840156,-0.02339986235375086,0.02718230816645893,0.15397608484095704,0.24079068136611304,Banks—Regional,Financial Services,FCAP
2016Q2,2016,Q2,2016-08-12,2016-06-30,1783000.0,7448000.0,2906000.0,0.53,7448000.0,1.0,739344000.0,77910000.0,467592000.0,145000.0,661329000.0,0.0,44954000.0,113160845.07000001,75260845.07000001,23.332893090067483,3224.7724137931036,0.0,0.0,0.027161415534213564,23.332893090067483,0.022885380567321267,15.193453956766918,15.866635595905779,1.4524559757412399,0.4010095344924285,0.0,0.006318439912301019,0.010073795148131316,1998.9379310344827,0.0024115973078837455,38.79357047308879,1.0,0.12765957446808524,0.5815228743164594,0.21918164022597786,0.3131066986663951,0.032436928195176046,0.12705436156763592,0.0982615268329554,0.22904020881812032,0.17165584401378362,0.24020988734175638,Banks—Regional,Financial Services,FCAP
2016Q1,2016,Q1,2016-05-13,2016-03-31,1582000.0,7214000.0,2646000.0,0.47,7214000.0,1.0,735733000.0,75955000.0,502949000.0,152000.0,659663000.0,0.0,43872000.0,91825332.5,52966332.5,22.74712699787937,3308.875,0.0,0.0,0.02569368070456599,22.74712699787937,0.020828121914291356,12.728768020515664,14.510956463337546,1.2089438812454743,0.44310998735777496,0.0,0.007634058934662719,0.009805187479697119,1657.8684210526317,0.00215023656679801,41.71982394366197,1.0,0.17499999999999988,0.4738320815500452,0.2116279566306326,0.31433964554889665,0.17741145748327078,0.43037974683544306,0.3860660031430068,0.10508852237711999,0.1395598289602345,0.1918552188533676,Banks—Regional,Financial Services,FCAP
2015Q4,2015,Q4,2016-03-29,2015-12-31,1106000.0,6127000.0,1909000.0,0.4,6127000.0,1.0,715827000.0,74396000.0,507258000.0,167000.0,641319000.0,0.0,42991000.0,71530469.10000001,36484469.10000001,27.145573409919102,3037.4730538922154,0.0,0.0,0.017675105420414308,27.145573409919102,0.014866390666164847,11.67463181002122,16.168731713381558,0.9614827289101565,0.6338155515370705,0.0,0.00980001961150287,0.008559330676266751,1341.562874251497,0.0015450660564633634,-56.99638972111555,1.0,-0.2156862745098039,0.1644511581562732,0.21827552365373762,0.5798680648056951,0.10217665047670445,-0.2088698140200286,-0.10164705882352941,-0.10015547578692977,0.15728518698565402,0.4311761527373564,Banks—Regional,Financial Services,FCAP
2015Q3,2015,Q3,2015-11-13,2015-09-30,1398000.0,5559000.0,2125000.0,0.51,5559000.0,1.0,465219000.0,59492000.0,354382000.0,90000.0,405619000.0,0.0,42587000.0,72243033.16,49632033.16,21.707409716959344,3937.5777777777776,0.0,0.0,0.026227695325665053,21.707409716959344,0.023498957843071336,12.995688641842058,12.91899734620887,1.2143318960532508,0.41416309012875535,0.0,0.008014613654408195,0.011949211016746952,1326.0444444444445,0.0030050363377248134,19.249409315214493,1.0,0.13333333333333333,0.5624605316187292,0.09209843730707609,0.24709332795482886,0.005244122965641953,0.13843648208469056,0.08751279426816785,0.9758459023828684,0.0713063825293533,0.15992244376710463,Banks—Regional,Financial Services,FCAP
2015Q2,2015,Q2,2015-08-13,2015-06-30,1228000.0,5530000.0,1954000.0,0.45,5530000.0,1.0,476924000.0,58309000.0,362934000.0,94000.0,418510000.0,0.0,41768000.0,74190451.23,55028451.230000004,21.275307048701986,3861.0,0.0,0.0,0.024017278671149698,21.275307048701986,0.021060213689138896,13.415994797468356,15.103919224348534,1.2723670656330928,0.4828990228013029,0.0,0.007992942355366236,0.011595138848118358,1266.6063829787233,0.002574833726128272,-48.713362593565336,1.0,-0.15094339622641512,0.26455395019813444,0.09184484805039655,0.24181845591201562,-0.01548869503293573,-0.16234652114597545,-0.10284664830119375,0.20585440640889094,0.09643625392576269,0.14249998498676184,Banks—Regional,Financial Services,FCAP
2015Q1,2015,Q1,2015-05-13,2015-03-31,1466000.0,5617000.0,2178000.0,0.53,5617000.0,1.0,472929000.0,58295000.0,357847000.0,124000.0,414519000.0,0.0,41119000.0,66237933.34,46103933.34,21.271650230505212,2885.8629032258063,0.0,0.0,0.02832008756572541,21.271650230505212,0.02514795437001458,11.792404012818231,11.295691224420192,1.1362541099579726,0.39290586630286495,0.0,0.0086959234830499,0.01187704708317739,976.983870967742,0.003099831052864172,16.871608084564443,1.0,0.15217391304347827,0.4842897115480751,0.18772467537716356,0.257396866170869,0.011889749594667627,0.16812749003984065,0.1033434650455927,0.6215173071525508,0.12107295898197133,0.16209305849202318,Banks—Regional,Financial Services,FCAP
2014Q4,2014,Q4,2015-03-27,2014-12-31,1255000.0,5551000.0,1974000.0,0.46,5551000.0,1.0,472761000.0,57121000.0,356935000.0,127000.0,415528000.0,0.0,40229000.0,66717522.1,43929522.1,20.838980469270155,2810.511811023622,0.0,0.0,0.025453301461579547,20.838980469270155,0.021970903870730554,12.019009565843993,13.290343047808765,1.1680033980497542,0.4581673306772908,0.0,0.00861842559347689,0.011741662277556736,981.0551181102362,0.0026546182955023787,58.57552423178227,1.0,-0.1785714285714286,2.5315383164642196,0.29088038827148477,0.2524783343131297,-0.04359062715368711,-0.17650918635170604,-0.1826086956521739,0.22402397791690118,0.07393437856056757,0.1395509014248083,Banks—Regional,Financial Services,FCAP
2014Q3,2014,Q3,2014-11-12,2014-09-30,1524000.0,5804000.0,2415000.0,0.56,5804000.0,1.0,460292000.0,56182000.0,344074000.0,154000.0,404002000.0,0.0,39550000.0,64277974.25,43902974.25,20.496412890610035,2234.246753246753,0.0,0.0,0.030700911933316814,20.496412890610035,0.027126125805418105,11.074771579944866,10.544287114501312,1.1441026351856467,0.3779527559055118,0.0,0.00896107891888021,0.012609387084720133,795.2792207792207,0.003310941750019553,12.94882640008058,1.0,0.018181818181818195,152.52821140688016,0.2752381224372705,0.2139222977517214,0.026711480629754113,0.003952569169960474,-0.03669724770642202,0.41702895216853514,0.11756279842789384,0.13040415589946816,Banks—Regional,Financial Services,FCAP
2014Q2,2014,Q2,2014-08-13,2014-06-30,1518000.0,5653000.0,2507000.0,0.55,5653000.0,1.0,459537000.0,55142000.0,336417000.0,10772000.0,404290000.0,0.0,38602000.0,58207341.85,55578341.85,19.998295455575764,31.230690679539546,0.03398420584196702,0.28321424685357804,0.024356208504118324,19.998295455575764,0.027528925320082696,10.296717114806297,9.586189369235836,1.055589964999456,0.38801054018445325,0.0,0.0101189984163484,0.01230151217421013,11.794559970293353,0.0033033248682913454,-24.549701328553354,1.0,0.17021276595744697,4.809652463270864,0.26086286595764363,0.19084313429125851,0.09068107273779664,0.17039321511179645,0.1638811513463324,0.630538229721564,0.12057985593698757,0.12544533690101078,Banks—Regional,Financial Services,FCAP
2014Q1,2014,Q1,2014-05-13,2014-03-31,1297000.0,5183000.0,2154000.0,0.47,5183000.0,1.0,448887000.0,54528000.0,324504000.0,8999000.0,394244000.0,0.0,37659000.0,57345252.58,52432252.58,19.58558781187951,36.06000666740749,0.019675330316984006,0.1619718309859155,0.02377357490993855,19.58558781187951,0.02378594483568075,11.064104298668724,11.053441129529684,1.0516661638057512,0.4510408635312259,0.0,0.01020136757064398,0.011546335714778998,13.772196910767864,0.0028893685938777467,21.58270703048551,1.0,0.04444444444444436,0.618206333410118,0.14755125191238716,0.1486969078408449,-0.033743475018642805,0.04260450160771704,0.013647058823529411,0.4492001157239694,0.04404979809751494,0.1316644315096296,Banks—Regional,Financial Services,FCAP
2013Q4,2013,Q4,2014-03-27,2013-12-31,1244000.0,5364000.0,2125000.0,0.45,5364000.0,1.0,444384000.0,53227000.0,319880000.0,9502000.0,391045000.0,0.0,36947000.0,59199745.6,59059745.6,19.11504869710116,33.66449168596085,0.033327032476416794,0.2782422454769196,0.021868364933414663,19.11504869710116,0.02337159712176151,11.036492468307234,11.89705498392283,1.112212704078757,0.4477491961414791,0.0,0.009408824216298657,0.012070641607258587,13.20016838560303,0.0027993807157773456,113.84566461538462,1.0,-0.11764705882352941,0.27930977908387955,0.17792458237896489,0.12650071863566584,-0.016140865737344093,-0.1276297335203366,-0.145556895858464,0.2890819167225649,0.04973673007258213,0.11249280086015431,Banks—Regional,Financial Services,FCAP
2013Q3,2013,Q3,2013-11-13,2013-09-30,1426000.0,5452000.0,2487000.0,0.51,5452000.0,1.0,447703000.0,52779000.0,319556000.0,10662000.0,394816000.0,0.0,36261000.0,59422510.4,63733510.4,18.95416151923464,29.971487525792533,0.034480447975555224,0.2924837530078251,0.025023095818030472,18.95416151923464,0.0270183216809716,10.899213206162877,10.417691164095372,1.125874124178177,0.3906030855539972,0.0,0.00937355214800888,0.01217771603049343,11.732320390170699,0.0031851472963102772,21.99204678016284,1.0,0.186046511627907,0.7860687600198942,0.13575008981351994,0.1441778428772144,0.02829121086382497,0.17851239669421487,0.12686905301314,0.5686115027702209,0.054180417284774185,0.08891888418857873,Banks—Regional,Financial Services,FCAP
2013Q2,2013,Q2,2013-08-13,2013-06-30,1210000.0,5302000.0,2207000.0,0.43,5302000.0,1.0,460577000.0,52396000.0,330925000.0,11681000.0,408076000.0,0.0,35392000.0,56424039.220000006,60745039.220000006,18.813664790303186,28.330194332676996,0.03568784372645616,0.3137071532178029,0.021978890258071312,18.813664790303186,0.023093365905794336,10.642029275745003,11.657859342975208,1.0768768459424385,0.47107438016528924,0.0,0.010102077197584934,0.01151164734669773,10.913534800102731,0.0026271394359683614,9.579633144312394,1.0,0.0,0.3697448459869597,0.13744486931594413,0.1384249379664941,0.004166666666666667,0.01340033500837521,0.02034211742949607,0.22619457709415192,0.030173908800643284,0.09813485212971117,Banks—Regional,Financial Services,FCAP
2013Q1,2013,Q1,2013-05-13,2013-03-31,1194000.0,5280000.0,2163000.0,0.43,5280000.0,1.0,455617000.0,53153000.0,322934000.0,10839000.0,402349000.0,0.0,34738000.0,57067373.527,62120373.527,19.085478368558388,29.793707906633454,0.03441267555863807,0.2949786465486426,0.02202279391590644,19.085478368558388,0.022463454555716515,10.80821468314394,11.948780051716918,1.07364351075198,0.466499162479062,0.0,0.009760393120886656,0.011588680843778875,11.895377802380294,0.0026206221453545413,137.84389740821257,1.0,-0.04444444444444448,0.33976805001944343,0.2063912993408516,0.1467921247282369,-0.01858736059479554,-0.044035228182546036,-0.07445442875481387,0.18958211279387935,0.09862801543485457,0.12816920313884178,Banks—Regional,Financial Services,FCAP
2012Q4,2012,Q4,2013-03-27,2012-12-31,1249000.0,5380000.0,2337000.0,0.45,5380000.0,1.0,459132000.0,52824000.0,320004000.0,14382000.0,406196000.0,0.0,34101000.0,54230931.972500004,46078931.972500004,18.967318144589534,22.250312891113893,0.04180061507366074,0.36331970316522794,0.02253400150308621,18.967318144589534,0.023644555505073453,10.08009887964684,10.854870290732586,1.0266343323583977,0.42273819055244194,0.0,0.009736140995469964,0.011717763083383428,9.594075928243639,0.0027203505745624352,140.8595635649351,1.0,0.7307692307692307,0.38903686646904717,0.2571978339732852,0.15730873266672132,0.020292053859283142,0.7371349095966621,0.5456349206349206,2.4592075008813326,0.23137697877553778,0.13998643413262507,Banks—Regional,Financial Services,FCAP
2012Q3,2012,Q3,2012-11-13,2012-09-30,719000.0,5273000.0,1512000.0,0.26,5273000.0,1.0,458352000.0,52120000.0,318984000.0,9112000.0,406124000.0,0.0,33381000.0,55700020.0,64306020.0,18.714535470543815,35.00702370500439,0.041915383809823015,0.3686108979278588,0.016280837223841528,18.714535470543815,0.013795088257866461,10.563250521524749,19.367183588317108,1.0686880276285495,0.7371349095966621,0.0,0.009515256906550484,0.01150425873564422,1.3595258999122037,0.0015686633853457604,36.19234567901235,1.0,-0.29729729729729726,-0.19322291087148624,0.24849911093317922,0.15752583331456024,0.02867733125243855,-0.30531400966183575,-0.2840909090909091,70.28958600014865,0.14029083462516503,0.10838867371599308,Banks—Regional,Financial Services,FCAP
2012Q2,2012,Q2,2012-08-13,2012-06-30,1035000.0,5126000.0,2112000.0,0.37,5126000.0,1.0,453786000.0,51870000.0,312746000.0,9268000.0,401811000.0,0.0,33192000.0,57853962.66,68576962.66,18.62171319761418,33.744712990936556,0.04389293631800011,0.3839984576826682,0.020850843901373692,18.62171319761418,0.01995373048004627,11.286375860319938,13.97438711594203,1.1153646165413533,0.523671497584541,0.0,0.009368416182401567,0.011296073479569665,1.1749028916702633,0.002280810778648967,44.53730766743649,1.0,0.12121212121212115,0.1986215221842014,0.2192621012929394,0.1796806915275754,0.0064794816414686825,0.12622415669205658,0.06397984886649874,3.571265106169165,0.13177576460056695,0.10887147154018863,Banks—Regional,Financial Services,FCAP
2012Q1,2012,Q1,2012-05-10,2012-03-31,919000.0,5093000.0,1985000.0,0.33,5093000.0,1.0,441373000.0,50991000.0,316704000.0,9095000.0,390268000.0,0.0,32686000.0,58973120.81,71046120.81,18.30460140439022,34.82177020340847,0.04535846098424688,0.3926183051911122,0.02005684766217236,18.30460140439022,0.018022788335196407,11.57925010995484,16.04274233133841,1.1565397974152303,0.5767138193688792,0.0,0.008987145206501068,0.011538993096541926,1.0636613523914238,0.0020821391430830612,17.48387809368515,1.0,-0.10810810810810806,0.22185165874957843,0.23041177255056217,0.1432695899196755,-0.030458785455929945,-0.118042226487524,-0.12245800176834659,0.1459327658088344,0.1269749530153019,0.07356691228479666,Banks—Regional,Financial Services,FCAP
2011Q4,2011,Q4,2012-03-22,2011-12-31,1042000.0,5253000.0,2262000.0,0.37,5253000.0,1.0,438886000.0,50942000.0,311291000.0,9125000.0,387833000.0,0.0,32297000.0,51618891.29000001,61774891.29000001,18.287011526395766,34.114082191780824,0.04893070182234111,0.4215578501040399,0.022357101876290683,18.287011526395766,0.02045463468258019,9.826554595469258,12.384570846928982,1.0132874894978603,0.5067178502879078,0.0,0.010228813265934833,0.01196893954238686,1.437808219178082,0.0023741928427883324,-191.89178918215615,1.0,-0.05128205128205133,0.07739732068185223,0.2336805055629876,0.1779607778576056,-0.004736642667677151,-0.04666056724611162,-0.0733306022122081,0.0711403649895793,0.15308001279657746,0.07770228329617714,Banks—Regional,Financial Services,FCAP
2011Q3,2011,Q3,2011-11-14,2011-09-30,1093000.0,5278000.0,2441000.0,0.39,5278000.0,1.0,437290000.0,50510000.0,314231000.0,9165000.0,386672000.0,0.0,31784000.0,51535320.5,62901320.5,18.131933418363044,34.285979268957995,0.051487571177022115,0.44575331617501485,0.023681895163458686,18.131933418363044,0.02163927935062364,9.764175918908677,11.787584743824336,1.0202993565630567,0.484903934126258,0.0,0.010284208866033926,0.012069793500880423,1.4282596835788326,0.0024994854673100232,28.535614894795128,1.0,0.14705882352941171,0.3078732413562204,0.3079471193208043,0.18356833014965165,0.035104922533830164,0.16153028692879914,0.05900216919739696,0.3684285867979134,0.09905555560292682,0.09454361485538432,Banks—Regional,Financial Services,FCAP
2011Q2,2011,Q2,2011-08-11,2011-06-30,941000.0,5099000.0,2305000.0,0.34,5099000.0,1.0,444979000.0,49523000.0,317486000.0,9276000.0,395351000.0,0.0,31220000.0,49887461.099999994,60435461.099999994,17.769228588784607,34.22660629581716,0.05518237939318485,0.495830220301678,0.02256675292602432,17.769228588784607,0.019001272136179147,9.783773504608746,13.253841950053133,1.0073594309714677,0.5759829968119022,0.0,0.010864453472858734,0.011458967726566871,1.7063389391979302,0.0021147065367129684,29.55418311611374,1.0,0.06250000000000006,0.023145428340567747,0.21245278750126806,0.18524093495283633,0.02595573440643863,0.05022321428571429,0.016762240846934274,0.06446230963745006,0.09310531294623393,0.07522554374019846,Banks—Regional,Financial Services,FCAP
2011Q1,2011,Q1,2011-05-13,2011-03-31,896000.0,4970000.0,2267000.0,0.32,4970000.0,1.0,449228000.0,48239000.0,330583000.0,549000.0,400874000.0,0.0,30809000.0,45348915.44,46662915.44,17.306886446676177,602.1548269581057,0.03456819254365267,0.3219179502062646,0.026239836669832907,17.306886446676177,0.018574182715230415,9.124530269617706,12.65315720982143,0.9400882157590331,0.5915178571428571,0.0,0.01168715932581077,0.011063424363574844,29.3551912568306,0.0019945328430106763,8.264792316384181,1.0,-0.08571428571428563,-0.017757188976064063,0.22179715205284542,0.16594903107545037,-0.028347996089931573,-0.07246376811594203,-0.13374092472296523,0.00456647216346296,0.13463465019326304,0.039921593650537546,Banks—Regional,Financial Services,FCAP
2010Q4,2010,Q4,2011-03-25,2010-12-31,966000.0,5115000.0,2617000.0,0.35,5115000.0,1.0,452378000.0,47893000.0,335019000.0,649000.0,404374000.0,0.0,30442000.0,46381753.6,49151753.6,17.182177432808405,516.2080123266564,0.03476959533841168,0.32841960202952414,0.028757885623435273,17.182177432808405,0.02016996220742071,9.067791515151516,12.003559420289854,0.9684453594471009,0.5476190476190477,0.0,0.011405347123399837,0.011306915897766912,22.88597842835131,0.0021353823572322263,33.035437037037035,1.0,0.06060606060606049,-0.007222782588790912,0.2690617992343488,0.15582047041389047,-0.011976047904191617,0.06153846153846154,0.008477842003853564,0.07339600245776104,0.19425893578180392,0.04838669534788689,Banks—Regional,Financial Services,FCAP
2010Q3,2010,Q3,2010-11-10,2010-09-30,910000.0,5177000.0,2595000.0,0.33,5177000.0,1.0,452446000.0,48518000.0,341133000.0,651000.0,403820000.0,0.0,30006000.0,42479442.6,43497442.6,17.406403538826094,524.0138248847926,0.05023582924813127,0.4684653118430273,0.026142941205601244,17.406403538826094,0.01875592563584649,8.205416766467065,11.67017653846154,0.8755398532503401,0.5835164835164836,0.0,0.012500164020513772,0.011442249461814227,36.35176651305684,0.0020112897450745505,29.643714305652477,1.0,-0.05714285714285704,-0.05494611099252046,0.2760495157684628,0.17411396068709734,0.004657481078983117,-0.07894736842105263,-0.06216118539934948,0.020228782380491903,0.22472940207023925,0.07661564953093142,Banks—Regional,Financial Services,FCAP
2010Q2,2010,Q2,2010-08-12,2010-06-30,988000.0,5153000.0,2767000.0,0.35,5153000.0,1.0,457973000.0,47772000.0,337106000.0,711000.0,410096000.0,0.0,29625000.0,41826060.0,57980060.0,17.132381104029403,474.1293952180028,0.06332469381382745,0.6070710876664155,0.026721215303313867,17.132381104029403,0.02068157079460772,8.116836794100523,10.583517206477733,0.8755350414468726,0.520242914979757,0.0,0.012288989209119864,0.011251755016125405,20.91983122362869,0.0021573324191600813,-109.2064229765013,1.0,-0.027777777777777804,0.14634394981712534,0.2768951755158071,0.16326022607800844,0.07510953473815982,-0.012987012987012988,-0.06171583587656833,0.1429825069273535,0.22438931985836444,0.0853318904570379,Banks—Regional,Financial Services,FCAP
2010Q1,2010,Q1,2010-05-12,2010-03-31,1001000.0,4793000.0,2949000.0,0.36,4793000.0,1.0,462713000.0,46987000.0,344122000.0,785000.0,415611000.0,0.0,29139000.0,40551018.199999996,43729018.199999996,16.917212697756625,438.371974522293,0.05127584485415365,0.5049481771553834,0.029016357385964104,16.917212697756625,0.02130376487113457,8.460466972668474,10.127626923076923,0.8630263306872114,0.5014985014985015,0.0,0.012379467206571895,0.010358472746605348,28.6343949044586,0.002163328024066754,13.863595965811964,1.0,1.769230769230769,0.2013342649504598,0.22944317428211397,0.1888100004563098,0.10641735918744229,1.7960893854748603,0.20465686274509803,0.3348159702387875,0.16136457818516453,0.05661600579345957,Banks—Regional,Financial Services,FCAP
2009Q4,2009,Q4,2010-03-30,2009-12-31,358000.0,4332000.0,2448000.0,0.13,4332000.0,1.0,455534000.0,45944000.0,344595000.0,980000.0,409478000.0,0.0,28640000.0,41945012.83,50864012.83,16.638196365048053,351.6275510204082,0.054388914987684785,0.5392651924081491,0.03833176026427561,16.638196365048053,0.00779209472401184,9.682597606186519,29.291210076815645,0.9129595339979105,1.4022346368715084,0.0,0.011968049742518104,0.009509718264717892,18.276530612244898,0.000785890844591183,-28.437296833898305,1.0,35.111111111111114,-0.5532125173192053,0.1780734328229508,0.24126220104276508,-0.055179934569247545,34.8,0.47115384615384615,-0.6265762860026516,0.026347537015517983,0.07175208502657056,Banks—Regional,Financial Services,FCAP
2009Q3,2009,Q3,2009-11-13,2009-09-30,10000.0,4585000.0,1664000.0,0.0036,4585000.0,1.0,456626000.0,46624000.0,350524000.0,1158000.0,409894000.0,0.0,28780000.0,48323747.5,64159747.5,16.88445210090546,302.6977547495682,0.07177865474151712,0.7029855868222374,-0.0008567400155252465,16.88445210090546,0.0002144818119423473,10.539530534351146,1208.0936875,1.0364564923644475,49.7,0.0,0.010284798379926971,0.010041040151020747,16.435233160621763,2.1899760416621043e-05,13.142166847973892,1.0,1.0257142857142856,-0.9871498445067298,0.2869042172433489,0.14055722486111777,0.016179078014184396,1.0249376558603491,0.42832618025751074,-0.9879286403991466,0.1462275297026048,0.10213854846399523,Banks—Regional,Financial Services,FCAP
2009Q2,2009,Q2,2009-08-14,2009-06-30,-401000.0,4512000.0,1165000.0,-0.14,4512000.0,1.0,449344000.0,46600000.0,348621000.0,1136000.0,402639000.0,0.0,29266000.0,48144532.35,78354532.35,16.79339190839601,306.88468309859155,0.09576182167782367,0.9233905579399142,0.005889434971518187,16.79339190839601,-0.008605150214592275,10.670330751329788,-30.015294482543645,1.033144471030043,-1.2443890274314215,0.0,0.010364624509640707,0.010041304657456203,13.059859154929578,-0.0008924120495655889,-28.23726237536657,1.0,-1.4827586206896552,-1.5127761641198496,0.27606058781254106,0.1699926118819453,-0.00287292817679558,-1.4993773349937733,-0.6460042540261319,-1.437908116700441,0.0775558600630652,0.12015079479024857,Banks—Regional,Financial Services,FCAP
2009Q1,2009,Q1,2009-05-13,2009-03-31,803000.0,4525000.0,3291000.0,0.29,4525000.0,1.0,453993000.0,47558000.0,353001000.0,1230000.0,406328000.0,0.0,30170000.0,41560301.800000004,65099301.800000004,17.050265982428453,286.9926829268293,0.09819534662428715,0.9373817233693595,0.02689721264688561,17.050265982428453,0.016884646116321123,9.18459708287293,12.93907278953923,0.8738866604987594,0.6239103362391034,0.0,0.012054772903501869,0.009967114030392538,18.73658536585366,0.0017687497384320904,42.84567195876289,1.0,-0.17142857142857143,0.05558814490783001,0.3036009676632603,0.17272479674169935,-0.012008733624454149,-0.17893660531697342,-0.12913469171738556,-0.12034308232795562,0.11159921423211729,0.14866074628975862,Banks—Regional,Financial Services,FCAP
2008Q4,2008,Q4,2009-03-30,2008-12-31,978000.0,4580000.0,3779000.0,0.35,4580000.0,1.0,458625000.0,47522000.0,358815000.0,1415000.0,411103000.0,0.0,29868000.0,42793137.44,69369137.44,16.968518866327834,253.57950530035336,0.10428999727446171,1.0064812087033375,0.02858421372286533,16.968518866327834,0.020579941921636296,9.343479790393012,10.938941063394681,0.9004910870754598,0.5122699386503068,0.0,0.011707484656913719,0.009986372308530935,16.667137809187277,0.002132461161079313,365.75331145299145,1.0,0.20689655172413793,0.1484801873607685,0.30229992782961723,0.17734321380650656,-0.05136702568351284,0.21793275217932753,0.03166803166803167,0.00036064698527262087,0.13095592308447168,0.14144796461343281,Banks—Regional,Financial Services,FCAP
2008Q3,2008,Q3,2008-11-14,2008-09-30,803000.0,4828000.0,3663000.0,0.29,4828000.0,1.0,445386000.0,46394000.0,358360000.0,8856000.0,398992000.0,0.0,29392000.0,43017185.28,98698185.28,16.565747743874702,40.465221318879856,0.1376671022438963,1.3216148639910332,0.023602994826331616,16.565747743874702,0.01730827262145967,8.909938956089478,13.39264797011208,0.9272144087597534,0.6264009962640099,0.0,0.01169300122092972,0.010840035385036799,0.8814363143631436,0.0018029304917532207,25.18570566744731,1.0,-0.09375000000000008,-0.01438460643048381,0.34556800148345257,0.16224500051689444,0.029204860370923045,-0.09673790776152981,-0.07872233400402415,-0.1700082134473076,0.18440352598140655,0.11740921390909032,Banks—Regional,Financial Services,FCAP
2008Q2,2008,Q2,2008-08-13,2008-06-30,889000.0,4691000.0,3976000.0,0.32,4691000.0,1.0,452233000.0,46318000.0,362602000.0,15558000.0,405915000.0,0.0,29091000.0,41200086.9,88034086.9,16.526047667147033,23.30646612675151,0.14412482061238344,1.4071851116196727,0.024825497038946206,16.526047667147033,0.01919340213308001,8.782794052440844,11.586076181102362,0.8895048771535903,0.5669291338582677,0.0,0.01223298390664317,0.010372971454980066,1.3157218151433345,0.0019658008150665695,21.57072612565445,1.0,0.0,-0.030804896802292883,0.28432112930584813,0.15974056878889134,0.06251415628539071,-0.011123470522803115,-0.10146892655367232,0.02620625941295325,0.1564728362447092,0.12209119262120806,Banks—Regional,Financial Services,FCAP
2008Q1,2008,Q1,2008-05-14,2008-03-31,899000.0,4415000.0,4425000.0,0.32,4415000.0,1.0,455630000.0,46755000.0,366519000.0,18883000.0,408875000.0,0.0,28706000.0,45652343.75,97966343.75,16.64249165739711,19.409998411269395,0.16216886508790027,1.5803443481980537,0.025209225018395162,16.64249165739711,0.019227890065233663,10.340281710079275,12.6953125,0.9764162923751469,0.5305895439377085,0.0,0.01044853255754257,0.009689879946447776,1.2594397076735688,0.0019730922020060136,-159.62357954545453,1.0,0.0,0.21379328710124826,0.3622337897540674,0.06808608111177392,0.029617537313432835,-0.0022197558268590455,-0.05971100722481938,0.0666665420560748,0.11962073614877952,0.1695047445639805,Banks—Regional,Financial Services,FCAP
2007Q4,2007,Q4,2008-03-28,2007-12-31,901000.0,4288000.0,4706000.0,0.32,4288000.0,1.0,453179000.0,45736000.0,362823000.0,1902000.0,407443000.0,0.0,28284000.0,46045312.5,92083312.5,16.3891601343785,190.75867507886434,0.1339294186182502,1.3270509008221094,0.030504890804573723,16.3891601343785,0.019700017491691448,10.73817922108209,12.77616884017758,1.0067629985132063,0.5271920088790233,0.0,0.010315925209542231,0.009462044799074979,9.045741324921135,0.00198817685726832,-238.5767487046632,1.0,0.0,0.04672833969707213,0.3675284951741628,0.24660029653948698,0.013232514177693762,0.008958566629339306,-0.01092896174863388,0.11266349273943747,0.15387766768621178,0.2226833086533441,Banks—Regional,Financial Services,FCAP
2007Q3,2007,Q3,2007-11-14,2007-09-30,893000.0,4232000.0,4758000.0,0.32,4232000.0,1.0,446789000.0,45118000.0,358081000.0,1805000.0,401671000.0,0.0,27858000.0,47412718.74999999,101013718.75,16.167704367301234,198.38282548476454,0.14658821054233653,1.451615763110067,0.029502761427373236,16.167704367301234,0.019792543995744493,11.203383447542532,13.273437499999998,1.050860382774059,0.5341545352743561,0.0,0.010060591600223307,0.009472032659711855,7.985595567867036,0.0019987063244618825,91.70738636363635,1.0,0.03225806451612906,0.06666653799758751,0.40577373831203445,0.2483026267786426,0.0002363507445048452,0.02761795166858458,0.015148282483464903,0.13548373831775712,0.17536734396729736,0.09214038544698644,Banks—Regional,Financial Services,FCAP
2007Q2,2007,Q2,2007-08-13,2007-06-30,869000.0,4231000.0,4687000.0,0.31,4231000.0,1.0,445346000.0,44250000.0,356080000.0,1942000.0,401096000.0,0.0,27442000.0,50458068.0,98961068.0,15.785384410675414,183.35736354273945,0.13275969695472734,1.336135593220339,0.030566836308355615,15.785384410675414,0.019638418079096047,11.925801938076106,14.51613003452244,1.1402953220338983,0.5512082853855006,0.0,0.009493030926194003,0.009500478279809406,6.701853759011328,0.0019512918045744207,26.570862559241707,1.0,0.19230769230769226,0.1000000790893871,0.4230378162735638,0.2423004351386416,0.026443474041727318,0.1602136181575434,0.02988354207866403,0.09999981952102863,0.18449876028845846,0.09976490973053706,Banks—Regional,Financial Services,FCAP
2007Q1,2007,Q1,2007-05-15,2007-03-31,749000.0,4122000.0,4551000.0,0.26,4122000.0,1.0,450515000.0,44415000.0,359754000.0,1822000.0,406100000.0,0.0,27051000.0,49877850.52,85653850.52000001,16.010748091074717,197.45005488474203,0.12526996881346902,1.2706518068220196,0.03055999771062185,16.010748091074717,0.01686367218282112,12.10040041727317,16.648147703604806,1.1229956212991106,0.6408544726301736,0.0,0.009623510135175728,0.00914952887251257,12.608122941822174,0.001662541757766112,25.229059443601418,1.0,-0.25714285714285706,-0.07187480497735423,0.42072067970880084,0.2955830626024293,-0.05044920525224603,-0.24036511156186613,-0.09252243270189432,-0.010000081607972297,0.1940113643724366,0.10122629876498104,Banks—Regional,Financial Services,FCAP
