Year,Date,FillingDate,NetIncome,Revenue,OperatingIncome,EPSDiluted,GrossProfit,GrossProfitRatio,TotalAssets,CommonStockEquity,CurrentAssets,CurrentLiability,TotalLiability,Inventory,RetainedEarnings,EnterpriseValue,bookValuePerShare,currentRatio,debtToAssets,debtToEquity,roic,shareholdersEquityPerShare,roe,priceToSalesRatio,peRatio,pbRatio,payoutRatio,inventoryTurnover,dividendYield,assetTurnover,quickRatio,returnOnAssets,priceToFreeCashFlowsRatio,grossProfitMargin,epsdilutedGrowth,fiveYNetIncomeGrowthPerShare,fiveYRevenueGrowthPerShare,fiveYShareholdersEquityGrowthPerShare,grossProfitGrowth,netIncomeGrowth,operatingIncomeGrowth,threeYNetIncomeGrowthPerShare,threeYRevenueGrowthPerShare,threeYShareholdersEquityGrowthPerShare,Industry,Sector,Price,MarketCap,AvgVolume,Symbol
2022,2022-12-31,2023-02-10,-44881000.0,407856000.0,-47592000.0,-1.6,341741000.0,0.8378962183,564876000.0,496008000.0,530032000.0,61186000.0,68868000.0,11886000.0,-324270000.0,6637991886.24,17.669295121914033,8.662635243356323,0.015706101870144953,0.01788680827728585,-0.09416378295203595,17.669295121914033,-0.09048442767052145,17.336294884076732,-157.54354596020588,14.255237589393719,0.0,5.562426383981155,0.0,0.7220274892188728,8.378403556369104,-0.07945283566658877,2859.1637227011724,0.837896218273116,-0.038961038961038995,-0.13785633308586154,5.338377116567074,147.3852163975971,0.7077230592409365,-0.06752771038485324,-0.1942785445420326,-0.14485648056745734,3.2151885100707984,2.0078870640643385,Medical Devices,Healthcare,313.28,9139035488,414726,INSP
2021,2021-12-31,2022-02-15,-42042000.0,233394000.0,-39850000.0,-1.54,200115000.0,0.857412787,295084000.0,229048000.0,268537000.0,41307000.0,66036000.0,17231000.0,-279389000.0,6091436948.74,8.401429645674451,6.501004672331566,0.1144860446516924,0.14749310188257483,-0.1469602179330913,8.401429645674451,-0.18355104606894626,26.873531233622113,-149.1870260391989,27.38343468941008,0.0,1.9313446694910337,0.0,0.7909408846294614,6.019464013363352,-0.14247468517439102,-253.04074509783354,0.8574127869611043,0.2968036529680365,-0.03725808223200773,5.494764851839182,16.844862373628395,1.0470447431412262,0.26503854692935686,0.29102618844292627,-0.030015048024253383,1.4670241540365296,-0.2531051741125662,Medical Devices,Healthcare,313.28,9139035488,414726,INSP
2020,2020-12-31,2021-02-24,-57203000.0,115381000.0,-56208000.0,-2.19,97758000.0,0.8472625476,281189000.0,229747000.0,269869000.0,20725000.0,51442000.0,8479000.0,-237347000.0,4744263191.62,8.811541317674576,13.021423401688782,0.1089374050905263,0.13332927089363517,-0.21152320920213424,8.811541317674576,-0.24898257648630887,42.50395811806103,-85.73237752600387,21.345868244721366,0.0,2.078429060030664,0.0,0.4103325521268613,12.517490952955368,-0.20343256670780152,-88.36304849765766,0.8472625475598236,-0.5642857142857144,-0.28142381858063076,5.883363452164144,0.0,0.4290642770476706,-0.7207532412838793,-0.6106828667220678,-0.561403690083657,0.9305320117176854,72.99856396070396,Medical Devices,Healthcare,313.28,9139035488,414726,INSP
2019,2019-12-31,2020-02-25,-33243000.0,82050000.0,-34897000.0,-1.4,68407000.0,0.8337233394,181253000.0,139835000.0,170636000.0,16856000.0,41418000.0,5834000.0,-180156000.0,1768190382.9199998,5.874321324431245,10.123160892263883,0.13529155379497168,0.17536382164694103,-0.21258018082252436,5.874321324431245,-0.23773018200021453,21.52990107154174,-53.13986050958096,12.632948710408696,0.0,2.3385327391155295,0.0,0.4526821625021379,9.646179401993356,-0.18340661947664313,-49.64250057383729,0.8337233394271786,0.06666666666666672,0.18433096614265151,4.3614809522200275,0.0,0.6875200434171251,-0.5229521715228147,-0.7124840514280106,0.060668708149058524,1.6149744560289074,12.078806447186697,Medical Devices,Healthcare,313.28,9139035488,414726,INSP
2018,2018-12-31,2019-02-26,-21828000.0,50593000.0,-20378000.0,-1.5,40537000.0,0.8012373253216848,200080000.0,163999000.0,199278000.0,11155000.0,36081000.0,2667000.0,-146913000.0,634550719.5,11.248477502427697,17.864455401165397,0.12458016793282686,0.15198873163860754,-0.10786290856159851,11.248477502427697,-0.13309837255105214,12.175413980194888,-28.22020888308594,3.756063875389484,0.0,3.770528683914511,0.0,0.2528638544582167,17.469923800986106,-0.10909636145541783,-32.51640200063345,0.8012373253216848,-0.06382978723404262,0.12554303194462954,4.397682643548984,0.0,0.7977293893299038,-0.24653075209868083,-0.273386240079985,0.12554303194462954,4.397682643548984,0.0,Medical Devices,Healthcare,313.28,9139035488,414726,INSP
2017,2017-12-31,2017-12-31,-17511000.0,28567000.0,-16003000.0,-1.41,22549000.0,0.7893373472888298,25091000.0,1484000.0,24097000.0,7147000.0,23607000.0,3670000.0,-125085000.0,318818349.92,0.11907719347572526,3.3716244578144674,0.6560121158981308,11.091644204851752,-0.8918301382077575,0.11907719347572526,-11.799865229110512,10.89765638393951,-17.7781594380675,209.77988539083557,0.0,1.6397820163487737,0.0,1.1385357299430074,2.798516860221072,-0.6978996452911402,-19.213315430475838,0.7893373472888298,0.0515907715073653,0.1793129305900548,2.565526709935097,0.0,0.8007506788053027,0.054889896373056996,0.07245116791282676,0.1793129305900548,2.565526709935097,0.0,Medical Devices,Healthcare,313.28,9139035488,414726,INSP
2016,2016-12-31,2016-12-31,-18528000.0,16427000.0,-17253000.0,-1.4867,12522000.0,0.7622816095452608,13116000.0,-6608000.0,12249000.0,7290000.0,19724000.0,3355000.0,-107574000.0,320319349.92,-0.5302305218919087,1.680246913580247,1.196325099115584,-2.374546004842615,-1.8994825498183419,-0.5302305218919087,2.803874092009685,18.95132099105132,-16.80231810880829,-47.11158443099274,0.0,1.1639344262295082,0.0,1.252439768222019,1.203840877914952,-1.4126258005489478,-17.05359353163517,0.7622816095452608,0.13164915986019485,0.13164924778553683,1.050299550673989,0.0,1.406688448971747,0.13164924778553685,0.1285483382159814,0.13164924778553683,1.050299550673989,0.0,Medical Devices,Healthcare,313.28,9139035488,414726,INSP
2015,2015-12-31,2015-12-31,-21337000.0,8012000.0,-19798000.0,-1.712096,5203000.0,0.649400898652022,,,,,,,,,,0.0,0.0,0.0,0.0,,0.0,38.855884912631055,-14.590305568730374,0.0,0.0,0.0,0.0,0.0,0.0,0.0,-13.77492698761062,0.649400898652022,0.0,0.0,0.0,0.0,0.0,0.0,0.0,0.0,0.0,0.0,Medical Devices,Healthcare,313.28,9139035488,414726,INSP
TTM,,,,,,,,,,,,,,,,8704088488.0,17.3478469368287,8.912574330193092,0.014955049165248747,0.01694646565526862,-0.09379380211790353,17.3478469368287,-0.1027444217489946,19.596062979902264,-208.96791029786064,18.058725162885814,0.0,4.8521356062057075,0.0,0.8155520620025986,8.549224961582148,-0.07626340612086799,805.9824929887997,0.8370417543114816,,,,,,,,,,,Medical Devices,Healthcare,313.28,9139035488,414726,INSP
