Quarters,Year,Quarter,FillingDate,Date,NetIncome,Revenue,OperatingIncome,EPSDiluted,GrossProfit,GrossProfitRatio,TotalAssets,CommonStockEquity,CurrentAssets,CurrentLiability,TotalLiability,Inventory,RetainedEarnings,MarketCap,EnterpriseValue,bookValuePerShare,currentRatio,debtToAssets,debtToEquity,roic,shareholdersEquityPerShare,roe,priceToSalesRatio,peRatio,pbRatio,payoutRatio,inventoryTurnover,dividendYield,assetTurnover,quickRatio,returnOnAssets,priceToFreeCashFlowsRatio,grossProfitMargin,epsdilutedGrowth,fiveYNetIncomeGrowthPerShare,fiveYRevenueGrowthPerShare,fiveYShareholdersEquityGrowthPerShare,grossProfitGrowth,netIncomeGrowth,operatingIncomeGrowth,threeYNetIncomeGrowthPerShare,threeYRevenueGrowthPerShare,threeYShareholdersEquityGrowthPerShare,Industry,Sector,Symbol
2023Q1,2023,Q1,2023-05-12,2023-03-31,-9889000.0,0.0,-8530000.0,-0.78,0.0,0.0,58120000.0,18957000.0,54246000.0,7797000.0,39163000.0,-308000.0,-432816000.0,12680631.81,25984631.810000002,1.494807560381331,6.957291265871489,0.5184962147281487,1.5896502611172654,-0.17594379798287837,1.494807560381331,-0.521654270190431,0.0,-0.3205741685205784,0.6689155356860262,0.0,0.0,0.0,0.0,6.686033089649865,-0.1701479697178252,-1.3222765182481753,0.0,-0.902439024390244,0.9674965860830734,-1.0,-0.9873296977917277,0.0,-0.9428290766208252,-0.0762048952813525,0.951989973165159,0.0,1.0354986803464556,Biotechnology,Healthcare,ITRM
2022Q4,2022,Q4,2023-03-16,2022-12-31,-5090000.0,0.0,-7926000.0,-0.41,0.0,0.0,66833000.0,27999000.0,60838000.0,196000.0,38834000.0,-1851000.0,-422927000.0,10327686.6,17701686.6,2.27729218661612,310.3979591836735,0.42592731135816136,1.0166791671131112,-0.14321186944226913,2.27729218661612,-0.18179220686453088,0.0,-0.5072537622789783,0.3688591235401264,0.0,0.0,0.0,0.0,313.0204081632653,-0.07615998084778478,-2.396214988399072,0.0,0.8277310924369748,0.9770126645907042,-1.0,-0.9708067909705587,0.0,0.8251399910680546,-0.12681262439579186,0.9826437567028312,0.0,1.0860231977999668,Biotechnology,Healthcare,ITRM
2022Q3,2022,Q3,2022-11-10,2022-09-30,-29109000.0,0.0,-7034000.0,-2.38,0.0,0.0,71555000.0,32549000.0,66652000.0,7509000.0,39006000.0,0.0,-417837000.0,19818065.880000003,29544065.880000003,2.660672354168196,8.876281795179118,0.4222625952064845,0.9282927278871854,-0.10991824168594401,2.660672354168196,-0.8943131893452948,0.0,-0.17020565701329488,0.6088686558726842,0.0,0.0,0.0,0.0,8.676255160474097,-0.4068059534623716,-4.359451359436868,0.0,-3.3272727272727267,0.8525651931922339,-1.0,0.0,0.0,-3.3220489977728285,0.1262111801242236,0.926082740506001,0.0,1.83482806124474,Biotechnology,Healthcare,ITRM
2022Q2,2022,Q2,2022-08-12,2022-06-30,-6735000.0,0.0,-8050000.0,-0.55,0.0,0.0,76687000.0,43886000.0,70926000.0,7493000.0,32801000.0,0.0,-388728000.0,36709620.948,51073620.948,3.5900577177487887,9.465634592286134,0.3073923872364286,0.5371416852754864,-0.1257351821041218,3.5900577177487887,-0.15346579774871258,0.0,-1.362643687750557,0.8364768023515472,0.0,0.0,0.0,0.0,9.25623915654611,-0.0878245334932909,-5.851071238125598,0.0,-0.8965517241379313,0.9555831668243362,0.0,0.0,0.0,-0.9242857142857143,-0.09182151091821511,0.9809422719178988,0.0,-0.8603454984930986,Biotechnology,Healthcare,ITRM
2022Q1,2022,Q1,2022-05-13,2022-03-31,-3500000.0,0.0,-7373000.0,-0.29,0.0,0.0,84063000.0,48635000.0,76381000.0,10081000.0,35428000.0,0.0,-381993000.0,64930041.375,55679041.375,3.9886217460461304,7.57672849915683,0.2630170229470754,0.454610876940475,-0.11870088776930073,3.9886217460461304,-0.07196463452246325,0.0,-4.637860098214286,1.3350476277372263,0.0,0.0,0.0,0.0,7.507489336375359,-0.041635440086601715,-19.069028303964757,0.0,-0.2608695652173912,0.9751030305610662,0.0,0.0,0.0,-0.26262626262626265,-0.5859324585932458,0.9867122653090207,-1.0,-0.9264004651758443,Biotechnology,Healthcare,ITRM
2021Q4,2021,Q4,2022-03-28,2021-12-31,-2772000.0,0.0,-4649000.0,-0.23,0.0,0.0,91509000.0,50234000.0,83266000.0,12941000.0,41275000.0,-1205000.0,-378493000.0,71611356.663,54349356.663,4.122603337754336,6.434278649254308,0.11128959993006153,0.20273121790022694,-0.05317821619332958,4.122603337754336,-0.05518174941274834,0.0,-6.4584556875,1.425555533363857,0.0,0.0,0.0,0.0,6.378873348272931,-0.030292102416155788,-28.417205025,0.0,-1.828996449434198,0.9873683050228342,-1.0,-0.9471512607420971,0.0,-1.7409783480352847,0.046163315551908085,0.9911788969316936,-1.0,-0.9458600218954378,Biotechnology,Healthcare,ITRM
2021Q3,2021,Q3,2021-11-12,2021-09-30,3741000.0,0.0,-4874000.0,0.277443890329058,0.0,0.0,98422000.0,52448000.0,90213000.0,17829000.0,45974000.0,0.0,-374311000.0,102036448.75199999,93835448.75199999,4.305367869747518,5.059902406192159,0.28226412793887545,0.5296865466748018,-0.05552647569298921,4.305367869747518,0.0713277913361806,0.0,6.818795024859663,1.9454783547895056,0.0,0.0,0.0,0.0,4.993605922934544,0.038009794558127245,-25.7798000889338,0.0,-0.5147029245735272,1.019027776164713,-1.0,0.0,0.0,-0.520261605539882,0.30241877773007014,1.01153698171371,-1.0,-0.9571905566070873,Biotechnology,Healthcare,ITRM
2021Q2,2021,Q2,2021-08-13,2021-06-30,7798000.0,0.0,-6987000.0,0.5716990774882454,0.0,0.0,106045000.0,47195000.0,96398000.0,34378000.0,58850000.0,0.0,-378052000.0,415839986.09999996,404955986.09999996,3.9325384875487805,2.8040607365175405,0.2422462162289594,0.5443161351838118,-0.09438795853269538,3.9325384875487805,0.16522936751774553,0.0,13.3316230475763,8.811102576544126,0.0,0.0,0.0,0.0,2.755308627610681,0.07353482012353246,-49.85493179474883,0.0,1.0468316458727283,1.0523835324078372,0.0,0.0,0.0,1.0788305819795594,-0.19497178040020524,1.019491763727106,-1.0,-0.9843276745707177,Biotechnology,Healthcare,ITRM
2021Q1,2021,Q1,2021-05-14,2021-03-31,-98921000.0,0.0,-5847000.0,-12.207537592035967,0.0,0.0,115165000.0,31517000.0,104233000.0,43809000.0,83648000.0,0.0,-385850000.0,171384202.79999998,146257202.79999998,3.8894165221160044,2.379259969412678,0.36046541918117486,1.3171621664498525,-0.0801115790602186,3.8894165221160044,-3.1386553288701338,0.0,-0.4331340231093499,5.437833638988482,0.0,0.0,0.0,0.0,2.3126298249218196,-0.858950201884253,-151.39947243816252,0.0,-1.9571840559078695,-0.058845488228402625,0.0,0.0,0.0,-7.843286250670481,-0.2590439276485788,0.4911509044303321,-1.0,-0.9670324902982926,Biotechnology,Healthcare,ITRM
2020Q4,2020,Q4,2021-03-12,2020-12-31,-11186000.0,0.0,-4644000.0,-4.128095296485763,0.0,0.0,32792000.0,-50559000.0,21472000.0,41698000.0,83351000.0,0.0,-286929000.0,40198755.54,68029755.53999999,-18.658357825372622,0.5149407645450621,1.2911380824591363,-0.8374176704444313,0.5661782612278102,-18.658357825372622,0.2212464645265927,0.0,-0.8984166712855355,-0.7950860487746989,0.0,0.0,0.0,0.0,0.36867475658304955,-0.3411197853134911,-4.45119649429742,0.0,0.5399535862723255,0.7707842942790217,-1.0,-1.2391864089041613,0.0,0.08303959340929584,0.26692975532754537,0.7707842942790217,-1.0,-1.2391864089041613,Biotechnology,Healthcare,ITRM
2020Q3,2020,Q3,2020-11-16,2020-09-30,-12199000.0,0.0,-6335000.0,-8.973214817688804,0.0,0.0,26270000.0,-55903000.0,12059000.0,40866000.0,82173000.0,0.0,-275743000.0,21411967.5,53144967.5,-41.120567271550364,0.2950863798756913,1.5341834792539017,-0.720945208665009,0.42056955446568317,-41.120567271550364,0.218217269198433,0.0,-0.4388057935076646,-0.3830200078707761,0.0,0.0,0.0,0.0,0.26087701267557384,-0.4643700038066235,-4.837769430637144,0.0,0.25397514245849295,0.4440097111474216,-1.0,0.0,0.0,0.025716795783084417,0.23240033927056827,0.4440097111474216,-1.0,0.0,Biotechnology,Healthcare,ITRM
2020Q2,2020,Q2,2020-08-06,2020-06-30,-12521000.0,0.0,-8253000.0,-12.028037305968127,0.0,0.0,31687000.0,-48789000.0,18076000.0,40616000.0,80476000.0,0.0,-263544000.0,18581564.400000002,45071564.400000006,-46.86815551439791,0.445046287177467,1.2225833938208097,-0.794031441513456,0.8331194726654431,-46.86815551439791,0.25663571706737176,0.0,-0.3710079945691239,-0.3808556108958987,0.0,0.0,0.0,0.0,0.3533582824502659,-0.39514627449742795,-1.3572101672631658,0.0,0.25944280767936717,0.030317584499056294,0.0,0.0,0.0,0.22229813664596274,0.35993485342019543,0.030317584499056294,0.0,0.0,Biotechnology,Healthcare,ITRM
2020Q1,2020,Q1,2020-05-14,2020-03-31,-16100000.0,0.0,-12894000.0,-16.241874943212284,0.0,0.0,42312000.0,-41741000.0,28619000.0,47090000.0,84053000.0,0.0,-251023000.0,40294922.25,52766922.25,-42.10882054748226,0.6077511148863878,0.844417659292872,-0.8559689513907189,2.160951268499986,-42.10882054748226,0.38571188998826095,0.0,-0.6256975504658385,-0.9653559390048153,0.0,0.0,0.0,0.0,0.5430877043958378,-0.3805067120438646,-1.4711008086597788,0.0,0.3190775246478682,-0.4087716819749275,0.0,0.0,0.0,0.31897973858973816,0.4436966088532229,-0.4087716819749275,0.0,0.0,Biotechnology,Healthcare,ITRM
2019Q4,2019,Q4,2020-03-12,2019-12-31,-23641000.0,0.0,-23178000.0,-23.8527520108849,0.0,1.0,25751000.0,-26238000.0,11718000.0,36986000.0,51989000.0,0.0,-234923000.0,66900802.5,75524802.5,-26.473000828353292,0.3168225815173309,0.5213389771271019,-0.5116624742739538,1.812701173202858,-26.473000828353292,0.9010214193154966,0.0,-0.7074658696755637,-2.549767608049394,0.0,0.0,0.0,0.0,0.16262910290380145,-0.9180614345073977,-3.34203229593366,0.0,0.25902576270737987,-0.3244418746449345,-1.0,-1.3393643781683804,0.0,0.24399603466470532,0.25229846124068517,-0.3244418746449345,-1.0,-1.3393643781683804,Biotechnology,Healthcare,ITRM
2019Q3,2019,Q3,2019-11-12,2019-09-30,-31271000.0,0.0,-30999000.0,-32.19106793515298,0.0,1.0,50942000.0,-3096000.0,36869000.0,37332000.0,54038000.0,0.0,-211282000.0,84076314.45,69533314.45,-3.18709022574193,0.9875977713489767,0.281496603980998,-4.631782945736434,-2.7661365534565245,-3.18709022574193,10.10045219638243,0.0,-0.6721588248696876,-27.15643231589147,0.0,0.0,0.0,0.0,0.8057162755812708,-0.6138549723214636,-3.3089186685819985,0.0,-0.11350881715219811,-0.9945924377747738,-1.0,0.0,0.0,-0.13144945365077068,-0.13225947841332455,-0.9945924377747738,-1.0,0.0,Biotechnology,Healthcare,ITRM
2019Q2,2019,Q2,2019-08-14,2019-06-30,-27638000.0,0.0,-27378000.0,-28.909576142811087,0.0,1.0,71293000.0,24576000.0,59224000.0,28253000.0,46717000.0,0.0,-180011000.0,91060428.75,54086428.75,25.706709622756964,2.096202173220543,0.20011782362924832,0.5805257161458334,-0.7088641854922585,25.706709622756964,-1.1245930989583333,0.0,-0.8236886600875606,3.705258331298828,0.0,0.0,0.0,0.0,1.8550596396842813,-0.38766779347200986,-4.943831301916499,0.0,-0.3382911453370419,-1.3306468108011125,0.0,0.0,0.0,-0.34295432458697767,-0.33773087071240104,-1.3306468108011125,0.0,0.0,Biotechnology,Healthcare,ITRM
2019Q1,2019,Q1,2019-05-14,2019-03-31,-20580000.0,37000.0,-20466000.0,-21.60185864155169,0.0,1.0,89134000.0,51630000.0,76818000.0,17618000.0,37504000.0,0.0,-152373000.0,115038042.0,64630042.0,54.193572766128966,4.360199795663526,0.15925460542553907,0.2749370521014914,-0.31295299775136004,54.193572766128966,-0.39860546194073215,3109.1362702702704,-1.3974494897959184,2.2281239976757696,0.0,0.0,0.0,0.000415105347005632,4.012487228970371,-0.23088832544259205,-7.637126867157937,0.0,0.1623804283639616,-0.8736805044606851,0.0,0.0,0.0,0.15158510945294143,0.14521989725598297,-0.8736805044606851,0.0,0.0,Biotechnology,Healthcare,ITRM
2018Q4,2018,Q4,2019-03-25,2018-12-31,-24257000.0,239000.0,-23943000.0,-25.789582016760836,0.0,1.0,97871000.0,71622000.0,92971000.0,12219000.0,26249000.0,0.0,-131793000.0,70684136.10000001,40231136.10000001,76.14711867434141,7.60872411817661,0.1440467554229547,0.19683896009605986,-0.2817087606824299,76.14711867434141,-0.3386808522521013,295.74952343096237,-0.728492147627489,0.9869053656697664,0.0,0.0,0.0,0.0024419899663843223,7.024060888779769,-0.24784665529114855,-2.964192573177892,0.0,0.031125564479758776,-0.43198587289503126,-0.6313844031215639,-0.02385000681317998,0.0,0.026018871712507528,0.041743376290722806,-0.43198587289503126,-0.6313844031215639,-0.02385000681317998,Biotechnology,Healthcare,ITRM
2018Q3,2018,Q3,2018-11-14,2018-09-30,-24905000.0,254000.0,-24986000.0,-26.618084935756418,0.0,1.0,116865000.0,94098000.0,112817000.0,8031000.0,22767000.0,0.0,-107536000.0,94874098.80000001,69817098.80000001,100.57051735599727,14.047690200473166,0.12442561930432551,0.15453038321749665,-0.23100208226656463,100.57051735599727,-0.2646708750451657,373.5200740157481,-0.9523599558321623,1.008247771472295,0.0,0.0,0.0,0.0021734479955504214,13.698045075333084,-0.2131091430282805,-3.4485877939733203,0.0,0.20151323377800154,-0.6492854575734843,-0.1355874046272523,0.0,0.0,-0.5815710929065854,-0.6197329184493712,-0.6492854575734843,-0.1355874046272523,0.0,Biotechnology,Healthcare,ITRM
2018Q2,2018,Q2,2018-08-14,2018-06-30,-15747000.0,185000.0,-15426000.0,-33.33566198184924,0.0,0.0,145470000.0,118530000.0,141713000.0,12290000.0,26940000.0,0.0,-82630000.0,75603938.85000001,5207938.850000009,250.92246235527978,11.530756712774613,0.09971128067642814,0.12237408251075677,-0.11645734382789406,250.92246235527978,-0.1328524424196406,408.6699397297298,-1.2002911483139647,0.6378464426727412,0.0,0.0,0.0,0.001271739877638001,11.006590724165989,-0.10824912353062487,-5.832737143187781,0.0,-0.38953702746365015,-1.6874701100029557,0.0,0.0,0.0,-0.2964762061584061,-0.26411538146357455,-1.6874701100029557,0.0,0.0,Biotechnology,Healthcare,ITRM
2018Q1,2018,Q1,2018-03-31,2018-03-31,-12146000.0,191000.0,-12203000.0,-23.99048123438459,0.0,0.0,68131000.0,59730000.0,65385000.0,8323000.0,8401000.0,0.0,-66883000.0,97586241.0,59328241.0,117.97726177402407,7.855941367295446,0.0,0.0,-0.2058107770666487,117.97726177402407,-0.2033484011384564,510.9227277486911,-2.008608616005269,1.6337894023103967,0.0,0.0,0.0,0.002803422817806872,7.225279346389523,-0.17827420704231553,-8.368599691278622,0.0,-0.3320903706953278,-1.0808634572554394,0.0,0.0,0.0,-0.33209037069532793,-0.32583659278574534,-1.0808634572554394,0.0,0.0,Biotechnology,Healthcare,ITRM
2017Q4,2017,Q4,2017-12-31,2017-12-31,-9118000.0,349000.0,-9204000.0,-18.009649917266483,0.0,0.0,46757000.0,39494000.0,44173000.0,7126000.0,7263000.0,0.0,-54737000.0,97586241.0,89101241.0,78.00760047720252,6.198849284310974,0.0,0.0,-0.23435890506581353,78.00760047720252,-0.23087051197650277,279.61673638968483,-2.6756481958762888,2.470913075403859,0.0,0.0,0.0,0.007464123019013196,5.5746561886051085,-0.1950082340612101,-9.595500589970502,0.0,-0.11589768694162286,0.0,0.0,0.0,0.0,-0.11589768694162281,-0.109450337512054,0.0,0.0,0.0,Biotechnology,Healthcare,ITRM
2017Q3,2017,Q3,2017-09-30,2017-09-30,-8171000.0,159000.0,-8296000.0,-16.13915874906607,0.0,0.0,,,,,,,,97586241.0,,,0.0,0.0,0.0,0.0,,0.0,613.7499433962264,-2.9857496328478765,0.0,0.0,0.0,0.0,0.0,0.0,0.0,-17.457288193202146,0.0,-0.30111464968152857,0.0,0.0,0.0,0.0,-0.3011146496815287,-0.29362232964291285,0.0,0.0,0.0,Biotechnology,Healthcare,ITRM
2017Q2,2017,Q2,2017-06-30,2017-06-30,-6280000.0,0.0,-6413000.0,-12.40410193906926,0.0,0.0,,,,,,,,97586241.0,,,0.0,0.0,0.0,0.0,,0.0,0.0,-3.884802587579618,0.0,0.0,0.0,0.0,0.0,0.0,0.0,-10.057326703081522,0.0,-0.07589515161898244,0.0,0.0,0.0,0.0,-0.07589515161898236,-0.15716347888848792,0.0,0.0,0.0,Biotechnology,Healthcare,ITRM
2017Q1,2017,Q1,2017-03-31,2017-03-31,-5837000.0,0.0,-5542000.0,-11.529099206743195,0.0,0.0,,,,,,,,97586241.0,,,0.0,0.0,0.0,0.0,,0.0,0.0,-4.179640268973788,0.0,0.0,0.0,0.0,0.0,0.0,0.0,-16.392783638501594,0.0,0.0,0.0,0.0,0.0,0.0,0.0,0.0,0.0,0.0,0.0,Biotechnology,Healthcare,ITRM
