Quarters,Year,Quarter,FillingDate,Date,NetIncome,Revenue,OperatingIncome,EPSDiluted,GrossProfit,GrossProfitRatio,TotalAssets,CommonStockEquity,CurrentAssets,CurrentLiability,TotalLiability,Inventory,RetainedEarnings,MarketCap,EnterpriseValue,bookValuePerShare,currentRatio,debtToAssets,debtToEquity,roic,shareholdersEquityPerShare,roe,priceToSalesRatio,peRatio,pbRatio,payoutRatio,inventoryTurnover,dividendYield,assetTurnover,quickRatio,returnOnAssets,priceToFreeCashFlowsRatio,grossProfitMargin,epsdilutedGrowth,fiveYNetIncomeGrowthPerShare,fiveYRevenueGrowthPerShare,fiveYShareholdersEquityGrowthPerShare,grossProfitGrowth,netIncomeGrowth,operatingIncomeGrowth,threeYNetIncomeGrowthPerShare,threeYRevenueGrowthPerShare,threeYShareholdersEquityGrowthPerShare,Industry,Sector,Symbol
2023Q1,2023,Q1,2023-04-24,2023-03-31,913686000000.0,2972599000000.0,3947702000000.0,3642.0,2972599000000.0,1.0,478079255000000.0,29659667000000.0,78777261000000.0,11861543000000.0,445475642000000.0,0.0,23859669000000.0,8268069321227.21,46334748321227.21,122271.50807801187,6.6414007857156525,0.14443997366085254,2.328203988264602,0.02970557311221997,122271.50807801187,0.03080567290253124,2.781427740918708,2.262284122014349,0.27876473870145646,0.0,0.0,0.0,0.0062177954155320965,6.6414007857156525,0.0019111601067065753,-2.355061351633008,1.0,0.8414865377322716,0.4480745152463934,0.5712719693838185,0.0,-0.02601509765573164,0.9037703022284268,0.3403854883829582,0.7784023027201091,0.31383191277935274,0.37079808361548705,Banks—Regional,Financial Services,WF
2022Q4,2022,Q4,2022-12-31,2022-12-31,479935000000.0,3051997000000.0,2945199000000.0,1977.75,3051997000000.0,1.0,480474396000000.0,28761897000000.0,75931226000000.0,6001858000000.0,448847054000000.0,0.0,23750152000000.0,8419309837837.785,41793490837837.78,118524.30066136771,12.651286651566899,0.1406803974628442,2.350099821301773,0.02219514036358492,118524.30066136771,0.016686486291220638,2.758623235159728,4.385651097459961,0.29272442766336954,0.0,0.0,0.0,0.006352049194313363,12.651286651566899,0.0009988773678587443,0.3466917720843379,1.0,-0.4533582089552239,2.3788224542489877,0.8203616147095738,0.20875058803681903,0.10282916429532869,-0.46662688053380097,0.03879431816137717,1.3432362220396314,0.6400130411296022,0.34816914081375544,Banks—Regional,Financial Services,WF
2022Q3,2022,Q3,2022-09-30,2022-09-30,899811000000.0,2767425000000.0,2835209000000.0,3618.0,2767425000000.0,1.0,502068934000000.0,28252573000000.0,59622203000000.0,13036448000000.0,470940520000000.0,0.0,23298284000000.0,7746258623358.545,80003792623358.55,116425.43802688814,4.573500619187067,0.1623969169938724,2.8859122671765154,0.01865348198560156,116425.43802688814,0.031848816035268714,2.7990852953046765,2.152190466486447,0.27417887295994403,0.12136882078569833,0.0,0.014098289937116799,0.005512041898214718,4.573500619187067,0.00179220608777997,-11.770908960633573,1.0,-0.025060630557801132,0.40693972951911034,0.3909817983077512,0.0,-0.039464084528062986,-0.024855160575066162,0.1834332394587246,0.7344427943631732,0.3453811432821589,0.2697436779575852,Banks—Regional,Financial Services,WF
2022Q2,2022,Q2,2022-06-30,2022-06-30,922746000000.0,2881126000000.0,2395749000000.0,3711.0,2881126000000.0,1.0,484945690000000.0,27026093000000.0,59451643000000.0,11230394000000.0,455439642000000.0,0.0,22540313000000.0,8906230970100.5,76979919970100.5,111371.26220965486,5.293816316684882,0.16102715543260113,2.8894085800711187,0.017209091375649216,111371.26220965486,0.03414278194040108,3.0912327229355814,2.4129692705523786,0.32954193453343406,0.0,0.0,0.0,0.005941131263585413,5.293816316684882,0.0019027821445325146,-0.8098146858258282,1.0,0.03176478765552235,0.20383088989759587,0.5173343873798718,0.0,0.05538070433782427,0.05762247957527577,0.14910366758838017,0.4106497792617932,0.33515923886731547,0.2983585514782894,Banks—Regional,Financial Services,WF
2022Q1,2022,Q1,2022-03-31,2022-03-31,872472000000.0,2729940000000.0,2084885000000.0,3596.75,2729940000000.0,1.0,465704306000000.0,26283259000000.0,63899301000000.0,9100531000000.0,436402995000000.0,0.0,21639489000000.0,11131050639364.316,70458826639364.31,108352.31950294581,7.0214914931886945,0.15543380867944992,2.7540798498390173,0.015768412235977036,108352.31950294581,0.03319497022800711,4.077397539639815,3.189515147581904,0.4235034414630361,0.0,0.0,0.0,0.005861959970797435,7.0214914931886945,0.0018734462807393497,1.9708893023151455,1.0,1.1696053179232593,0.38275563866147827,0.4430060025249491,0.0,0.0707032674816741,1.1777391721080692,0.6249583995498188,0.4022425022351965,0.3807443883018466,0.2771127958108701,Banks—Regional,Financial Services,WF
2021Q4,2021,Q4,2021-12-31,2021-12-31,400632000000.0,2549670000000.0,1283039000000.0,1657.79,2549670000000.0,1.0,444175695000000.0,25796927000000.0,55783952000000.0,7031366000000.0,418378768000000.0,0.0,21347472000000.0,9239198506714.973,70638499506714.97,106745.90468035048,7.933586731226905,0.1552654046052655,2.673385050862841,0.010115412405744305,106745.90468035048,0.015530221874876802,3.6236840480199293,5.765389750890451,0.35815112810587757,0.0,0.0,0.0,0.0057402285372683435,7.933586731226905,0.0009019674072891358,-30.252679286298907,1.0,-0.4732157610422625,1.8321872074418526,0.5270417585615558,0.08863055367473817,0.047596195131210946,-0.4852063250573732,0.0,1.8321872074418526,0.5270417585615558,0.08863055367473817,Banks—Regional,Financial Services,WF
2021Q3,2021,Q3,2021-09-30,2021-09-30,778238000000.0,2433829000000.0,0.0,3147.0,2433829000000.0,1.0,438184910000000.0,25315939000000.0,0.0,0.0,409870139000000.0,0.0,21019041000000.0,8241316678034.0,64562517678034.0,104755.60951068191,0.0,0.15381013463014964,2.662246895128006,0.0,104755.60951068191,0.030741028409019315,3.3861527157552973,2.6474281254686867,0.32553865286347866,0.1392131969911518,0.0,0.013146078986233689,0.005554342343737944,0.0,0.0017760492938928454,2.4474278133154437,1.0,0.028431372549019607,0.2218840650248681,0.22836949145437999,0.0,0.03672584597703794,0.03407277486563158,0.0,0.2218840650248681,0.22836949145437999,0.0,Banks—Regional,Financial Services,WF
2021Q2,2021,Q2,2021-06-30,2021-06-30,752595000000.0,2347611000000.0,0.0,3060.0,2347611000000.0,1.0,421270606000000.0,24559151000000.0,0.0,0.0,393110432000000.0,0.0,20398356000000.0,8249584213226.017,60692826213226.016,102046.33365367544,0.0,0.14920240601833018,2.5593143671782466,0.0,102046.33365367544,0.030644178212838057,3.5140337190556767,2.7403796906789233,0.3359067344480278,0.0,0.0,0.0,0.0055726912026708075,0.0,0.0017864882792225955,-1.332615065516438,1.0,0.13082039911308205,-0.00999173075122641,0.24663514475854192,0.0,0.03576541761542999,0.12815412312641375,0.0,-0.00999173075122641,0.24663514475854192,0.0,Banks—Regional,Financial Services,WF
2021Q1,2021,Q1,2021-03-31,2021-03-31,667103000000.0,2266547000000.0,0.0,2706.0,2266547000000.0,1.0,416104384000000.0,23512894000000.0,0.0,0.0,388926054000000.0,0.0,19627439000000.0,7357282534190.142,55713210534190.14,97699.00540484903,0.0,0.14300502298961598,2.5307398145034807,0.0,97699.00540484903,0.028371794641697444,3.246031312913494,2.7571763783816525,0.3129041679935333,0.0,0.0,0.0,0.005447063494529295,0.0,0.0016032106982078805,6.879295335676656,1.0,2.9113089731729875,0.06564338204547558,0.20754916890388414,0.0,0.1412542912587726,3.0065764975796085,0.0,0.06564338204547558,0.20754916890388414,0.0,Banks—Regional,Financial Services,WF
2020Q4,2020,Q4,2020-12-31,2020-12-31,166502000000.0,1986014000000.0,0.0,691.84,1986014000000.0,1.0,399081017000000.0,23053608000000.0,0.0,0.0,372355172000000.0,0.0,19268265000000.0,7147777724166.636,55437137724166.63,95790.61482577477,0.0,0.146036369853192,2.5280356549829426,0.0,95790.61482577477,0.007222383585250517,3.5990570681609677,10.732270069078202,0.31005028471754337,0.0,0.0,0.0,0.004976468224245304,0.0,0.00041721353035441424,3.567470981787083,1.0,-0.6424599483204133,0.18194314253498878,0.1944007133996408,-0.02309516822313759,0.03280994610808649,-0.6532653061224489,0.0,0.18194314253498878,0.1944007133996408,-0.02309516822313759,Banks—Regional,Financial Services,WF
2020Q3,2020,Q3,2020-09-30,2020-09-30,480200000000.0,1922923000000.0,0.0,1935.0,1922923000000.0,1.0,380838911000000.0,22753163000000.0,0.0,0.0,354630161000000.0,0.0,19116037000000.0,6187236190969.579,55420891190969.58,94542.22840091104,0.0,0.15242113482463981,2.5512012989139135,0.0,94542.22840091104,0.021104758050562025,3.2176203576376063,3.2211766925081107,0.27192861893397324,0.0,0.0,0.0,0.005049176815863755,0.0,0.0012609005701100747,-5.8355618892743495,1.0,2.56353591160221,-0.24292216246581164,-0.025455526610831294,0.0,0.05273003592455078,2.3734228791412595,0.0,-0.24292216246581164,-0.025455526610831294,0.0,Banks—Regional,Financial Services,WF
2020Q2,2020,Q2,2020-06-30,2020-06-30,142348000000.0,1826606000000.0,0.0,543.0,1826606000000.0,1.0,380077376000000.0,22301193000000.0,0.0,0.0,354325688000000.0,0.0,18652199000000.0,6402642653067.927,53483352653067.93,92664.23671376145,0.0,0.1487021658453041,2.5343186348819993,0.0,92664.23671376145,0.006382976910697109,3.5052127569207188,11.244700756364555,0.2870986611822931,0.0,0.0,0.0,0.00480587931653159,0.0,0.0003745237390820126,1.8426318536874773,1.0,-0.7436260623229461,-0.812746966016218,-0.030030428709517325,0.0,-0.1996047552067586,-0.7253114531392315,0.0,-0.812746966016218,-0.030030428709517325,0.0,Banks—Regional,Financial Services,WF
2020Q1,2020,Q1,2020-03-31,2020-03-31,518216000000.0,2282130000000.0,0.0,2118.0,2282130000000.0,1.0,378214148000000.0,21824115000000.0,0.0,0.0,352409156000000.0,0.0,18521993000000.0,5680778177552.997,50319445177553.0,89197.31471721943,0.0,0.14381403310169139,2.492311921926731,0.0,89197.31471721943,0.023745109480957188,2.4892438982674068,2.7405455338859652,0.2602982149586821,0.0,0.0,0.0,0.006033962537012233,0.0,0.0013701655602793579,-5.2781552192717305,1.0,1.5093894766773694,-0.18574412941800145,0.19594596089530417,0.0,0.2162667746783632,1.5093990605781802,0.0,-0.18574412941800145,0.19594596089530417,0.0,Banks—Regional,Financial Services,WF
2019Q4,2019,Q4,2019-12-31,2019-12-31,206510000000.0,1876340000000.0,0.0,844.03,1876340000000.0,1.0,361980724000000.0,21510370000000.0,0.0,0.0,336488392000000.0,0.0,18524515000000.0,8569066450691.105,55294832450691.11,87915.00789717409,0.0,0.14674353764760137,2.469429024233428,0.0,87915.00789717409,0.00960048571921357,4.566904958957921,10.373670101558165,0.39836908666336773,0.0,0.0,0.0,0.0051835356846239135,0.0,0.0005704999915962375,-19.217462324940808,1.0,-0.6026224105461394,0.4419470057986505,0.10996776797320565,-0.10341325027865814,-0.026293611650807885,-0.5750901732272448,0.0,0.4419470057986505,0.10996776797320565,-0.10341325027865814,Banks—Regional,Financial Services,WF
2019Q3,2019,Q3,2019-09-30,2019-09-30,486009000000.0,1927008000000.0,0.0,2124.0,1927008000000.0,1.0,370584200000000.0,20844666000000.0,0.0,0.0,346302876000000.0,0.0,18322070000000.0,8526717218030.815,57108350218030.81,91692.07931333149,0.0,0.15373150825102636,2.7330957473724933,0.0,91692.07931333149,0.023315748978659578,4.4248478563819225,4.386090184559759,0.40905991096383204,0.0,0.0,0.0,0.00519991947848829,0.0,0.0013114671375627994,-13.504739910753335,1.0,-0.21245828698553948,-0.18882321510310207,0.03389422785750217,0.0,-0.04395838284272114,-0.20456661958530212,0.0,-0.18882321510310207,0.03389422785750217,0.0,Banks—Regional,Financial Services,WF
2019Q2,2019,Q2,2019-06-30,2019-06-30,610999000000.0,2015611000000.0,0.0,2697.0,2015611000000.0,1.0,359401660000000.0,19443129000000.0,0.0,0.0,336563442000000.0,0.0,17839349000000.0,9695942307592.072,52844890307592.07,85778.51016797278,0.0,0.13908540099675668,2.5709608777476096,0.0,85778.51016797278,0.03142493165580499,4.810423393994214,3.9672496630894947,0.4986821980964109,,0.0,,0.0056082406519769555,0.0,0.001700045013704166,0.0,1.0,0.05146198830409357,-0.1466124990090933,0.13644451029459592,0.0,0.11537382471638527,0.07439918830854826,0.0,-0.1466124990090933,0.13644451029459592,0.0,Banks—Regional,Financial Services,WF
2019Q1,2019,Q1,2019-03-31,2019-03-31,568689000000.0,1807117000000.0,0.0,2565.0,1807117000000.0,1.0,345148958000000.0,18810330000000.0,0.0,0.0,322947111000000.0,0.0,17228567000000.0,9388658600004.85,49232708600004.85,84841.62077019225,0.0,0.12991803092738874,2.383853605970762,0.0,84841.62077019225,0.03023280293328187,5.195379491203309,4.127325568107018,0.4991224821683006,,0.0,,0.005235759686112105,0.0,0.0016476625144555702,0.0,1.0,3.382068541360576,-0.013896928343461162,0.04509278817325269,0.0,0.1797296785624289,3.3820814326223645,0.0,-0.013896928343461162,0.04509278817325269,0.0,Banks—Regional,Financial Services,WF
2018Q4,2018,Q4,2018-12-31,2018-12-31,129776000000.0,1531806000000.0,0.0,585.34,1531806000000.0,1.0,340447183000000.0,21739931000000.0,0.0,0.0,318494139000000.0,0.0,17124657000000.0,10456800709119.547,53327697709119.55,98055.2165470859,0.0,0.14574592911229933,2.282380335061781,0.0,98055.2165470859,0.005969476168070634,6.826452376553916,20.143941693994936,0.4809951194932287,0.0,0.0,0.0,0.004499393963262725,0.0,0.0003811927561168864,1.697324274670113,1.0,-0.7631636364980562,0.0,0.0,0.0,-0.1759247005355016,-0.7828118514948254,0.0,0.0,0.0,0.0,Banks—Regional,Financial Services,WF
2018Q3,2018,Q3,2018-09-30,2018-09-30,597528000000.0,1858818000000.0,0.0,2471.495472,1858818000000.0,1.0,,,,,,,,11589710642026.088,,,0.0,0.0,0.0,0.0,,0.0,6.234989462134586,4.849024080054026,0.0,,0.0,,0.0,0.0,0.0,0.0,1.0,-0.2175568124760581,0.0,0.0,0.0,0.047788099479154925,-0.16562916293137395,0.0,0.0,0.0,0.0,Banks—Regional,Financial Services,WF
2018Q2,2018,Q2,2018-06-30,2018-06-30,716142000000.0,1774040000000.0,0.0,3158.69,1774040000000.0,1.0,,,,,,,,11170598093781.072,,,0.0,0.0,0.0,0.0,,0.0,6.296700240006467,3.899575117009291,0.0,,0.0,,0.0,0.0,0.0,0.0,1.0,0.2143446043281763,0.0,0.0,0.0,0.003290878232981058,0.2143433672015953,0.0,0.0,0.0,0.0,Banks—Regional,Financial Services,WF
2018Q1,2018,Q1,2018-03-31,2018-03-31,589736000000.0,1768221000000.0,0.0,2601.147968,1768221000000.0,1.0,,,,,,,,9960992643438.898,,,0.0,0.0,0.0,0.0,,0.0,5.633341445124167,4.222649051202105,0.0,,0.0,,0.0,0.0,0.0,0.0,1.0,0.0,0.0,0.0,0.0,0.0,0.0,0.0,0.0,0.0,0.0,Banks—Regional,Financial Services,WF
