Quarters,Year,Quarter,FillingDate,Date,NetIncome,Revenue,OperatingIncome,EPSDiluted,GrossProfit,GrossProfitRatio,TotalAssets,CommonStockEquity,CurrentAssets,CurrentLiability,TotalLiability,Inventory,RetainedEarnings,MarketCap,EnterpriseValue,bookValuePerShare,currentRatio,debtToAssets,debtToEquity,roic,shareholdersEquityPerShare,roe,priceToSalesRatio,peRatio,pbRatio,payoutRatio,inventoryTurnover,dividendYield,assetTurnover,quickRatio,returnOnAssets,priceToFreeCashFlowsRatio,grossProfitMargin,epsdilutedGrowth,fiveYNetIncomeGrowthPerShare,fiveYRevenueGrowthPerShare,fiveYShareholdersEquityGrowthPerShare,grossProfitGrowth,netIncomeGrowth,operatingIncomeGrowth,threeYNetIncomeGrowthPerShare,threeYRevenueGrowthPerShare,threeYShareholdersEquityGrowthPerShare,Industry,Sector,Symbol
2023Q2,2023,Q2,2023-06-29,2023-05-27,2076000.0,100519000.0,454000.0,0.24,52833000.0,0.525602125,374325000.0,193185000.0,169379000.0,79689000.0,181140000.0,70332000.0,149393000.0,0.0,53576000.0,0.0,2.1255003827378935,0.2889975288853269,0.5599761886274814,0.0009046208385333693,0.0,0.010746175945337371,0.0,0.0,0.0,0.6796724470134875,0.6780128533242337,,0.2685340279169171,1.1325527990061364,0.005545982768984171,0.0,0.5256021249713985,0.4999999999999999,-1.0,-1.0,-1.0,-0.07629770792174415,0.4366782006920415,-0.8319763138415989,1.0,-1.0,-1.0,"Furnishings, Fixtures & Appliances",Consumer Cyclical,BSET
2023Q1,2023,Q1,2023-03-30,2023-02-25,1445000.0,107698000.0,2702000.0,0.16,57197000.0,0.5310869283,391617000.0,193860000.0,183746000.0,90580000.0,197757000.0,79011000.0,149611000.0,170058437.49999997,227731437.49999997,21.465467128027683,2.0285493486420845,0.2874364493880501,0.5806509852470855,0.0040745848807738905,21.465467128027683,0.0074538326627463115,1.5790305994540286,29.421874999999996,0.8772229314969564,0.9833910034602076,0.6391641670147195,0.008355951171196667,0.27500849043836195,1.022654007507176,0.003689829603924242,-61.21614020878329,0.5310869282623633,-0.7090909090909091,2.8727670536692225,0.1556573289386219,0.21328118624143894,-0.10956643574375341,-0.7124950258654994,-0.34512845370819195,0.3259143140495869,0.06649182691900782,0.2367220843126386,"Furnishings, Fixtures & Appliances",Consumer Cyclical,BSET
2022Q4,2022,Q4,2023-01-24,2022-11-26,5026000.0,121019000.0,4126000.0,0.55,64235000.0,0.5307844223,406273000.0,195609000.0,196495000.0,100827000.0,210664000.0,85477000.0,150800000.0,170152948.84,224823948.84,21.405680035700755,1.9488331498507345,0.2862508707199346,0.5945329713867972,0.006904107062774485,21.405680035700755,0.02569411427899534,1.4060019405217363,8.463636532033426,0.8698625770797868,0.2841225626740947,0.664319056588322,0.008392449321244451,0.2978760587092915,0.9871463000981879,0.012370991919226727,32.13464567327668,0.5307844222807989,-0.32926829268292673,0.19565209724001512,0.21124602248791619,0.20892373691775729,0.0569834792338577,-0.3411116937598322,1.7840755735492577,2.078431372081291,0.17408064578723725,0.2069834755497151,"Furnishings, Fixtures & Appliances",Consumer Cyclical,BSET
2022Q3,2022,Q3,2022-09-29,2022-08-27,7628000.0,118012000.0,1482000.0,0.82,60772000.0,0.5149645799,402687000.0,194939000.0,213747000.0,110024000.0,207748000.0,91681000.0,150553000.0,177557915.7,214758915.7,21.10143929787074,1.9427306769432124,0.25844141976274376,0.5338644396452223,0.0028357646866211655,21.10143929787074,0.03913018944387731,1.504575091516117,5.819281453198741,0.9108383427636336,0.20503408495018352,0.624338739760692,0.008808393553360461,0.29306136031210345,1.0085254126372427,0.018942752063016686,-22.25873332079729,0.5149645798732332,0.012345679012345552,0.920240234965128,0.19053913067012415,0.17816022749085061,-0.07836030270401431,-0.014852124499547979,-0.8654195423174719,2.909270344488071,0.19225346957916342,0.1715033943800581,"Furnishings, Fixtures & Appliances",Consumer Cyclical,BSET
2022Q2,2022,Q2,2022-06-30,2022-05-28,7743000.0,128706000.0,11012000.0,0.81,65939000.0,0.5123226578,413753000.0,190141000.0,221722000.0,121086000.0,223612000.0,92865000.0,145471000.0,158335643.54999998,195819643.54999998,19.97051806595572,1.8311117717985563,0.2636693872914517,0.5737531621270531,0.02010753049371871,19.97051806595572,0.04072241126322045,1.230211828119901,5.11221889287098,0.8327275208923903,2.0400361616944336,0.6758951165670597,0.099762754903711,0.3110696478333692,0.94052987133112,0.018714063704674044,-7.18857911332062,0.5123226578403494,0.840909090909091,0.48228137837571927,0.2612493306868545,0.13723954003472288,0.14890317634554737,0.8044744814728502,0.6999073788206237,18.067444603214863,0.3036317149062857,0.11324834893626237,"Furnishings, Fixtures & Appliances",Consumer Cyclical,BSET
2022Q1,2022,Q1,2022-03-31,2022-02-26,4291000.0,117864000.0,6478000.0,0.44,57393000.0,0.4869425779,424057000.0,166423000.0,236477000.0,150344000.0,257634000.0,81679000.0,119557000.0,168097447.67999998,249601447.67999998,17.06826938539749,1.57290613526313,0.2673791495011284,0.681300060688727,0.012086881614535092,17.06826938539749,0.025783695763205806,1.4261983954388107,9.793605667676532,1.010061395840719,0.32020508040083895,0.7403494166187147,0.008173830233375262,0.27794376699358814,0.5447107965731921,0.010118922691996594,380.3109676018099,0.4869425778863775,-0.15384615384615388,0.6326049571205348,0.21159780805937806,-0.00740543093255743,-0.018352546779324734,-0.14878000396746677,1.181144781144781,6.567074853304205,0.045779104552621096,-0.055910542511089914,"Furnishings, Fixtures & Appliances",Consumer Cyclical,BSET
2021Q4,2021,Q4,2022-01-31,2021-11-27,5041000.0,129896000.0,2970000.0,0.52,58466000.0,0.4500985404,421660000.0,162732000.0,180284000.0,134219000.0,258928000.0,78004000.0,115631000.0,162766138.48999998,261926138.48999998,16.786478473640663,1.3432077425699789,0.31668642982497747,0.8205761620332818,0.0054719245608395115,16.786478473640663,0.030977312390924956,1.2530496588809508,8.07211557677048,1.0002097835090824,0.2713747272366594,0.915722270652787,0.008404696533880398,0.30805862543281315,0.6603834032439521,0.011955129725371152,-59.77456426367976,0.45009854037075814,0.6774193548387097,0.10638299843978029,0.26402863836790097,-0.00286775819909113,0.12173596055332783,0.6714190981432361,-0.33853006681514475,1.8888888505769137,0.21060836395310367,-0.07040217049856612,"Furnishings, Fixtures & Appliances",Consumer Cyclical,BSET
2021Q3,2021,Q3,2021-09-30,2021-08-28,3016000.0,118906000.0,4490000.0,0.31,52121000.0,0.4383378467,416033000.0,159447000.0,176811000.0,134252000.0,256586000.0,73827000.0,111958000.0,216234208.07999998,308636208.08,16.30349425885344,1.3170083127253225,0.31491011530335333,0.8216711509153511,0.007755199714818776,16.30349425885344,0.018915376269230528,1.8185306719593628,17.923923083554374,1.3561509973847108,0.4532493368700265,0.9046148428081867,0.006321848943966591,0.2858090584160391,0.6694350922146411,0.007249424925426589,-106.46686759231905,0.4383378467024372,-0.48333333333333334,-0.20485788074202133,0.24691182193743516,-0.03887507113445149,-0.10721137375813634,-0.49514563106796117,-0.06788457546190575,0.11694939959067881,0.1481058395595043,-0.09404967667737889,"Furnishings, Fixtures & Appliances",Consumer Cyclical,BSET
2021Q2,2021,Q2,2021-07-01,2021-05-29,5974000.0,124059000.0,4817000.0,0.6,58380000.0,0.4705825454,418479000.0,160262000.0,176471000.0,130449000.0,258217000.0,67301000.0,112325000.0,299708251.83,391122251.83,16.196871291863754,1.3527968784735798,0.32783007032610956,0.8560357414733374,0.0082276568973113,16.196871291863754,0.03727645979708228,2.415852552656397,12.54219333068296,1.8701142618337474,0.20689655172413793,0.9758993179893315,0.004124010575127847,0.29645215172087486,0.7448274804712953,0.014275507253649527,66.92904239169272,0.4705825454017846,0.4999999999999999,0.9204594370786179,0.26560094018222136,-0.0361457481888711,-0.10762599165405604,0.4894041386187983,-0.19996678292642417,0.5064001799847039,0.1469588742679644,-0.09771565252575287,"Furnishings, Fixtures & Appliances",Consumer Cyclical,BSET
2021Q1,2021,Q1,2021-04-01,2021-02-27,4011000.0,113673000.0,6021000.0,0.4,65421000.0,0.5755192526,408961000.0,157701000.0,171033000.0,127440000.0,251260000.0,62936000.0,109493000.0,209599415.34,297644415.34000003,15.898050691575941,1.3420668549905839,0.3254051119788929,0.8438627529311798,0.010024156999413699,15.898050691575941,0.025434207772937395,1.8438803879549233,13.064037356020942,1.3290937618658094,0.9269508850660683,0.7666836151010551,0.01773859909851789,0.27795559967820893,0.7556418706842436,0.009807781182068705,51.25933366104182,0.575519252592964,-0.3846153846153846,0.34784774824744513,0.1558926770069999,-0.03844413517592894,-0.0373035493554653,-0.3869784502521779,-0.4008359040700567,5.732884105525119,0.11054473101583452,-0.10140293304792829,"Furnishings, Fixtures & Appliances",Consumer Cyclical,BSET
2020Q4,2020,Q4,2021-01-21,2020-11-28,6543000.0,118383000.0,10049000.0,0.65,67956000.0,0.5740351233,402549000.0,158030000.0,160678000.0,118371000.0,244519000.0,54886000.0,109710000.0,166796171.78,260047171.78,15.699143883552745,1.3574101764790363,0.3454237869178659,0.8798962222362843,0.015203629826520577,15.699143883552745,0.0414035309751313,1.4089537499472053,6.373077020479902,1.0554715672973487,0.18920984257985635,0.9187588820464235,0.007422232697479959,0.29408345319451795,0.8069544060622956,0.016253921882801847,10.84712049034272,0.5740351232862827,1.9545454545454548,0.2264151079720187,0.09109458519987794,-0.051077008641354504,0.27878662426375117,2.0041322314049586,39.20912547528517,0.4130433941657007,0.0756336458365543,-0.11336301119793778,"Furnishings, Fixtures & Appliances",Consumer Cyclical,BSET
2020Q3,2020,Q3,2020-10-01,2020-08-29,2178000.0,91559000.0,-263000.0,0.22,53141000.0,0.5804017082,394316000.0,153464000.0,145918000.0,110484000.0,240852000.0,58601000.0,104743000.0,126234243.75999999,240425243.76,15.415179447659568,1.3207161217913905,0.36828330577506363,0.9462805609133087,-0.00037468078605186695,15.415179447659568,0.014192253557837669,1.3787202105746021,14.489697401285582,0.8225658379815461,0.9403122130394858,0.6555860821487688,0.01622380694016525,0.23219701964921535,0.7045092502081749,0.005523488775499853,5.534890330161792,0.5804017081881628,1.107843137254902,-0.44530080134328154,-0.10390193397072442,-0.053066535171916895,0.5470901627412734,1.1070165094339623,0.6788766788766789,-0.4912182998587922,-0.14286886619205333,-0.13932167998135137,"Furnishings, Fixtures & Appliances",Consumer Cyclical,BSET
2020Q2,2020,Q2,2020-07-09,2020-05-30,-20352000.0,63801000.0,-819000.0,-2.04,34349000.0,0.5383771414,386973000.0,152181000.0,129143000.0,95807000.0,234792000.0,62483000.0,103391000.0,63724640.0,207334640.0,15.283858802497747,1.3479495235212458,0.4006610280303794,1.0188196949684916,-0.0011270049041920483,15.283858802497747,-0.13373548603307903,0.9988031535555869,-0.7827810534591195,0.4187424185673639,-9.827044025157233e-05,0.47136020997711375,3.138503410925507e-05,0.1648719678117078,0.6077635245858862,-0.05259281655309285,-66.72737172774869,0.5383771414241156,-18.000000000000004,-5.819249302260312,-0.38663237184928356,-0.049815448801282664,-0.4861780104712042,-17.8198347107438,-1.3705882352941177,-4.725525265814606,-0.4021549097836816,-0.1296465871789904,"Furnishings, Fixtures & Appliances",Consumer Cyclical,BSET
2020Q1,2020,Q1,2020-04-02,2020-02-29,1210000.0,112120000.0,2210000.0,0.12,66850000.0,0.5962361755,415234000.0,174040000.0,131759000.0,96308000.0,241194000.0,67515000.0,125078000.0,98968730.49,248273730.49,17.356742796388275,1.3681002616605058,0.38892287240447554,0.9279131234199035,0.002911352699493408,17.356742796388275,0.006952424729947139,0.8827036254905458,20.44808481198347,0.5686550821075614,1.0413223140495869,0.670517662741613,0.012731293952763323,0.2700164244739111,0.5510549487062342,0.0029140195648718554,-15.03398609904299,0.5962361755262219,1.2352941176470589,-0.7882957016182544,0.25892932365770027,0.09445203009350639,-0.02188862552307377,1.23550019462826,-0.608503100088574,-0.5523372299629523,0.120736208626725,0.009370560505378635,"Furnishings, Fixtures & Appliances",Consumer Cyclical,BSET
2019Q4,2019,Q4,2020-01-23,2019-11-30,-5138000.0,113637000.0,5645000.0,-0.51,68346000.0,0.6014414319,275766000.0,178670000.0,136786000.0,72271000.0,97096000.0,66302000.0,129130000.0,153334042.20000002,133647042.20000002,17.734857576199737,1.8926817118899697,0.0,0.0,0.026081755827081648,17.734857576199737,-0.028756926176750432,1.3493320151007155,-7.460784458933438,0.8581969116247831,-0.24639937718956792,0.6831015655636331,0.008256483569047917,0.41207763103500794,0.809467144497793,-0.018631738502933648,29.808328576982895,0.6014414319279812,-3.4285714285714284,-2.457142788850078,0.24153779619851476,0.17895935089899812,0.01746237327497655,-3.382012053778396,0.6602941176470588,-2.0851064070274425,0.06407031525279476,0.053466831696985365,"Furnishings, Fixtures & Appliances",Consumer Cyclical,BSET
2019Q3,2019,Q3,2019-10-03,2019-08-31,2157000.0,109419000.0,3400000.0,0.21,67173000.0,0.6139061772,275416000.0,183946000.0,131803000.0,65714000.0,91470000.0,65465000.0,135533000.0,124385314.61999999,110039314.61999999,18.012273288407588,2.0057065465502024,0.0,0.0,0.012852775458174684,18.012273288407588,0.011726267491546432,1.1367798519452745,14.416471328233657,0.6762055963163103,0.5859990727862773,0.6453219277476514,0.010161971321627068,0.3972862869259593,0.8053230666220288,0.007831789002817556,27.3675059669967,0.6139061771721548,4.249999999999999,-0.019195524863064365,0.317637372528978,0.20049868810051485,0.02304294852269266,3.847191011235955,3.850213980028531,-0.45540029259095816,0.09885035034427263,0.061861010171266766,"Furnishings, Fixtures & Appliances",Consumer Cyclical,BSET
2019Q2,2019,Q2,2019-07-02,2019-06-01,445000.0,108190000.0,701000.0,0.04,65660000.0,0.6068952768,280501000.0,187166000.0,136497000.0,67463000.0,93335000.0,66715000.0,137127000.0,153267997.48,141758997.48,17.938960417087586,2.02328683871159,0.0,0.0,0.0029976179342048304,17.938960417087586,0.002377568575489138,1.4166558598761436,86.10561656179775,0.8188880324417896,2.948314606741573,0.6374878213295361,0.008560169256280675,0.38570272476746964,0.8171886812030298,0.001586447107140438,38.02232634085834,0.606895276827803,-0.3333333333333333,-0.8224117685619411,0.2929705197328602,0.2113773025983326,-0.0837798615762447,-0.2680921052631579,-0.2613277133825079,-0.8643344214753121,0.04670758958408218,0.06752365685384229,"Furnishings, Fixtures & Appliances",Consumer Cyclical,BSET
2019Q1,2019,Q1,2019-04-04,2019-03-02,608000.0,120841000.0,949000.0,0.06,71664000.0,0.5930437517,282035000.0,189005000.0,137069000.0,73277000.0,93030000.0,66678000.0,138687000.0,209086960.0,199283960.0,18.079080589243826,1.870559657191206,0.0,0.0,0.00369586799431943,18.079080589243826,0.003216846115182138,1.7302650590445297,85.97325657894737,1.106250945742176,2.1233552631578947,0.737529619964606,0.006174464442928435,0.42846100661265446,0.762190045989874,0.0021557608098285675,-9.822745466503806,0.5930437517067882,-0.6666666666666666,-0.2623953891475367,0.6336921388758019,0.22587744509837335,0.011974694984184365,-0.6794939377965208,2.1217105263157894,-0.806141266134754,0.16591829818851253,0.09347028188970877,"Furnishings, Fixtures & Appliances",Consumer Cyclical,BSET
2018Q4,2018,Q4,2019-01-17,2018-11-24,1897000.0,116647000.0,304000.0,0.18,70816000.0,0.6070966249,291641000.0,190309000.0,148547000.0,81819000.0,101332000.0,64192000.0,140009000.0,213623280.03,180447280.03,18.05778578747722,1.8155562888815557,0.0010012309654678184,0.0015343467728798953,0.0019892369863897174,18.05778578747722,0.009967999411483429,1.8313654018534553,28.15277807459146,1.122507501116605,0.7053241960991038,0.7139674725822532,0.006263362306823952,0.39996776859220756,0.9186863686918686,0.006504572402371409,17.81233052864171,0.6070966248596192,-0.3571428571428572,0.19999995001179324,0.42758167200496044,0.2290216721020441,0.039348352535407645,-0.3558573853989813,-0.9296947271045328,-0.6603773531054441,0.02686977933111393,0.09148933431449847,"Furnishings, Fixtures & Appliances",Consumer Cyclical,BSET
2018Q3,2018,Q3,2018-09-27,2018-08-25,2945000.0,112956000.0,4324000.0,0.28,68135000.0,0.6031994759,284484000.0,191955000.0,140341000.0,72288000.0,92529000.0,63726000.0,141505000.0,255996696.0,230669696.0,17.996013511049377,1.9414148959716688,0.001532599372899706,0.002271365684665677,0.017272719962931265,17.996013511049377,0.015342137480138573,2.266339955380856,21.731468251273345,1.3336286942252091,0.45432937181663835,0.7033392963625522,0.005226629956192872,0.3970557219386679,0.9391738601150952,0.010352076039425768,41.051426555484284,0.6031994759021212,-0.3,4.334550181940713,0.47451574170926475,0.21133627812812858,-0.0446578799775659,-0.3133597575192352,0.8973233874506362,-0.2999649699856575,0.031807344023219865,0.10547058404164485,"Furnishings, Fixtures & Appliances",Consumer Cyclical,BSET
2018Q2,2018,Q2,2018-06-28,2018-05-26,4289000.0,116980000.0,2279000.0,0.4,71320000.0,0.6096768678,281348000.0,192096000.0,138918000.0,69830000.0,89252000.0,62086000.0,140934000.0,301237485.09999996,279229485.09999996,17.950961176710475,1.9893741944722898,0.0019228855367729644,0.0028163001832417125,0.009344602575110234,17.950961176710475,0.022327377977677827,2.5751195512053338,17.558724941711354,1.5681611543186738,0.275588715318256,0.7354314982443707,0.003923814460234319,0.41578401126007647,0.949348417585565,0.015244465928316533,-121.71211519191918,0.6096768678406566,5.683840749414521,1.198481734183681,0.441788806471866,0.2063382383590059,0.064429950897721,5.697699890470975,0.11170731707317073,-0.055014492535647795,0.04640976863363108,0.1159960458736223,"Furnishings, Fixtures & Appliances",Consumer Cyclical,BSET
2018Q1,2018,Q1,2018-03-28,2018-02-24,-913000.0,110272000.0,2050000.0,-0.0854,67003000.0,0.6076157139,286665000.0,189066000.0,142257000.0,78245000.0,97599000.0,63669000.0,137827000.0,363874541.84999996,340209541.84999996,17.692079438340624,1.8180970030033867,0.0022500130814714038,0.003411507092761258,-0.006933096183030598,17.692079438340624,-0.004829001512699269,3.29979089750798,-99.63705965224534,1.9245900471264001,-5.412924424972617,0.6795928945012486,0.013581604183887206,0.38467200390699946,0.8815643172087674,-0.003184902237803708,-67.92505914691058,0.607615713871155,-1.1856521739130435,-1.932691786497065,0.3825766576224271,0.19818539290319478,-0.08019768000549111,-1.1835544833132288,-0.726447824926608,-1.1498861051726728,0.1617958028983525,0.11559711894196578,"Furnishings, Fixtures & Appliances",Consumer Cyclical,BSET
2017Q4,2017,Q4,2018-01-18,2017-11-25,4974000.0,118225000.0,7494000.0,0.46,72845000.0,0.6161556354,293748000.0,191460000.0,159382000.0,83356000.0,102288000.0,54476000.0,139378000.0,423330633.45,373115633.45,17.706394028027077,1.912063918614137,0.01271157590860193,0.019502768202235454,0.023393931250643145,17.706394028027077,0.025979316828580384,3.580720096849228,21.277172971954162,2.2110656714196177,0.23743466023321272,0.8330273882076511,0.0027897815718537864,0.4024708253332789,1.1602524113441144,0.0169328812451489,24.897408307357523,0.6161556354408966,0.06976744186046518,-0.7070063684329383,0.5318510906160039,0.21154864090871892,0.05662813130067739,0.08626337628303123,0.9185867895545314,0.31428573639887153,0.2034429591239857,0.17706718085287632,"Furnishings, Fixtures & Appliances",Consumer Cyclical,BSET
2017Q3,2017,Q3,2017-09-28,2017-08-26,4579000.0,114261000.0,3906000.0,0.43,68941000.0,0.6033642275,279756000.0,190726000.0,145692000.0,70315000.0,89030000.0,57748000.0,139345000.0,367384876.5,334787876.5,17.910500461224075,2.0719903292327384,0.01394071977008536,0.020448182209032852,0.013763238927911198,17.910500461224075,0.024008263162861906,3.2153129808070995,20.058139140642062,1.9262443321833416,0.257916575671544,0.784789083604627,0.0032146124556109755,0.4084309183717239,1.1254497617862476,0.01636783482749253,103.16901895534961,0.6033642275141999,-0.20370370370370378,1.047619053320495,0.880035459661726,0.3013081134999572,-0.002935901885919241,-0.21619308456008215,-0.27893668081964185,0.9967448752388216,0.3195347289094098,0.19371563836760192,"Furnishings, Fixtures & Appliances",Consumer Cyclical,BSET
2017Q2,2017,Q2,2017-06-29,2017-05-27,5842000.0,114125000.0,5417000.0,0.54,69144000.0,0.6058619934,277096000.0,186985000.0,139101000.0,71589000.0,90111000.0,58093000.0,135947000.0,307728153.7,281907153.7,17.560520332722486,1.9430499099023593,0.014352426595836822,0.02126908575554189,0.018200925984733926,17.560520332722486,0.03124314784608391,2.6964131759036145,13.168784393187265,1.6457371109982082,0.18366997603560425,0.7742929440724355,0.0034868437843553735,0.41186087132257415,1.011454273701267,0.02108294598261974,79.86715642356604,0.6058619934282585,1.0,-0.23799179003029466,0.7747420886955447,0.24493813728383304,0.08047629465262368,1.0419433764418036,0.16144939965694682,1.2844203634526046,0.3364188467356369,0.1858221021890267,"Furnishings, Fixtures & Appliances",Consumer Cyclical,BSET
2017Q1,2017,Q1,2017-03-30,2017-02-25,2861000.0,105892000.0,4664000.0,0.27,63994000.0,0.6043327164,269649000.0,182508000.0,130158000.0,69864000.0,87141000.0,55473000.0,131178000.0,285506889.09999996,266041889.09999996,17.195610289741342,1.8630195809000343,0.015030650957355673,0.022207245709777106,0.018195018217586595,17.195610289741342,0.015676025160540907,2.696208298077286,24.948172763019922,1.5643527357704865,1.4994757077944774,0.7552863555243091,0.015025907127927163,0.39270310663121316,0.9319964502461926,0.01061008941253259,-80.81146026040192,0.6043327163525101,-0.42553191489361697,6.047434622539125,0.8262503269616963,0.27621163219352113,-0.09565733504797705,-0.4329038652130823,-0.13405124396583737,2.418775177742418,0.4101058047015409,0.16597250091560622,"Furnishings, Fixtures & Appliances",Consumer Cyclical,BSET
2016Q4,2016,Q4,2017-01-19,2016-11-26,5045000.0,113786000.0,5386000.0,0.47,70763000.0,0.621895488,278267000.0,180705000.0,140569000.0,77013000.0,97562000.0,53215000.0,129388000.0,317190970.65000004,289157970.65000004,16.834756484579017,1.8252632672405957,0.025554593250367453,0.03935142912481669,0.017026654143494534,16.834756484579017,0.027918430591295205,2.787609817112826,15.718085760654112,1.7552971453473893,0.21268582755203172,0.8084750540261204,0.0033828201282059414,0.40890942871414865,0.9949878591926038,0.01813006932191025,18.072529807418384,0.6218954880213735,0.2368421052631578,7.286240729331756,0.8699006785118658,0.2324961175108876,0.09504650191114343,0.2112845138055222,-0.2856763925729443,2.1333331054170315,0.36724933272623295,0.14578170367135532,"Furnishings, Fixtures & Appliances",Consumer Cyclical,BSET
2016Q3,2016,Q3,2016-09-29,2016-08-27,4165000.0,104712000.0,7540000.0,0.38,64621000.0,0.6171307969,275499000.0,182165000.0,135410000.0,67708000.0,93334000.0,53413000.0,128635000.0,264716497.89999998,250745497.89999998,16.962929343740008,1.999911384179122,0.051107263547236104,0.0772925644333434,0.023215576496302587,16.962929343740008,0.022863887135289435,2.528043566162426,15.889345612244897,1.4531688189278948,0.2624249699879952,0.7505850635613053,0.0041289455272745966,0.380081234414644,1.0409109706386246,0.015118022206977158,84.9539466944801,0.6171307968523188,0.22580645161290325,9.65338328020553,0.8797250790059883,0.2248418080809141,0.005805628190760802,0.23042836041358936,0.28822825901247223,6.493531632263911,0.35767429885171403,0.14179797013267878,"Furnishings, Fixtures & Appliances",Consumer Cyclical,BSET
2016Q2,2016,Q2,2016-06-30,2016-05-28,3385000.0,106667000.0,5853000.0,0.31,64248000.0,0.6023231177,276247000.0,180933000.0,134921000.0,69289000.0,95314000.0,54834000.0,125563000.0,301262954.36,287194954.36,16.804274361428657,1.9472210596198531,0.05668115852841841,0.08654032155549292,0.019185192648092795,16.804274361428657,0.01870858273504557,2.8243313710894653,22.24984891875923,1.6650525573554853,0.29512555391432793,0.7735893788525368,0.003316039976180495,0.3861290801348069,1.0367879461386367,0.012253526735131965,99.03450176199868,0.602323117740257,0.03333333333333337,-0.9421022162157415,0.7221655700153429,0.209839482391293,-0.009847889407739608,0.04669140383426098,0.010706268347435675,0.7244796823749869,0.30663024488985247,0.1292787350221458,"Furnishings, Fixtures & Appliances",Consumer Cyclical,BSET
2016Q1,2016,Q1,2016-03-31,2016-02-27,3234000.0,106873000.0,5791000.0,0.3,64887000.0,0.6071411863,273654000.0,178233000.0,133642000.0,71036000.0,95421000.0,57539000.0,123176000.0,326310600.0,314845600.0,16.533673469387754,1.8813277774649473,0.049873197541420916,0.07657392289867758,0.019011034195333298,16.533673469387754,0.01814478800222181,3.0532557334406256,25.225,1.8308091094241807,0.9727891156462585,0.7296963798467127,0.009641121066860837,0.39054060967499105,0.9569654822906695,0.011817842969589336,-53.075894599869876,0.6071411862678132,-0.42307692307692313,1.418090321017565,0.7747918353085268,0.9389090213476268,-0.07224764083500143,-0.43083421330517424,0.10409914204003813,2.2750895918367346,0.32833545266830305,0.11973304840132187,"Furnishings, Fixtures & Appliances",Consumer Cyclical,BSET
2015Q4,2015,Q4,2016-01-21,2015-11-28,5682000.0,115555000.0,5245000.0,0.52,69940000.0,0.6052529099,282543000.0,177366000.0,147284000.0,79850000.0,105177000.0,59896000.0,120904000.0,340491178.8,317996178.8,16.544170629773742,1.8445084533500313,0.04874656247013729,0.07765298873515782,0.019492238454060836,16.544170629773742,0.0320354521159636,2.946572444290598,14.98113247096093,1.9197094076655055,0.17247448081661387,0.7615700547615868,0.0028781949754288316,0.4089819956608375,1.00926737633062,0.020110213312663914,18.52509133841132,0.605252909869759,0.3333333333333333,2.1413495100643294,0.8790770897989709,0.790429583651209,0.05670297792617886,0.3319268635724332,-0.31812272490899635,-0.6624204048635207,0.5101445794235607,0.13202425122455708,"Furnishings, Fixtures & Appliances",Consumer Cyclical,BSET
2015Q3,2015,Q3,2015-10-01,2015-08-29,4266000.0,111011000.0,7692000.0,0.39,66187000.0,0.5962201944,270617000.0,176079000.0,142398000.0,68839000.0,94538000.0,65437000.0,118386000.0,313348008.21,307584008.21,16.279052351854745,2.068565783930621,0.05482286774297254,0.08425763435730553,0.023805805298481295,16.279052351854745,0.024227761402552263,2.8226753043392097,18.363104091068916,1.7795876181145962,0.24120956399437413,0.6849947277534116,0.003283888753204978,0.41021443590018364,0.9191010909513503,0.01576397639468326,-259.1794939702233,0.5962201943951501,-0.07142857142857137,2.9128907141959792,1.014005987252353,0.7817827793493373,0.02405928951602921,-0.05807021417531464,0.1456657730116175,0.8781189980313194,0.7982818914892666,0.18277336534633806,"Furnishings, Fixtures & Appliances",Consumer Cyclical,BSET
2015Q2,2015,Q2,2015-07-01,2015-05-30,4529000.0,111553000.0,6714000.0,0.42,64632000.0,0.5793837907,271983000.0,171762000.0,144669000.0,74319000.0,100221000.0,62978000.0,115149000.0,302836531.28,295545531.28,16.085147651807432,1.9465950833568806,0.05579760499737116,0.08835481654847988,0.022645410578765228,16.085147651807432,0.02636788113785354,2.7147322911979055,16.71652303378229,1.7631171695718495,0.18856259659969088,0.7450379497602337,0.0028200032419813947,0.4101469577142689,0.8872293760680311,0.01665177603011953,49.841430427913096,0.5793837906645272,-0.2500000000000001,40.47664068661488,1.0663436231560197,0.7187709661012353,0.27035792204729053,-0.2395903290799194,0.9735449735449735,-0.41092882709578565,0.729828565171965,0.14034284725958332,"Furnishings, Fixtures & Appliances",Consumer Cyclical,BSET
2015Q1,2015,Q1,2015-04-09,2015-02-28,5956000.0,92807000.0,3402000.0,0.56,50877000.0,0.548202183,260415000.0,165711000.0,133477000.0,68851000.0,94704000.0,61676000.0,111474000.0,268646952.33,271684952.33,15.85884289045119,1.9386356044211412,0.05872933586774955,0.09229320926190777,0.011824588864421804,15.85884289045119,0.035942091955271524,2.894684154535757,11.276315997733379,1.62117754602893,0.4907656145063801,0.6798430507815033,0.010880450995808994,0.3563811608394294,0.7707077602358716,0.022871186375592805,-55.70121342110719,0.5482021830249874,0.6000000000000002,4.845669999897188,0.9169758425822168,0.6949508418431054,-0.01851959025406563,0.6322280076733352,-0.3010067803575098,11.673135037779643,0.6257821856875526,0.17700037561317467,"Furnishings, Fixtures & Appliances",Consumer Cyclical,BSET
2014Q4,2014,Q4,2015-01-22,2014-11-29,3649000.0,94720000.0,4867000.0,0.35,51837000.0,0.547265625,240746000.0,156832000.0,135362000.0,66773000.0,83914000.0,57272000.0,106339000.0,204343994.4,179572994.4,15.042806660531834,2.027196621388885,0.007900442790326735,0.012127627014894919,0.017807304683153453,15.042806660531834,0.023266935319322588,2.1573479138513516,13.999999616333243,1.3029483421750665,0.22992600712523978,0.748760301718117,0.004105821668326945,0.39344371246043547,0.9738367304149881,0.015157053492062174,22.905951619773568,0.547265625,0.6666666666666666,0.5570728408006049,0.7424029424686514,0.5563849977718026,0.15147274423563908,0.6174645390070922,0.4318917328626066,5.170605224396267,0.60261396033842,0.10130495932956388,"Furnishings, Fixtures & Appliances",Consumer Cyclical,BSET
2014Q3,2014,Q3,2014-10-02,2014-08-30,2256000.0,85186000.0,3399000.0,0.21,45018000.0,0.528467119,230786000.0,157181000.0,125987000.0,56253000.0,73605000.0,54220000.0,105858000.0,158815326.2,141618326.2,15.0039924799147,2.2396494409187064,0.009727626459143969,0.014282896787779694,0.014426650630131398,15.0039924799147,0.014352879800993758,1.8643359965252504,17.599216112588653,1.0103977338227903,0.37056737588652483,0.7408336407229804,0.005263975587262938,0.3691125111575225,1.0393045704229107,0.009775289662284541,109.52781117241379,0.528467119010166,-0.125,1.7148466752984621,0.6128996734852763,0.6016087100680041,-0.006510272990091144,-0.11564092512740103,-0.1264456437933693,4.915378206758573,0.5676062357370785,0.08339290373293873,"Furnishings, Fixtures & Appliances",Consumer Cyclical,BSET
2014Q2,2014,Q2,2014-07-02,2014-05-31,2551000.0,85185000.0,3891000.0,0.24,45313000.0,0.5319363738,226858000.0,157294000.0,122735000.0,52243000.0,69564000.0,52702000.0,105297000.0,144136563.99,129574563.99000001,14.8087308377081,2.3493099554007237,0.010226661612109778,0.014749450074383002,0.017183519692764736,14.8087308377081,0.016218037560237517,1.692041603451312,14.1254962749902,0.9163513165791448,0.2555860446883575,0.7565557284353535,0.004523487878101735,0.3754992109601601,1.0520835327220872,0.011244919729522433,45.45460863765374,0.5319363737747256,1.9999999999999996,1.2775802878105973,0.5828170209380018,0.5347931614250783,0.12570491640374631,2.026097271648873,2.5828729281767955,-0.9557699501324873,0.39415690083010646,0.06616845608569069,"Furnishings, Fixtures & Appliances",Consumer Cyclical,BSET
2014Q1,2014,Q1,2014-04-03,2014-03-01,843000.0,75647000.0,1086000.0,0.08,40253000.0,0.5321162769,226037000.0,157679000.0,121823000.0,51743000.0,68358000.0,53845000.0,104713000.0,160160857.08,148028857.08,14.747869504845184,2.354386100535338,0.01059118639868694,0.015182744690161657,0.00417159233462971,14.747869504845184,0.005346304834505546,2.1172135984242604,47.49728857651245,1.0157399341700544,3.354685646500593,0.6573312285263255,0.017657248166369512,0.3346664484133129,1.0097791005546644,0.0037294779173321184,-102.60144591928253,0.5321162769177892,-0.4666666666666666,1.1037352641263238,0.361469555728721,0.38632849427659677,-0.08692298967902914,-0.47542003733665217,-0.34380664652567977,1.1098833427574535,0.26661702472640464,0.7294872359458031,"Furnishings, Fixtures & Appliances",Consumer Cyclical,BSET
2013Q4,2013,Q4,2014-01-23,2013-11-30,1607000.0,83062000.0,1655000.0,0.15,44085000.0,0.5307481159,225849000.0,157409000.0,126374000.0,51441000.0,68440000.0,53069000.0,104526000.0,168949261.41,158683261.41,14.692813151612109,2.4566785249120353,0.01092322746613888,0.015672547313050716,0.006359059100313446,14.692813151612109,0.010209073178789014,2.0340138861332497,26.28333251555694,1.073313860135062,0.4057249533291848,0.7344589119825133,0.0038591467909276614,0.36777670036174614,1.1068602865418635,0.007115373546041824,29.219865342442063,0.5307481158652573,1.9999999999999998,1.045300457432948,0.43602073724647694,0.28936904328266366,0.13847067634222554,1.8902877697841727,1.0109356014580801,-0.1109387667737162,0.3516336854045268,0.5900735021653752,"Furnishings, Fixtures & Appliances",Consumer Cyclical,BSET
2013Q3,2013,Q3,2013-10-03,2013-08-31,556000.0,77152000.0,823000.0,0.05,38723000.0,0.5019053297,225572000.0,159596000.0,128714000.0,50024000.0,65976000.0,58475000.0,106067000.0,148463077.5,142421077.5,14.8563316694011,2.573044938429554,0.012687744932881741,0.01793278027018221,0.004741842004396018,14.8563316694011,0.003483796586380611,1.9242933106076316,66.75498089028777,0.9302430981979498,1.1798561151079137,0.6571868319794784,0.0044186070438961495,0.342028265919529,1.0644490644490645,0.0024648449275619312,-20.96047966963151,0.5019053297386976,-0.7222222222222223,1.2264074431925946,0.18755361730978065,0.015622111761761457,-0.07418830392578779,-0.7153097798259088,-0.7586510263929619,1.251022197346577,0.4093211145679667,0.6260624611742306,"Furnishings, Fixtures & Appliances",Consumer Cyclical,BSET
2013Q2,2013,Q2,2013-07-09,2013-06-01,1953000.0,81223000.0,3410000.0,0.18,41826000.0,0.5149526612,225603000.0,159411000.0,131830000.0,50006000.0,66192000.0,55994000.0,106167000.0,147406999.68,106762999.68,14.880537320220695,2.6362836459624845,0.0129741182519736,0.018361342692787826,0.012503459759338293,14.880537320220695,0.01225135028323014,1.8148430823781443,18.869303594470047,0.9246977917458644,0.2780337941628264,0.7035932421330857,0.0036836785307263367,0.36002624078580514,1.2026556813182419,0.008656799776598716,-86.30386398126464,0.5149526611920269,1.0,6.483139020778758,0.19102635634153162,-0.058045094767507535,0.011266924564796905,0.9928571428571429,0.44247038917089676,16.828132814444693,0.49969409036777807,0.5900528897605299,"Furnishings, Fixtures & Appliances",Consumer Cyclical,BSET
2013Q1,2013,Q1,2013-04-04,2013-03-02,980000.0,79849000.0,2364000.0,0.09,41360000.0,0.5179776829,226987000.0,157973000.0,132007000.0,52231000.0,69014000.0,57807000.0,104757000.0,156199939.6,112031939.6,14.765727860755204,2.5273688039669926,0.013176966081757986,0.018933615238047007,0.00848631101387724,14.765727860755204,0.006203591753021086,1.9561915565630126,39.84692336734694,0.9887761807397466,1.1061224489795918,0.6658190184579722,0.006939823426154513,0.3517778551194562,1.186977082575482,0.004317427870318564,-239.20358284839202,0.5179776828764293,-0.9419354838709677,1.2900136896083663,0.18447638797340343,0.0007179009560438519,0.029572836801752465,-0.9419981060606061,-0.06003976143141153,1.6180096216230544,0.6108578688139321,0.578121622169699,"Furnishings, Fixtures & Appliances",Consumer Cyclical,BSET
2012Q4,2012,Q4,2013-02-04,2012-11-24,16896000.0,76812000.0,2515000.0,1.55,40172000.0,0.5229911993,227180000.0,157280000.0,132508000.0,52580000.0,69900000.0,57916000.0,104319000.0,121070058.75,78798058.75,14.614678627138273,2.5201217192848993,0.014499515802447398,0.02094354018311292,0.09881800720274492,14.614678627138273,0.10742624618514751,1.5761867774566474,1.791401200727983,0.7697740256230925,0.843454071969697,0.632640375716555,0.11770870640632278,0.33811074918566775,1.1662419170787373,0.07437274407958447,-108.38859333034915,0.5229911992917773,6.380952380952381,6.109701138552203,0.21562902415179322,-0.028698251896615685,0.18788810692530605,6.12610712779418,1.326549491211841,5.984583979703012,0.36885534495888456,0.5120892713600849,"Furnishings, Fixtures & Appliances",Consumer Cyclical,BSET
2012Q3,2012,Q3,2012-10-04,2012-08-25,2371000.0,64438000.0,1081000.0,0.21,33818000.0,0.5248145504,221739000.0,155396000.0,137799000.0,49629000.0,66343000.0,54544000.0,101961000.0,123179093.16,68926093.16,13.76345868854422,2.7765822402224507,0.016749421617306835,0.023900229092125923,0.03571767903531019,13.76345868854422,0.015257792993384643,1.9115908805363295,12.988095018979333,0.7926786607119874,0.23787431463517503,0.5613816368436492,0.004578699075722274,0.290602916040931,1.524129037457938,0.010692751387892973,-32.10296928850664,0.5248145504205592,-0.7042253521126761,2.667276659501996,-0.044280971683842964,-0.1959245351830378,-0.05168110821345447,-0.7051728425764735,-0.5480769230769231,1.69708593166734,0.1320409529900088,0.4691873076944447,"Furnishings, Fixtures & Appliances",Consumer Cyclical,BSET
2012Q2,2012,Q2,2012-07-05,2012-05-26,8042000.0,67454000.0,2392000.0,0.71,35661000.0,0.5286713909,221624000.0,157551000.0,138779000.0,46255000.0,64073000.0,47915000.0,102417000.0,105886329.12,42517329.120000005,14.105536497609013,3.0003026699816235,0.01698372017471032,0.023890676669776772,0.011981094331530402,14.105536497609013,0.05104378899530945,1.5697561170575505,3.2916665356876402,0.6720765283622446,0.07000746083063915,0.663529166231869,0.005317022553137689,0.30436234342850954,1.8231974921630094,0.03628668375266217,14.867499174389216,0.5286713908737807,14.295880149812733,4.515792272128635,-0.053922770247536965,-0.18504753064259657,0.12598276025386,14.493288590604028,4.562790697674418,1.8321564698007302,0.19189515546468774,0.461913326132999,"Furnishings, Fixtures & Appliances",Consumer Cyclical,BSET
2012Q1,2012,Q1,2012-04-05,2012-02-25,-596000.0,60968000.0,430000.0,-0.0534,31671000.0,0.5194692298,213211000.0,150369000.0,130796000.0,44489000.0,62842000.0,46059000.0,95094000.0,91087756.76,33813756.760000005,13.473948878044585,2.9399626874058757,0.017893073059082318,0.025370920867998057,0.0015563388342271533,13.473948878044585,-0.003963582919351728,1.4940256652670254,-38.20795166107383,0.6057615383489948,-10.172818791946309,0.6360754684209383,0.06656218371888248,0.28595147529911685,1.7516464744094045,-0.002795352960213122,-28.358579315068496,0.5194692297598741,-1.988888888888889,0.8474139647027367,-0.10964588459486405,-0.23006375936455706,-0.04806131650135257,-1.9415481832543444,-0.9840923384262513,0.9297370699032009,0.05123382874431305,0.2665774709982746,"Furnishings, Fixtures & Appliances",Consumer Cyclical,BSET
2011Q4,2011,Q4,2012-02-03,2011-11-26,633000.0,63266000.0,27031000.0,0.054,33270000.0,0.5258748775,223174000.0,152435000.0,140203000.0,51827000.0,70739000.0,45129000.0,96331000.0,88498641.39999999,22761641.39999999,13.659074657839888,2.705211569259266,0.017313844802709994,0.025348509200642896,0.07769599450773344,13.659074657839888,0.004152589628366189,1.3988341510447948,34.95207006319115,0.5805664145373438,0.5481832543443917,0.664672383611425,0.003920964147140004,0.2834828429835017,1.684373010207035,0.0028363519047917766,17.038629457065845,0.5258748775013435,0.35,4.410561110225508,-0.11330800052381455,-0.24286093752439036,0.13739701206796348,0.5179856115107914,256.00943396226415,1.0171297730299755,0.050001434484649596,0.19865323556320685,"Furnishings, Fixtures & Appliances",Consumer Cyclical,BSET
2011Q3,2011,Q3,2011-10-06,2011-08-27,417000.0,59417000.0,-106000.0,0.04,29251000.0,0.4923001834,223716000.0,158633000.0,139587000.0,45779000.0,65083000.0,43285000.0,101930000.0,88198949.3,25445949.299999997,13.849077678298373,3.049149173201686,0.027427631461317027,0.0386804763195552,-0.0035768864288792186,13.849077678298373,0.002628709032798976,1.4844059663059392,52.877067925659475,0.5559937043364244,0.0,0.6969157906896153,0.0,0.2655911959806183,1.9341182638327616,0.0018639703910314864,-9.578513173327542,0.4923001834491812,-0.9925788497217068,-0.008308263202727895,-0.21113723817291405,-0.2523463680186617,-0.11886616260505467,-0.9933329069804624,0.9919532376831398,1.1592537593663832,-0.1422623219016291,-0.053236705360046516,"Furnishings, Fixtures & Appliances",Consumer Cyclical,BSET
2011Q2,2011,Q2,2011-07-07,2011-05-28,62546000.0,66261000.0,-13173000.0,5.39,33197000.0,0.5010036069,233885000.0,159990000.0,135824000.0,53628000.0,73895000.0,40757000.0,102403000.0,100212080.99999999,39889080.999999985,13.889672643361234,2.532706794957858,0.0409987814524232,0.05993499593724608,-0.07309040185441619,13.889672643361234,0.3909369335583474,1.5123840720785982,0.4005535166117737,0.6263646540408775,0.0,0.8112471477292245,0.0,0.28330589819783225,1.5954165734317893,0.2674220236440986,-74.84098655713218,0.5010036069482803,8.48611111111111,21.25167621322119,-0.22419840930655058,-0.25270728138328663,0.042357447877417735,8.576741368867353,-1.0679748822605966,164.31474572851047,-0.09635224002130083,-0.12076795367402553,"Furnishings, Fixtures & Appliances",Consumer Cyclical,BSET
2011Q1,2011,Q1,2011-04-12,2011-02-26,-8255000.0,64264000.0,-6370000.0,-0.72,31848000.0,0.4955807295,181691000.0,98102000.0,80351000.0,56597000.0,83589000.0,40950000.0,40204000.0,77655051.0,84472051.0,8.527307515386218,1.4197042246055445,0.07241965755045654,0.13412570589794295,-0.057581119808228894,8.527307515386218,-0.08414711218935393,1.208375622432466,-2.3517580557238036,0.7915745958288312,0.0,0.7915995115995116,0.0,0.35369941273921107,0.5847306394331855,-0.04543428127975519,-18.288989872821478,0.49558072949085025,-5.235294117647059,-4.986379352959482,-0.1711414814298324,-0.5042637511286344,-0.0014422775443657114,-5.25296239052035,-2.0632615590051744,-18.938707554258126,-0.1134836504811544,-0.4220786568683554,"Furnishings, Fixtures & Appliances",Consumer Cyclical,BSET
2010Q4,2010,Q4,2011-02-03,2010-11-27,1941000.0,65991000.0,5991000.0,0.17,31894000.0,0.4833083299,197317000.0,106305000.0,91471000.0,61831000.0,91012000.0,41810000.0,48459000.0,47053208.68,49798208.68,9.240335828251533,1.4793711892092962,0.07001930903064611,0.12996566483232208,0.052413000251817006,9.240335828251533,0.01825878368844363,0.7130246348744526,6.060433884595569,0.44262460542777854,0.0,0.815522602248266,0.0,0.33444153316744124,0.6904627128786531,0.009836962856722939,7.998165677375488,0.4833083299237775,1.8095238095238095,-0.14003321479877984,-0.25265347860627196,-0.5153515967889942,0.19843685416901513,1.819679054054054,3.5923842492427522,1.5491050378490157,-0.02304402976400508,-0.38588082762374853,"Furnishings, Fixtures & Appliances",Consumer Cyclical,BSET
2010Q3,2010,Q3,2010-10-07,2010-08-28,-2368000.0,58527000.0,-2311000.0,-0.21,26613000.0,0.4547132093,195626000.0,104931000.0,88944000.0,60076000.0,90695000.0,42373000.0,46518000.0,53634758.53,62072758.53,9.136384378908101,1.480524668752913,0.07175426579289051,0.1337736226663236,-0.01785688181299131,9.136384378908101,-0.022567210833786013,0.916410520443556,-5.66245339210304,0.5111431181443044,0.0,0.7531682911287848,0.0,0.29917802337112653,0.6203475597576403,-0.012104730455051987,-7.534029853912067,0.4547132092880209,-22.0,-2.290318089810381,-0.273088103023992,-0.5108005647470573,-0.06414178710834476,-21.23931623931624,-3.3272910372608258,-4.600614459641257,-0.14664989436433218,-0.46624299295266775,"Furnishings, Fixtures & Appliances",Consumer Cyclical,BSET
2010Q2,2010,Q2,2010-07-08,2010-05-29,117000.0,57845000.0,993000.0,0.01,28437000.0,0.4916068805,193477000.0,107077000.0,85671000.0,50806000.0,86400000.0,34281000.0,48886000.0,60984063.79,62139063.79,9.358517201564144,1.6862378459237097,0.07364182822764463,0.13306312279948074,0.005803645355262912,9.358517201564144,0.0010926716288278528,1.0542668128619586,130.30782861111112,0.5695346693500938,0.0,0.8578512878854175,0.0,0.2989761056869809,0.8401369916938944,0.00060472304201533,73.92007732121212,0.49160688045639206,1.0666666666666667,-0.8849322552004731,-0.28291170385126496,-0.500334769377328,0.10464980771471856,1.0691489361702127,1.3457520891364902,1.0499329705382516,-0.20799648299299223,-0.45930828620157604,"Furnishings, Fixtures & Appliances",Consumer Cyclical,BSET
2010Q1,2010,Q1,2010-04-08,2010-02-27,-1692000.0,52891000.0,-2872000.0,-0.15,25743000.0,0.4867179671,211605000.0,106810000.0,103091000.0,68304000.0,104795000.0,31745000.0,48769000.0,46803828.8,53763828.8,9.356520849422473,1.5092966736940736,0.16561045343919095,0.3280966201666511,-0.020837297605978966,9.356520849422473,-0.015841213369534687,0.8849110207785823,-6.915459338061465,0.4381970676902911,0.0,0.8551897936682942,0.0,0.24995156069090996,0.8338018271257905,-0.007996030339547742,7.566089363077918,0.4867179671399671,-1.6521739130434783,-1.7410932158610064,-0.3218145907037161,-0.500818879444581,-0.06991112074571862,-1.6593920498830865,-1.4156896801273702,0.5765181724769308,-0.2448930092778741,-0.4653442317886429,"Furnishings, Fixtures & Appliances",Consumer Cyclical,BSET
2009Q4,2009,Q4,2010-02-12,2009-11-28,2566000.0,59523000.0,6909000.0,0.23,27678000.0,0.464996724,216229000.0,110334000.0,104526000.0,43270000.0,105895000.0,33388000.0,50461000.0,39634852.096,52759852.096,9.665222089693653,2.4156690547723594,0.1680903116603231,0.329417949136259,0.11316957651449461,9.665222089693653,0.02325665705947396,0.665874571106967,3.861540539360873,0.35922609618068774,0.0,0.9537857913022643,0.0,0.2752775992119466,1.3363993529003928,0.011867048360765669,6.80543476923077,0.4649967239554458,1.7666666666666668,-0.07392522463365901,-0.23100607144834298,-0.4835590967028055,0.06511198337566382,1.7446314567614625,3.313797722705961,14.515890620800606,-0.18444526105563072,-0.464245025748582,"Furnishings, Fixtures & Appliances",Consumer Cyclical,BSET
2009Q3,2009,Q3,2009-10-08,2009-08-29,-3446000.0,57670000.0,-2986000.0,-0.3,25986000.0,0.4505982313,218618000.0,107160000.0,99569000.0,47788000.0,111458000.0,37640000.0,47895000.0,54334528.0,76747528.0,9.368076225857708,2.083556541391144,0.18095033345836117,0.36915826801045165,-0.018301775249553558,9.368076225857708,-0.03215752146323255,0.9421627882781343,-3.9418549042367967,0.5070411347517731,0.0,0.8417640807651434,0.0,0.2637934662287643,1.1076420858793004,-0.015762654493225628,67.83336828963795,0.4505982313161089,0.6551724137931035,-4.120762122689525,-0.25033922655588836,-0.5008185158271354,0.0380697479327288,0.6503652597402597,0.5861973392461197,-9.20627959866202,-0.23329007692789855,-0.49425684672734616,"Furnishings, Fixtures & Appliances",Consumer Cyclical,BSET
2009Q2,2009,Q2,2009-09-15,2009-05-30,-9856000.0,57718000.0,-7216000.0,-0.87,25033000.0,0.4337121868,223271000.0,109911000.0,102386000.0,48606000.0,113360000.0,41002000.0,51341000.0,24149549.64,48230549.64,9.648681796287113,2.106447763650578,0.177972060858777,0.36152887336117406,-0.04854026622036356,9.648681796287113,-0.08967255324762763,0.4184058636820403,-0.6125595992288961,0.21971913311679453,0.0,0.7971562362811571,0.0,0.2585109575359093,1.0758754063284368,-0.044143663977856504,11.108348500459982,0.43371218683946083,-0.14473684210526314,-6.376266928581356,-0.2614330812829584,-0.48786619611904447,0.017188134904510363,-0.13509155821720603,-0.29690869877785764,-4.545614698757234,-0.31666823958003704,-0.48088123919455383,"Furnishings, Fixtures & Appliances",Consumer Cyclical,BSET
2009Q1,2009,Q1,2009-04-09,2009-02-28,-8683000.0,59368000.0,-5564000.0,-0.76,24610000.0,0.4145330818,234332000.0,121528000.0,103928000.0,46365000.0,112804000.0,43404000.0,64477000.0,10966914.24,39324914.24,10.63807716982749,2.2415183867141164,0.17053582097195433,0.3288295701402146,-0.034714011104612204,10.63807716982749,-0.07144855506549931,0.18472770246597495,-0.315758212599332,0.09024187216114805,-0.13152136358401473,0.8008017694221731,0.10413138782783078,0.25334994793711485,1.0674215464251051,-0.03705426488913166,-1.9427660301151461,0.41453308179490633,0.7703927492447129,-4.800376212297253,-0.2099676384455743,-0.4423754705587089,-0.0036437246963562753,0.7704549660295557,-6.85068349106204,-5.222640126206869,-0.22888741338872237,-0.3815538536802096,"Furnishings, Fixtures & Appliances",Consumer Cyclical,BSET
2008Q4,2008,Q4,2009-02-12,2008-11-29,-37827000.0,61678000.0,951000.0,-3.31,24700000.0,0.4004669412,243825000.0,130179000.0,96844000.0,43545000.0,113646000.0,43844000.0,73160000.0,48551443.25,85120443.25,11.395351259717701,2.223998162820071,0.16547113708602482,0.30992710037717297,0.01294215967829412,11.395351259717701,-0.2905768211462678,0.7871760311618405,-0.32087823016628336,0.37295910438703633,-0.06865466465751976,0.8433993248791168,0.053489656046424534,0.2529601148364606,0.9041681019634861,-0.1551399569363273,-6.602045587435409,0.4004669412108045,-13.391304347826086,-13.912113352953053,-0.356176481168202,-0.3971316498508574,-0.1195551436515292,-13.263574660633484,1.1874630396215258,-17.87760287445914,-0.29657092910610344,-0.4023227191412884,"Furnishings, Fixtures & Appliances",Consumer Cyclical,BSET
2008Q3,2008,Q3,2008-10-09,2008-08-30,-2652000.0,70159000.0,-5073000.0,-0.23,28054000.0,0.3998631679,282678000.0,169699000.0,108551000.0,45787000.0,112979000.0,42114000.0,112136000.0,119259493.03999999,147240493.04,14.62781431927509,2.3707820997226285,0.11869689186990144,0.19772067012769667,-0.01137705447072404,14.62781431927509,-0.015627670168946194,1.6998459647372395,-11.242410731523378,0.7027707472642738,-4.1843891402714934,0.9997862943439236,0.09304919648013289,0.24819405825709817,1.0179308537357765,-0.009381699318659393,-27.88391233107318,0.3998631679470916,-5.927710843373494,-2.7030313682932694,-0.05756854623012909,-0.24153167337281775,-0.049596856155566096,-5.782608695652174,-0.7237512742099899,-2.4305999732734644,-0.13734228930254028,-0.21676691706468088,"Furnishings, Fixtures & Appliances",Consumer Cyclical,BSET
2008Q2,2008,Q2,2008-07-10,2008-05-31,-391000.0,74862000.0,-2943000.0,-0.0332,29518000.0,0.3942988432,302714000.0,185777000.0,113736000.0,47222000.0,116937000.0,45341000.0,126119000.0,141001141.05,172478141.05,15.79750499472997,2.40853839312185,0.12472829139055346,0.20323829106940042,-0.0027266000599309725,15.79750499472997,-0.0021046738832040564,1.88348081870642,-90.15418225703324,0.7589806114319857,-6.721227621483376,1.0000661652808716,0.018638147042144098,0.2473027345943696,1.0420990216424548,-0.0012916482224145562,-54.04413225373707,0.3942988432048302,-1.83,-1.332485961821938,0.061735336082966955,-0.1601116145534219,-0.09528917767493181,-1.7548262548262548,-14.08,-1.3741366084592235,-0.0970702921222526,-0.15654758051464795,"Furnishings, Fixtures & Appliances",Consumer Cyclical,BSET
2008Q1,2008,Q1,2008-04-10,2008-03-01,518000.0,81599000.0,225000.0,0.04,32627000.0,0.3998455863,310552000.0,191079000.0,114896000.0,49899000.0,119473000.0,50079000.0,129135000.0,152033000.0,182436000.0,14.755135135135134,2.302571193811499,0.11580025245369535,0.18820487861041768,0.0008570006760194864,14.755135135135134,0.002710920613986885,1.8631723427983187,73.375,0.7956552002051508,4.55984555984556,0.9778949260168933,0.015536100714976355,0.26275470774620674,0.9549489969738872,0.0016679976300265334,-16.14452585749177,0.3998455863429699,1.129032258064516,1.3513328721804512,0.004449692863628596,-0.23259856723822947,0.10690052924413082,1.130183463181704,-0.22413793103448276,-0.7999999999999999,-0.07768503097906705,-0.21279661433576344,"Furnishings, Fixtures & Appliances",Consumer Cyclical,BSET
2007Q4,2007,Q4,2008-02-07,2007-11-24,-3979000.0,76035000.0,290000.0,-0.31,29476000.0,0.387663576,310703000.0,194852000.0,111122000.0,56594000.0,115851000.0,50550000.0,131725000.0,125485500.0,150797500.0,15.046486486486486,1.9634943633600734,0.0928539473387769,0.1480610925215035,0.0017972983408707894,15.046486486486486,-0.020420626937367847,1.6503649635036497,-7.884235988941945,0.6440041672654117,-0.5936164865544107,0.9210484668644906,0.01882289188790737,0.24471923348020458,0.744778598437997,-0.012806442165025763,-28.135762331838563,0.3876635759847439,-6.166666666666667,-3.2285763809863512,-0.10622313847581644,-0.20778905136303807,0.19578093306288033,-6.886094674556213,1.1172664779619894,-2.265875804600099,-0.13407673852362298,-0.19602250207823135,"Furnishings, Fixtures & Appliances",Consumer Cyclical,BSET
2007Q3,2007,Q3,2007-10-04,2007-08-25,676000.0,70497000.0,-2473000.0,0.06,24650000.0,0.3496602692,304550000.0,202070000.0,104325000.0,53463000.0,102480000.0,44049000.0,138515000.0,133988316.3,154650316.3,17.1171230696329,1.9513495314516582,0.08216056476769003,0.12382837630524075,0.0043611049174550045,17.1171230696329,0.0033453753649725342,1.9006243712498403,49.55189212278106,0.6630787167813134,3.4881656804733727,1.0408181797543645,0.017598549374412877,0.2314792316532589,0.8429006976787685,0.002219668363158759,-18.56308067331671,0.3496602692313148,1.3,1.9543867238571369,-0.08811609157728702,-0.1125311437544855,0.02939948216821181,1.2793388429752066,0.38877904102817595,-0.40679703938600825,-0.11203327416835494,-0.08790762450413127,"Furnishings, Fixtures & Appliances",Consumer Cyclical,BSET
2007Q2,2007,Q2,2007-07-05,2007-05-26,-2420000.0,75432000.0,-4046000.0,-0.2,23946000.0,0.3174514795,304856000.0,204533000.0,106463000.0,52900000.0,100323000.0,42712000.0,140201000.0,166382909.44,183223909.44,17.30841616902068,2.012533081285444,0.07934237804077991,0.11825964514283759,-0.013381998078421001,17.30841616902068,-0.011831831538186992,2.2057337660409373,-17.18831709090909,0.8134770889783067,-0.9789256198347107,1.2054223637385277,0.014238241223052386,0.2474348544886766,0.8935538752362949,-0.007938174088750099,101.02180293867637,0.3174514794782055,0.4285714285714285,-1.8326510470179642,-0.07609826480124732,-0.13786569008335003,0.07328223746134194,0.4221585482330468,0.431980906921241,-2.272514119637096,-0.06953226996526608,-0.0813019644604489,"Furnishings, Fixtures & Appliances",Consumer Cyclical,BSET
2007Q1,2007,Q1,2007-04-05,2007-02-24,-4188000.0,73420000.0,-7123000.0,-0.35,22311000.0,0.3038817761,306392000.0,209401000.0,108810000.0,49228000.0,96991000.0,45111000.0,144982000.0,194562509.64000002,210466509.64000002,17.50008398997335,2.2103274559193955,0.07950599232355936,0.11633182267515436,-0.02053979984934738,17.50008398997335,-0.01999990448947235,2.649993321165895,-11.614285436962751,0.9291383978108988,-0.5637535816618912,1.1329609186229523,0.012134917484198626,0.23962766651870807,1.0371536523929472,-0.013668764197498628,-48.946543305660384,0.30388177608281125,-20.08433734939759,-2.400000033428845,-0.15706762820679304,-0.13126815184319254,-0.041253061750676806,-20.045226130653266,-394.72222222222223,-2.7500000417860564,-0.06721524627213557,-0.08268421592487772,"Furnishings, Fixtures & Appliances",Consumer Cyclical,BSET
