Quarters,Year,Quarter,FillingDate,Date,NetIncome,Revenue,OperatingIncome,EPSDiluted,GrossProfit,GrossProfitRatio,TotalAssets,CommonStockEquity,CurrentAssets,CurrentLiability,TotalLiability,Inventory,RetainedEarnings,MarketCap,EnterpriseValue,bookValuePerShare,currentRatio,debtToAssets,debtToEquity,roic,shareholdersEquityPerShare,roe,priceToSalesRatio,peRatio,pbRatio,payoutRatio,inventoryTurnover,dividendYield,assetTurnover,quickRatio,returnOnAssets,priceToFreeCashFlowsRatio,grossProfitMargin,epsdilutedGrowth,fiveYNetIncomeGrowthPerShare,fiveYRevenueGrowthPerShare,fiveYShareholdersEquityGrowthPerShare,grossProfitGrowth,netIncomeGrowth,operatingIncomeGrowth,threeYNetIncomeGrowthPerShare,threeYRevenueGrowthPerShare,threeYShareholdersEquityGrowthPerShare,Industry,Sector,Symbol
2023Q1,2023,Q1,2023-05-08,2023-03-31,339000.0,33064000.0,1963000.0,0.02,24400000.0,0.7379627389,438844000.0,149211000.0,264958000.0,250767000.0,289633000.0,218000.0,-280887000.0,295031500.0,317258500.0,7.333316950901853,1.0565903807119756,0.09950005013170968,0.292639282626616,0.03251557843601444,7.333316950901853,0.002271950459416531,8.923043188966853,217.5748525073746,1.977277144446455,0.0,39.74311926605505,0.0,0.07534340221126413,0.14435711237922055,0.0007724840717886083,109.1092825443787,0.737962738930559,1.3861003861003862,1.1089062429191197,0.05923395682504901,0.42679521891976596,0.15426462935805857,1.3210227272727273,6.03584229390681,1.148288902315622,0.34884000725378483,-0.15459441224713608,Software—Application,Technology,ASUR
2022Q4,2022,Q4,2023-02-27,2022-12-31,-1056000.0,29292000.0,279000.0,-0.0518,21139000.0,0.7216646183,419908000.0,145066000.0,243276000.0,235183000.0,274842000.0,251000.0,-281226000.0,190339860.0,216549860.0,7.11840620246332,1.0344115008312675,0.10292730788648942,0.29793335447313635,0.001303093932548489,7.11840620246332,-0.007279445218038686,6.498015157722245,-45.06151988636364,1.3120914618173796,0.0,32.48207171314741,0.0,0.06975813749678501,0.12387374937814383,-0.0025148365832515693,34.123316600932235,0.7216646183258227,0.7645454545454546,0.5779763767861167,0.18149503029429268,0.4045050529305979,0.5489851249358834,0.7670416942422237,1.0843155031731642,0.9737741378403866,8.510097017009398,-0.18627716187688062,Software—Application,Technology,ASUR
2022Q3,2022,Q3,2022-11-07,2022-09-30,-4533000.0,21903000.0,-3309000.0,-0.22,13647000.0,0.6230653335,391124000.0,144562000.0,210656000.0,205477000.0,246562000.0,323000.0,-280170000.0,115652680.0,147792680.0,7.149809585043771,1.0252047674435583,0.1100034771581391,0.2976231651471341,-0.01725535077408049,7.149809585043771,-0.031356788090922925,5.280220974295759,-6.378374145157732,0.8000213057373307,0.0,25.560371517027864,0.0,0.056000143177099844,0.08617022829805769,-0.011589674885713993,-28.415891891891892,0.6230653335159567,0.24137931034482754,-1.1733445006684995,-0.1336207677091895,0.3790124165487318,0.11304135062392953,0.22645051194539248,0.29610721123165284,-0.03980815611367798,-0.3134338668279277,0.18833929023488027,Software—Application,Technology,ASUR
2022Q2,2022,Q2,2022-08-08,2022-06-30,-5860000.0,20300000.0,-4701000.0,-0.29,12261000.0,0.6039901478,394603000.0,149540000.0,215392000.0,200941000.0,245063000.0,289000.0,-275637000.0,114604200.0,142747200.0,7.43758082164528,1.071916632245286,0.10703669257456228,0.28244616824929786,-0.02402678354913739,7.43758082164528,-0.039186839641567474,5.645527093596059,-4.889257679180887,0.7663782265614552,0.0,27.81660899653979,0.0,0.05144410964944514,0.09868568385745069,-0.014850368598312735,32.58578333807222,0.6039901477832512,-0.9333333333333332,-0.5834097790149876,-0.21767891047016039,0.1374399552548331,-0.20712622866011382,-0.942326814716606,-1.1653615845232612,0.09377180348221271,-0.3722870653416608,0.18519968849107707,Software—Application,Technology,ASUR
2022Q1,2022,Q1,2022-05-09,2022-03-31,-3017000.0,24333000.0,-2171000.0,-0.15,15464000.0,0.635515555,449863000.0,154890000.0,268262000.0,252430000.0,294973000.0,286000.0,-269777000.0,119243950.0,148759950.0,7.72865625467791,1.0627183773719446,0.09240591024378533,0.26838401446187615,-0.010840441398588398,7.72865625467791,-0.019478339466718318,4.900503431553857,-9.881003480278423,0.769862160242753,0.0,31.01048951048951,0.0,0.05408980067264923,0.07392940617200808,-0.006706486196908837,-641.0965053763441,0.6355155550076028,0.31818181818181823,-0.22650719000553116,-0.02341932979779825,2.673581212282999,0.16630213439927596,0.29853522436642643,0.2999032570138665,0.1986557998397687,-0.30104074203935755,0.17814648765858082,Software—Application,Technology,ASUR
2021Q4,2021,Q4,2022-03-14,2021-12-31,-4301000.0,21113000.0,-3101000.0,-0.22,13259000.0,0.6280017051,433245000.0,158240000.0,249832000.0,232826000.0,275005000.0,246000.0,-266760000.0,150195060.0,178092060.0,8.249400479616307,1.0730416706037986,0.09538252028298076,0.26114762386248735,-0.015566646199112891,8.249400479616307,-0.027180232558139533,7.113866338274996,-8.73024064171123,0.9491598837209302,0.0,31.926829268292682,0.0,0.04873224157232051,0.08046781716818568,-0.009927408279380028,100.13004,0.6280017051105954,-1.7857142857142856,-15.767752210445384,-0.022585693952221802,2.9009003254482897,0.22000368052999633,-1.8072447447447448,0.2386447336115885,-2.9977551793151944,-0.3057454187790265,0.23960684356395187,Software—Application,Technology,ASUR
2021Q3,2021,Q3,2021-11-08,2021-09-30,5328000.0,17981000.0,-4073000.0,0.28,10868000.0,0.6044157722,392076000.0,161939000.0,204514000.0,187158000.0,230137000.0,303000.0,-262459000.0,172829820.0,202798820.0,8.442237514336357,1.092734481026726,0.1057830624674808,0.2561149568664744,-0.018477413281480757,8.442237514336357,0.032901277641581086,9.61180245815027,8.10950731981982,1.067252607463304,0.0,23.475247524752476,0.0,0.04586100653954846,0.08602891674414131,0.013589202093471675,-6.744051976431108,0.6044157722039931,0.4000000000000001,4.761544304928727,-0.3511757248585804,14.832830057024612,0.09281045751633987,0.4155154091392136,0.06775005722133211,2.1797842005898387,-0.39168402754952253,0.28784052509963093,Software—Application,Technology,ASUR
2021Q2,2021,Q2,2021-08-09,2021-06-30,3764000.0,17168000.0,-4369000.0,0.2,9945000.0,0.5792753961,385622000.0,149419000.0,234687000.0,219851000.0,236203000.0,279000.0,-267788000.0,168884800.0,168011800.0,7.8476365546218485,1.0674820674001937,0.05035760407860548,0.12996339153655156,-0.02314844359514865,7.8476365546218485,0.02519090610966477,9.837185461323392,11.217109458023378,1.1302766047155983,0.0,25.88888888888889,0.0,0.04452028151920793,0.10813687451956097,0.009760853893190742,-94.93243395165824,0.579275396085741,3.378121284185494,8.14893413247652,-0.412750605208971,15.199745646044578,-0.20389048991354466,3.3554443053817273,-2.442868400315209,1.678847916555157,-0.4640122102959804,0.014533195254602005,Software—Application,Technology,ASUR
2021Q1,2021,Q1,2021-05-10,2021-03-31,-1598000.0,19802000.0,-1269000.0,-0.0841,12492000.0,0.6308453692,441103000.0,144651000.0,286376000.0,279036000.0,296452000.0,349000.0,-271552000.0,145213480.0,150568480.0,7.610406692271268,1.0263048495534626,0.06720652546003994,0.20494154896958888,-0.007489352402113439,7.610406692271268,-0.011047279313658391,7.333273406726593,-22.718003754693367,1.0038885317073507,0.0,20.945558739255013,0.0,0.0448920093492903,0.10092962915179403,-0.0036227366397417384,-57.716009538950715,0.6308453691546309,0.7287096774193548,0.6596993087759647,-0.025127950871448822,20.379838362834423,0.2715798045602606,0.7261823166552434,0.5835247784706269,0.4504380409404874,-0.32090212864843937,0.4807067463833342,Software—Application,Technology,ASUR
2020Q4,2020,Q4,2021-03-11,2020-12-31,-5836000.0,16431000.0,-3047000.0,-0.31,9824000.0,0.5978942243,515423000.0,145653000.0,358231000.0,350023000.0,369770000.0,449000.0,-269954000.0,134949700.0,138106700.0,7.663124112169201,1.0234498875788163,0.06156884733510146,0.2178739881773805,-0.017295526360207782,7.663124112169201,-0.04006783245109953,8.213115452498327,-5.780915867032213,0.926515073496598,0.0,14.714922048997773,0.0,0.03187867052886658,0.09669935975635886,-0.011322738799005866,11245.808333333332,0.5978942243320553,-0.03333333333333337,-1.4293227950113052,-0.19575173913421406,11.964241706709057,0.08277306293397994,-0.22630804790922462,0.3483746792130026,-1.5006759730659616,-0.28941478988892855,0.5119812259451351,Software—Application,Technology,ASUR
2020Q3,2020,Q3,2020-11-09,2020-09-30,-4759000.0,16015000.0,-4676000.0,-0.3,9073000.0,0.5665313768,372726000.0,130096000.0,220431000.0,219954000.0,242630000.0,408000.0,-264112000.0,119841150.0,138227150.0,8.196056196056196,1.0021686352600998,0.08404296990282406,0.24078372893862993,-0.025893151045493376,8.196056196056196,-0.036580678883286186,7.4830565095223225,-6.2955006303845344,0.9211747478784897,0.0,17.014705882352942,0.0,0.04296721988806791,0.08255817125398947,-0.012768092378852026,77.81892857142857,0.566531376834218,-0.19999999999999996,-2.2854543830153586,-0.04624731044929417,10.658343164448999,0.11915628469224128,-0.20664300202839755,-0.30578050823792235,-1.906425627737103,-0.19307712120232248,0.5808061916411816,Software—Application,Technology,ASUR
2020Q2,2020,Q2,2020-08-10,2020-06-30,-3944000.0,14115000.0,-3581000.0,-0.25,8107000.0,0.5743535246,302598000.0,134086000.0,154011000.0,143498000.0,168512000.0,550000.0,-259353000.0,101458970.0,113767970.0,8.497750174282274,1.0732623451197927,0.13737037257351337,0.31000999358620585,-0.021557926436413445,8.497750174282274,-0.02941395820592754,7.188024796315976,-6.431222743407708,0.7566708679504198,0.0,10.923636363636364,0.0,0.04664604524815101,0.24251209076084684,-0.01303379401053543,-66.2264817232376,0.5743535246191994,-1.272727272727273,-16.960122881511403,-0.2420309895567319,9.893354302027952,-0.2700999369766814,-1.2320316921335597,-0.46522094926350244,-0.3579344775928729,-0.30686778440879237,0.29957318243490594,Software—Application,Technology,ASUR
2020Q1,2020,Q1,2020-05-11,2020-03-31,-1767000.0,18947000.0,-2444000.0,-0.11,11107000.0,0.5862141764,300138000.0,136421000.0,149514000.0,135031000.0,163717000.0,572000.0,-255409000.0,93732920.0,105336920.0,8.674318051758123,1.1072568521302515,0.1078970340310124,0.23738280763225603,-0.014044324533808408,8.674318051758123,-0.012952551293422567,4.9471114160553125,-13.26159026598755,0.6870857126102287,0.0,13.706293706293707,0.0,0.06312762795780608,0.19017855159185668,-0.005887291845750955,-14.852308667406117,0.5862141763867631,0.9444444444444444,-0.40850268577163057,0.15204066614982,11.895407759242678,3.1176358436606293,0.9431357404904421,0.949966221057588,0.0846127921686438,-0.03099409378685847,3.1230727275544887,Software—Application,Technology,ASUR
2019Q4,2019,Q4,2020-03-16,2019-12-31,-31074000.0,-3010000.0,-48847000.0,-1.98,-5245000.0,1.7425249169,335044000.0,137579000.0,184443000.0,166589000.0,197465000.0,656000.0,-253642000.0,128646860.0,134045860.0,8.747949386405544,1.1071739430574647,0.1021507622879383,0.24876616344064137,-0.15228544791758258,8.747949386405544,-0.22586295873643505,-42.739820598006645,-1.0350040226555963,0.9350762834444211,0.0,3.4070121951219514,0.0,-0.008983894652642639,0.2587445749719369,-0.09274602738744762,-26.536068481848186,1.7425249169435215,-8.0,-131.040189814802,-1.1631981546279715,10.847200522184202,-1.3382343457793255,-8.259237187127534,-62.93586387434555,-131.13380111123138,-1.169958636819992,3.1366495289875607,Software—Application,Technology,ASUR
2019Q3,2019,Q3,2019-11-12,2019-09-30,-3356000.0,24559000.0,-764000.0,-0.22,15507000.0,0.6314182174,335426000.0,93649000.0,124483000.0,120854000.0,241777000.0,5061000.0,-294860000.0,104441150.0,212558150.0,6.016639897205268,1.0300279676303639,0.35982004972780884,1.2887804461339682,-0.0032971655505425867,6.016639897205268,-0.03583594058665869,4.252662974876827,-7.780181019070322,1.115240419011415,0.0,1.788579332147797,0.0,0.07321734152987544,0.22982276134840385,-0.010005187433293782,-577.0229281767956,0.6314182173541268,0.3125,-9.045941583382051,0.3484540533229394,7.479468098149016,0.03448965977318212,0.324340648278639,0.493368700265252,-5.472407874810702,0.09211579924537344,10.283790209052588,Software—Application,Technology,ASUR
2019Q2,2019,Q2,2019-08-09,2019-06-30,-4967000.0,24841000.0,-1508000.0,-0.32,14990000.0,0.6034378648,356973000.0,96917000.0,143067000.0,137778000.0,260056000.0,5164000.0,-291504000.0,129420720.00000001,235432720.0,6.275382025382025,1.0383878413099334,0.33803116762332164,1.245065365209406,-0.007485195357168553,6.275382025382025,-0.05125003869290217,5.209964172134778,-6.514028588685323,1.3353768688671752,0.0,1.9076297443841983,0.0,0.06958789600333919,0.2195778716485941,-0.01391421760189146,-50.63408450704226,0.6034378648202569,-0.6842105263157895,-129.19516964516967,0.4686867084927562,8.910329933903624,-0.17008083268741003,-0.716309606081548,-10.195121951219512,-15.884086909822205,0.047560463589023216,11.954166765416355,Software—Application,Technology,ASUR
2019Q1,2019,Q1,2019-05-10,2019-03-31,-2894000.0,26760000.0,164000.0,-0.19,18062000.0,0.6749626308,380101000.0,101057000.0,162537000.0,155044000.0,279044000.0,4121000.0,-286537000.0,95048850.0,198785850.0,6.560012982797793,1.0483282165062822,0.31656849100633777,1.1906943606083695,0.0008277409076921238,6.560012982797793,-0.02863730369989214,3.5519002242152466,-8.210854353835522,0.9405469190654779,0.0,2.1106527541858773,0.0,0.07040234043056977,0.19973684889450738,-0.00761376581487552,41.43367480383609,0.6749626307922272,-2.727272727272727,-1.1164039830243795,0.589089687969783,9.475791580261529,0.21703389259483863,-2.6737998843262,1.04534144318496,0.23960989783774597,0.6254609622315889,17.428977964179595,Software—Application,Technology,ASUR
2018Q4,2018,Q4,2019-03-19,2018-12-31,1729000.0,24423000.0,-3617000.0,0.11,14841000.0,0.607664906,361100000.0,102518000.0,159915000.0,148472000.0,258582000.0,3117000.0,-283643000.0,78257400.0,174775400.0,6.654852320675105,1.077071771108357,0.310058155635558,1.0921204081234515,0.005037652178541721,6.654852320675105,0.016865330966269337,3.204250092126274,11.315413533834587,0.7633527770732945,0.0,3.074109720885467,0.0,0.06763500415397397,1.0350638504229754,0.00478814732761008,-27.731183557760453,0.6076649060312,1.4583333333333333,7.570081161578557,0.4061472931387304,8.422636489435467,-0.009741776206045239,1.482421875,-0.7852912142152023,1.888007855000929,0.47494904261467513,10.25847797123357,Software—Application,Technology,ASUR
2018Q3,2018,Q3,2018-11-09,2018-09-30,-3584000.0,23458000.0,-2026000.0,-0.24,14987000.0,0.6388865206,309640000.0,99792000.0,114977000.0,97133000.0,209848000.0,1265000.0,-285372000.0,186786210.0,280660210.0,6.5553438875385925,1.1837068761389022,0.36515954011109675,1.1330367163700497,-0.008776045042631932,6.5553438875385925,-0.03591470258136925,7.962580356381618,-13.029172014508928,1.871755351130351,0.0,6.6964426877470355,0.0,0.07575894587262627,1.1241699525393019,-0.011574731946776903,-66.61419757489301,0.6388865205899906,0.17241379310344826,-13.806271533839125,0.4121079701147729,8.322771386235623,0.03024678627895786,0.04883227176220807,-2.175548589341693,-1.5799215884821265,0.45666130424789303,8.324539360610075,Software—Application,Technology,ASUR
2018Q2,2018,Q2,2018-08-09,2018-06-30,-3768000.0,21767000.0,-638000.0,-0.29,14547000.0,0.6683052327,288201000.0,100086000.0,119285000.0,77261000.0,188115000.0,1911000.0,-281788000.0,206377050.0,273309050.0,7.735219105031301,1.5439225482455572,0.394783501792152,1.1367923585716284,-0.0033454661562375377,7.735219105031301,-0.037647623044182,9.481189415169752,-13.692744824840764,2.061997182423116,0.0,3.7781266352694924,0.0,0.07552714945472083,1.4732788858544414,-0.013074208625230309,-41.217705212702214,0.6683052326916893,-0.9333333333333332,-1.8133492685904429,0.4687872097132937,9.431918405386915,0.058194515166945515,-0.9574025974025974,-36.44444444444444,-19.594691690970993,0.42543660740128647,8.915857796094647,Software—Application,Technology,ASUR
2018Q1,2018,Q1,2018-05-10,2018-03-31,-1925000.0,19304000.0,18000.0,-0.15,13747000.0,0.7121322006,271804000.0,64673000.0,110599000.0,96931000.0,207131000.0,719000.0,-278020000.0,154015920.0,245174920.0,5.139712310259874,1.1410075208137747,0.43033583023060734,1.8085909111994185,0.0001095074320940147,5.139712310259874,-0.029765126095897824,7.978445917944468,-20.002067532467535,2.38145624913024,0.0,7.728789986091794,0.0,0.07102176568409589,1.0983276763883587,-0.007082309311121249,-67.25586026200874,0.7121322005801907,-0.25,0.2683183660494318,0.35080762814410227,22.992924990485538,0.21129614944047934,-0.2459546925566343,1.0382978723404255,-0.917845217898084,0.46702107733016635,6.640795000889648,Software—Application,Technology,ASUR
2017Q4,2017,Q4,2018-03-16,2017-12-31,-1545000.0,15308000.0,-470000.0,-0.12,11349000.0,0.7413770577,203311000.0,63774000.0,86578000.0,69552000.0,139537000.0,509000.0,-277597000.0,177671960.0,225747960.0,5.068266709051896,1.244795261099609,0.37316229815405955,1.189638410637564,-0.0028619059271126025,5.068266709051896,-0.024226173675792644,11.606477658740527,-28.749508090614885,2.7859623043873674,0.0,7.777996070726916,0.0,0.075293515845183,1.200267425810904,-0.00759919532145334,241.73055782312926,0.741377057747583,-0.1999999999999999,-0.020490295151097092,0.07604788668606945,11.34451442422316,-0.06446294617096694,-0.20608899297423888,-2.049107142857143,-9.081102349961473,0.03735855236537091,5.863868244980816,Software—Application,Technology,ASUR
2017Q3,2017,Q3,2017-11-13,2017-09-30,-1281000.0,15527000.0,448000.0,-0.1,12131000.0,0.7812842146,182337000.0,64384000.0,67248000.0,48514000.0,117953000.0,781000.0,-276052000.0,154231560.0,202471560.0,5.184731840876148,1.3861565733602672,0.41518726314461685,1.1758200795228628,0.003425271721224824,5.184731840876148,-0.019896247514910537,9.933120370966703,-30.09983606557377,2.3954951540755465,0.0,4.348271446862996,0.0,0.08515550875576543,1.3309147874840253,-0.007025452870234785,274.43338078291816,0.7812842145939332,0.4444444444444444,0.5593998912999569,0.15888861431076207,8.835051900685494,0.2065844440023871,0.30266739248775176,1.736842105263158,-4.849475165783191,0.06858850102189566,6.307030002341989,Software—Application,Technology,ASUR
2017Q2,2017,Q2,2017-08-14,2017-06-30,-1837000.0,12880000.0,-608000.0,-0.18,10054000.0,0.7805900621,188488000.0,65258000.0,74660000.0,53422000.0,123230000.0,491000.0,-274771000.0,145807800.0,191721800.0,6.538877755511022,1.3975515705140205,0.4049753830482577,1.1697109932881793,-0.004651052466691532,6.538877755511022,-0.02814980538784517,11.320481366459628,-19.843195427327164,2.234328358208955,0.0,5.755600814663951,0.0,0.06833326259496626,1.3458125865748194,-0.009745978523831756,-45.77952904238619,0.7805900621118013,-0.5,-1.8390942876465006,0.5290547801905832,9.126418706234354,0.21293280250934973,-0.7346553352219075,-0.6432432432432432,-74.36955911823647,0.1784338377426814,9.326452747015423,Software—Application,Technology,ASUR
2017Q1,2017,Q1,2017-05-11,2017-03-31,-1059000.0,10727000.0,-370000.0,-0.12,8289000.0,0.7727230353,95097000.0,18152000.0,44327000.0,48012000.0,76945000.0,530000.0,-272934000.0,88695840.0,117543840.0,2.103847936949467,0.9232483545780221,0.3274130624520227,1.7152930806522697,-0.008669362297082095,2.103847936949467,-0.05834067871308947,8.268466486436095,-20.938583569405097,4.886284706919347,0.0,4.6,0.0,0.11280061410980367,0.8703032575189535,-0.011135997981008864,-73.54547263681592,0.7727230353314067,-9.000000000000002,0.3190615491475271,0.40673294358207013,1.811712586952658,0.10065064400478024,-9.083969465648854,-12.935483870967742,-0.382762425538615,0.13734480215167,2.3596690375216536,Software—Application,Technology,ASUR
2016Q4,2016,Q4,2017-03-20,2016-12-31,131000.0,9716000.0,31000.0,0.015,7531000.0,0.7751132153,85823000.0,18246000.0,45599000.0,41392000.0,67577000.0,487000.0,-271875000.0,73424280.0,90693280.0,2.1147426981919333,1.1016379976807114,0.3499761136292136,1.646169023347583,0.00044978620479903383,2.1147426981919333,0.007179655814973145,7.5570481679703585,140.12267175572518,4.024130220322262,0.0,4.486652977412731,0.0,0.11320974563928085,1.0595284112872052,0.0015263973526910037,-46.17879245283019,0.7751132153149444,-0.7000000000000001,1.1106131829665808,0.4505342408234307,3.8145232261646775,0.015780954950094416,-0.5841269841269842,-0.9684317718940937,1.8887888611633805,-0.0012176064002538537,1.9942740655331443,Software—Application,Technology,ASUR
2016Q3,2016,Q3,2016-11-14,2016-09-30,315000.0,9440000.0,982000.0,0.05,7414000.0,0.7853813559,62057000.0,3484000.0,21209000.0,31950000.0,58573000.0,616000.0,-272006000.0,42013620.0,72287620.0,0.5332108968472605,0.6638184663536776,0.49249883171922587,8.772388059701493,0.02509774025408815,0.5332108968472605,0.09041331802525833,4.450595338983051,33.344142857142856,12.05901836969001,0.0,3.288961038961039,0.0,0.1521182139001241,0.5994366197183099,0.0050759785358621915,168.05448,0.7853813559322034,1.5,6.692718723282987,1.6720955650539258,-0.08950796119531443,-0.009882478632478632,1.3161764705882353,0.33242876526458615,1.6223241590214066,0.3239452744862329,-0.24168687757078255,Software—Application,Technology,ASUR
2016Q2,2016,Q2,2016-08-15,2016-06-30,136000.0,9664000.0,737000.0,0.02,7488000.0,0.7748344371,74804000.0,3049000.0,32926000.0,43773000.0,71755000.0,516000.0,-272321000.0,29644740.0,60336740.0,0.4844296155068319,0.7521988440362781,0.41408213464520616,10.159068547064612,0.016550115318466542,0.4844296155068319,0.04460478845523122,3.0675434602649005,54.49400735294118,9.722774680223024,0.0,4.217054263565892,0.0,0.12919095235548902,0.7079249765837389,0.0018180845944067163,-63.75212903225806,0.7748344370860927,1.08,2.703350633760548,1.9191474762128191,-0.17826317970752764,0.5,1.0875160875160874,2.4091778202676863,1.2087495944194349,0.34057525995391436,-0.3466855749653938,Software—Application,Technology,ASUR
2016Q1,2016,Q1,2016-05-12,2016-03-31,-1554000.0,6722000.0,-523000.0,-0.25,4992000.0,0.7426361202,78709000.0,2239000.0,35195000.0,48433000.0,76470000.0,634000.0,-272457000.0,33714400.0,64548400.0,0.35596184419713833,0.7266739619680797,0.39877269435515633,14.01831174631532,-0.016006653634072974,0.35596184419713833,-0.694059848146494,5.015531091936923,-5.423809523809524,15.057793657882984,0.0,2.728706624605678,0.0,0.08540319404388316,0.6944232238349886,-0.01974361254748504,-52.43297045101089,0.7426361202023207,-0.923076923076923,-18.054411764705883,1.0981411794384417,-0.38788055220280276,0.061675882603147596,-0.9547169811320755,-0.1570796460176991,-0.1816149732620322,-0.059024632311366156,0.6616816879513264,Software—Application,Technology,ASUR
2015Q4,2015,Q4,2016-03-30,2015-12-31,-795000.0,6761000.0,-452000.0,-0.13,4702000.0,0.6954592516,34211000.0,3718000.0,7808000.0,16400000.0,30493000.0,784000.0,-270903000.0,28367900.0,40896900.0,0.5910969793322735,0.47609756097560973,0.4000759989477069,3.6812802582033353,-0.028634939582859356,0.5910969793322735,-0.21382463690155998,4.195814228664399,-8.920723270440252,7.629881656804733,0.0,2.626275510204082,0.0,0.1976264944023852,0.35542682926829267,-0.02323813977960305,22.76717495987159,0.6954592515900014,-0.42387732749178525,-9.861739413210001,1.067336131055509,0.0041487782158941226,-0.04119086460032626,-0.38501742160278746,-0.7865612648221344,-0.05046376178241232,-0.04926904930168508,0.43970426308661603,Software—Application,Technology,ASUR
2015Q3,2015,Q3,2015-11-16,2015-09-30,-574000.0,6654000.0,-253000.0,-0.0913,4904000.0,0.7370003006,33641000.0,4422000.0,6626000.0,14933000.0,29219000.0,700000.0,-270108000.0,35362380.0,49116380.0,0.70302066772655,0.4437152615013728,0.4124728753604233,3.137946630483944,-0.014946319758737897,0.70302066772655,-0.12980551786521935,5.3144544634806135,-15.401733449477351,7.996919945725916,0.0,2.5,0.0,0.19779435807496804,0.29264046072456973,-0.01706251300496418,42.60527710843373,0.737000300571085,-5.565,0.0,0.9257638603105347,0.23228338632750384,-0.07121212121212121,-7.042105263157895,-1.6009501187648456,0.6102300326768615,-0.019521782626883435,0.33357808398761474,Software—Application,Technology,ASUR
2015Q2,2015,Q2,2015-08-12,2015-06-30,95000.0,7159000.0,421000.0,0.02,5280000.0,0.737533175,34729000.0,4732000.0,7201000.0,14605000.0,29997000.0,313000.0,-269534000.0,36790290.0,51349290.0,0.7800857237059018,0.4930503252310852,0.42535057156842987,3.1217244294167372,0.014967919737968778,0.7800857237059018,0.02007607776838546,5.139026400335243,96.81655263157896,7.774786559594252,0.0,6.003194888178914,0.0,0.2061389616746811,0.36781923998630606,0.002735466037029572,-2452.686,0.7375331750244447,1.25062656641604,1.071400554491724,1.0804969148886066,0.385737691535148,0.1282051282051282,1.196687370600414,4.450819672131147,1.2415585423091096,0.3982591807203599,0.20807804647273953,Software—Application,Technology,ASUR
2015Q1,2015,Q1,2015-05-13,2015-03-31,-483000.0,6332000.0,-122000.0,-0.0798,4680000.0,0.739102969,34148000.0,4073000.0,6588000.0,14550000.0,30075000.0,263000.0,-269629000.0,34876800.0,49854800.0,0.6726672171758877,0.45278350515463917,0.44664402014759286,3.7446599558065308,-0.007208536328021065,0.6726672171758877,-0.1185858089860054,5.508022741629817,-18.05217391304348,8.562926589737293,0.0,6.281368821292776,0.0,0.18542813634766311,0.3541580756013746,-0.014144312990511889,-311.4,0.7391029690461149,-6.32,-0.9698222850817857,0.973529234053695,-0.141600451968373,-0.11914172783738002,-6.25,-1.3515850144092219,0.5574574663381809,0.18323299762610287,-0.10100590059456865,Software—Application,Technology,ASUR
2014Q4,2014,Q4,2015-03-27,2014-12-31,92000.0,7101000.0,347000.0,0.015,5313000.0,0.7482044782,34468000.0,4471000.0,7088000.0,14402000.0,29997000.0,170000.0,-269146000.0,34089650.0,48900650.0,0.7383980181668043,0.49215386751840023,0.4389868863873738,3.384254081860881,0.0236030337040438,0.7383980181668043,0.020577052113621114,4.800683002394029,92.63491847826087,7.62461418027287,0.0,10.51764705882353,0.0,0.20601717535105024,0.38987640605471463,0.00266914239294418,59.28634782608696,0.748204478242501,-0.5,0.0653104121312214,1.255569272524716,0.2543820958395327,-0.022447102115915364,-0.42857142857142855,-0.3326923076923077,1.1106928094533957,0.5106226096310138,0.6810718446539793,Software—Application,Technology,ASUR
2014Q3,2014,Q3,2014-11-12,2014-09-30,161000.0,7030000.0,520000.0,0.03,5435000.0,0.7731152205,34844000.0,4263000.0,7016000.0,13347000.0,30581000.0,318000.0,-269238000.0,30340400.0,45413400.0,0.7095539280958721,0.5256611972727954,0.4795660658936976,3.919774806474314,0.01782053115910933,0.7095539280958721,0.03776683087027915,4.315846372688478,47.112422360248445,7.117147548674643,0.0,5.015723270440252,0.0,0.20175639995408104,0.40151344871506706,0.00462059465044197,34.99469434832756,0.7731152204836416,11.5,1.0835877031156333,1.3682179684591163,-0.14556138043405173,0.050241545893719805,9.733333333333333,0.5853658536585366,3.276065820285596,1.1641358684024818,0.21160915212680742,Software—Application,Technology,ASUR
2014Q2,2014,Q2,2014-08-13,2014-06-30,15000.0,6548000.0,328000.0,0.0024,5175000.0,0.7903176542,31940000.0,3786000.0,7069000.0,13052000.0,28154000.0,260000.0,-269399000.0,36113160.0,49167160.0,0.6332162568991471,0.5416028194912657,0.471477770820288,3.9775488642366614,0.005221544176174053,0.6332162568991471,0.003961965134706815,5.515143555284056,601.886,9.538605388272583,0.0,5.280769230769231,0.0,0.2050093926111459,0.4162580447441005,0.000469630557294928,65.18620938628159,0.7903176542455712,1.027027027027027,1.002236690630149,1.117990529636767,-0.42840795011595156,0.041457033608371906,1.028301886792453,-0.15681233933161953,-0.5700228577800078,1.0821210308388316,0.07412325102668733,Software—Application,Technology,ASUR
2014Q1,2014,Q1,2014-05-14,2014-03-31,-530000.0,6527000.0,389000.0,-0.0888,4969000.0,0.7612992186,33034000.0,3739000.0,7602000.0,13928000.0,29295000.0,79000.0,-269414000.0,39646576.8,53216576.8,0.6262069011718561,0.545807007466973,0.4614034025549434,4.07649104038513,0.022258021610912036,0.6262069011718561,-0.141749130783632,6.074241887544047,-18.701215471698113,10.60352415084247,0.0,19.72151898734177,0.0,0.19758430707755645,0.4228173463526709,-0.0160440758006902,-408.7275958762886,0.7612992186303049,-4.192982456140351,0.701327703752258,1.1239101579216222,-0.7193165292524016,-0.02721221613155834,-4.196078431372549,-0.2822878228782288,-5.845945398241797,1.1461636849364418,0.07683851176988633,Software—Application,Technology,ASUR
2013Q4,2013,Q4,2014-03-27,2013-12-31,-102000.0,6732000.0,542000.0,-0.0171,5108000.0,0.7587641117,35615000.0,4217000.0,9660000.0,17497000.0,31398000.0,77000.0,-268884000.0,33514493.310000002,46582493.31,0.7062622364914996,0.5520946447962508,0.47749543731573774,4.032724685795589,0.02480866445433189,0.7062622364914996,-0.024187811240218165,4.978385815508021,-82.14336595588236,7.947472921508182,0.0,21.09090909090909,0.0,0.1890214797136038,0.44859118706063894,-0.002863961813842482,61.60752446691177,0.7587641117052881,-1.855,0.9482017358015857,1.1732163930977832,-0.7206498790822528,0.036525974025974024,-1.9357798165137614,0.1315240083507307,-2.1977468792807264,1.1684893624882968,0.1997901980045574,Software—Application,Technology,ASUR
2013Q3,2013,Q3,2013-11-13,2013-09-30,109000.0,6470000.0,479000.0,0.02,4928000.0,0.7616692427,35334000.0,4169000.0,8967000.0,15415000.0,31165000.0,170000.0,-268782000.0,25613280.0,39165280.0,0.7031539888682746,0.5817061303924749,0.47144393502009396,3.995682417846006,0.016938446585059157,0.7031539888682746,0.026145358599184456,3.958775888717156,58.74605504587156,6.143746701846966,0.0,9.070588235294117,0.0,0.1831097526461765,0.4411287706779111,0.003084847455708383,52.81088659793814,0.7616692426584235,1.2,1.055733193668942,0.8235384233970174,-0.7526102669132175,0.023468328141225337,1.1915641476274166,2.958677685950413,0.0,0.9865235207229952,0.23251707707876543,Software—Application,Technology,ASUR
2013Q2,2013,Q2,2013-08-14,2013-06-30,-569000.0,6296000.0,121000.0,-0.1,4815000.0,0.7647712834,36065000.0,4076000.0,8438000.0,14586000.0,31989000.0,260000.0,-268891000.0,31772660.0,46163660.0,0.7414953611060578,0.5784999314411079,0.4903923471509774,4.3390578999018645,0.0060032746878557,0.7414953611060578,-0.13959764474975467,5.046483481575604,-13.959868189806679,7.795058881256134,0.0,5.696153846153846,0.0,0.17457368639955637,0.4305498423145482,-0.015777069180646055,51.66286178861789,0.7647712833545108,0.5238095238095237,0.9446993072702534,0.8645339632694403,-0.7681286356047973,0.14697474988089568,0.4827272727272727,1.336111111111111,0.5280815957831008,1.0190919722446008,0.3171860973198782,Software—Application,Technology,ASUR
2013Q1,2013,Q1,2013-05-15,2013-03-31,-1100000.0,5975000.0,-360000.0,-0.21,4198000.0,0.7025941423,35552000.0,1127000.0,7272000.0,17498000.0,34425000.0,348000.0,-268322000.0,34354330.0,52690330.0,0.2142178293100171,0.41559035318322096,0.5604185418541854,17.678793256433007,-0.017729932033917362,0.2142178293100171,-0.9760425909494232,5.7496786610878665,-7.807802272727273,30.482990239574093,0.0,5.10632183908046,0.0,0.16806368136813682,0.2759743970739513,-0.03094059405940594,-536.78640625,0.7025941422594142,-0.75,0.38201410830188637,0.9505821777397887,-0.957816508135553,-0.03449862005519779,-0.7377567140600316,-11.285714285714286,-4.163194037214832,1.1433170221742135,-0.7266337898373407,Software—Application,Technology,ASUR
2012Q4,2012,Q4,2013-04-01,2012-12-31,-633000.0,5948000.0,35000.0,-0.12,4348000.0,0.7310020175,36148000.0,2160000.0,7249000.0,16938000.0,33988000.0,266000.0,-267222000.0,30882070.0,48842070.0,0.4105683330165368,0.42797260597473136,0.5570709306185682,9.322685185185184,0.0018265283644067125,0.4105683330165368,-0.29305555555555557,5.1920090786819095,-12.196710110584517,14.29725462962963,0.0,6.015037593984962,0.0,0.16454575633506693,0.30912740583303816,-0.017511342259599424,47.14819847328244,0.7310020174848688,0.4782608695652174,0.6237183188503512,0.9191800313329636,-0.9247245433757458,-0.07939868727503706,0.48452768729641693,1.055205047318612,-9.436025816039123,1.1744702110907865,-0.3025312184162907,Software—Application,Technology,ASUR
2012Q3,2012,Q3,2012-11-19,2012-09-30,-1228000.0,5659000.0,-634000.0,-0.23,4723000.0,0.8345997526,35726000.0,2765000.0,7561000.0,14235000.0,32961000.0,174000.0,-266590000.0,36190500.0,53707500.0,0.5271687321258341,0.5311556023884791,0.5671779656272743,7.328390596745027,-0.028190537490476144,0.5271687321258341,-0.44412296564195297,6.395211168050892,-7.367772801302932,13.088788426763111,0.0,5.379310344827586,0.0,0.15840004478531042,0.42725676150333686,-0.034372725745955325,-4.087936292782108,0.8345997526064676,-2.549382716049383,-0.03651258278970948,1.338607374642517,-0.9198208733119044,0.46950840074673306,-2.801857585139319,-316.0,0.2697033410685191,1.1836874206533872,-0.3651880344532909,Software—Application,Technology,ASUR
2012Q2,2012,Q2,2012-08-14,2012-06-30,-323000.0,4205000.0,-2000.0,-0.0648,3214000.0,0.7643281807,15833000.0,3217000.0,3539000.0,7742000.0,12616000.0,156000.0,-265362000.0,20675300.0,24550300.0,0.6457246085909273,0.4571170240247998,0.3390387166045601,1.668635374572583,-0.0003694724265473374,0.6457246085909273,-0.10040410320174076,4.916837098692033,-16.002554179566566,6.426888405346597,0.0,6.352564102564102,0.0,0.2655845386218657,0.40299664169465255,-0.02040042948272595,92.71434977578475,0.7643281807372176,0.64,-1.1223256369168562,-0.6306786148480783,-0.8839836701249165,0.034438364982298034,0.6186540731995277,-1.0224719101123596,0.9421981136265923,0.6323232761035652,-0.41711690332699647,Software—Application,Technology,ASUR
2012Q1,2012,Q1,2012-05-15,2012-03-31,-847000.0,4153000.0,89000.0,-0.18,3107000.0,0.7481338791,15763000.0,3516000.0,3151000.0,7405000.0,12247000.0,113000.0,-265037000.0,24716740.0,28803740.0,0.7482443072994254,0.42552329507089803,0.3347078601789,1.5005688282138794,0.010654473541831206,0.7482443072994254,-0.24089874857792948,5.951538646761377,-7.2953778040141675,7.029789533560865,0.0,9.256637168141593,0.0,0.2634650764448392,0.37177582714382174,-0.05373342637822749,43.824007092198585,0.7481338791235251,-0.28571428571428553,-1.1144651239834884,-0.8382457257028517,-0.8594928497776868,0.1414401175606172,-0.31317829457364343,-0.11,0.3934946274752349,0.7171832005286085,-0.6646159460285196,Software—Application,Technology,ASUR
2011Q4,2011,Q4,2012-03-30,2011-12-31,-645000.0,3648000.0,100000.0,-0.14,2722000.0,0.7461622807,16085000.0,2064000.0,3100000.0,7415000.0,14021000.0,116000.0,-264190000.0,19955243.299999997,25339243.299999997,0.4392423919982975,0.41807147673634526,0.40105688529686045,3.125484496124031,0.012514937888072215,0.4392423919982975,-0.3125,5.470187308114034,-7.734590426356589,9.668238032945736,0.0,7.982758620689655,0.0,0.2267951507615791,0.356844234659474,-0.04009947155735157,13.547347793618464,0.7461622807017544,-15.000000000000002,-1.1188149054396854,1.8403846079436632,-0.8831412289021856,0.3501984126984127,-23.24137931034483,5.166666666666667,0.5837953577282213,0.49639368021828584,-0.8262650769401546,Software—Application,Technology,ASUR
2011Q3,2011,Q3,2011-11-14,2011-09-30,29000.0,2502000.0,-24000.0,0.01,2016000.0,0.8057553957,9893000.0,2710000.0,7414000.0,4179000.0,7183000.0,6000.0,-263545000.0,10086561.75,7358561.75,0.5856293895191789,1.7741086384302465,0.33902759526938236,1.2376383763837637,-0.003018422787357319,0.5856293895191789,0.010701107011070111,4.031399580335731,86.95311853448275,3.721978505535055,0.0,81.0,0.0,0.2529060952188416,1.7183536731275424,0.0029313656120489233,12.800205266497462,0.8057553956834532,0.0,-0.9913208575035095,-0.7736969462417091,-0.8285071201978355,0.009514271407110666,0.07407407407407407,-1.5853658536585367,1.018998549859251,-0.09648999456655508,-0.7939587904576818,Software—Application,Technology,ASUR
2011Q2,2011,Q2,2011-08-11,2011-06-30,27000.0,2434000.0,41000.0,0.01,1997000.0,0.8204601479,6063000.0,2728000.0,3304000.0,3180000.0,3335000.0,10000.0,-263574000.0,8915804.25,6899804.25,0.5895191788222582,1.038993710691824,0.0016493485073396008,0.0036656891495601175,0.010329190460194827,0.5895191788222582,0.009897360703812317,3.663025575184881,82.55374305555556,3.268256689882698,0.0,43.7,0.0,0.40145142668645883,0.9638364779874213,0.004453240969816922,13.367022863568216,0.8204601479046837,1.7692307692307694,1.084462041892883,-0.5406039405793561,-0.7782225354097668,0.041731872717788214,1.45,2.8636363636363638,1.00311717639513,-0.14374038212497503,-0.8156527693892005,Software—Application,Technology,ASUR
2011Q1,2011,Q1,2011-05-13,2011-03-31,-60000.0,2357000.0,-22000.0,-0.013,1917000.0,0.8133220195,5704000.0,2691000.0,2749000.0,2896000.0,3013000.0,23000.0,-263601000.0,8329500.0,6968500.0,0.5815235008103727,0.9492403314917127,0.0024544179523141654,0.005202526941657376,-0.009519070592562144,0.5815235008103727,-0.022296544035674472,3.53394145099703,-34.706250000000004,3.0953177257525084,0.0,19.130434782608695,0.0,0.413218793828892,0.8525552486187845,-0.010518934081346423,27.39967105263158,0.8133220195163343,-1.9285714285714286,0.96551651495537,-0.2362213767269114,-0.7862505177338114,0.015360169491525424,-1.9090909090909092,-1.2417582417582418,0.9616770440403858,-0.12520196453279475,-0.8854871606885801,Software—Application,Technology,ASUR
2010Q4,2010,Q4,2011-03-31,2010-12-31,66000.0,2406000.0,91000.0,0.014,1888000.0,0.7847049044,5836000.0,2724000.0,2651000.0,2971000.0,3112000.0,25000.0,-263541000.0,9038895.75,7993895.75,0.5886547811993517,0.8922921575227196,0.004283755997258396,0.009177679882525698,0.03007089641913001,0.5886547811993517,0.024229074889867842,3.7568145261845385,34.23824147727273,3.3182436674008815,0.0,20.72,0.0,0.41226867717614807,0.7980477953550993,0.011309115832762166,37.81964748953975,0.7847049044056525,0.0,1.1124870340356565,-0.5476169676525116,-0.8107616843421888,-0.02730551262235961,0.0,1.8272727272727274,1.0446041405461606,-0.11740339253935371,-0.8920733678526374,Software—Application,Technology,ASUR
2010Q3,2010,Q3,2010-11-10,2010-09-30,0.0,2542000.0,-110000.0,0.0,1941000.0,0.7635719906,6009000.0,2640000.0,2594000.0,3236000.0,3369000.0,85000.0,-263607000.0,7990304.25,7153304.25,0.5705024311183144,0.8016069221260815,0.0,0.0,0.0,0.5705024311183144,0.0,3.1433140243902438,0.0,3.0266303977272724,0.0,7.070588235294117,0.0,0.42303211848893324,0.6931396786155748,0.0,63.922434,0.7635719905586152,1.0,1.0,-0.4311394147806482,-0.8204186921483133,-0.08572774375883184,1.0,-1.658682634730539,1.0,0.1906722506753108,-0.9132300838176737,Software—Application,Technology,ASUR
2010Q2,2010,Q2,2010-08-12,2010-06-30,-1015000.0,2625000.0,167000.0,-0.22,2123000.0,0.8087619048,5636000.0,2605000.0,2019000.0,2866000.0,3031000.0,83000.0,-263607000.0,6787154.249999999,6082154.249999999,0.5629389519178822,0.7044661549197487,0.0,0.0,0.06493921944977607,0.5629389519178822,-0.3896353166986564,2.585582571428571,-1.671712869458128,2.6054334932821495,0.0,6.048192771084337,0.0,0.46575585521646556,0.5959525471039777,-0.18009226401703335,-5.403785230891719,0.8087619047619048,-4.432098765432098,0.8444347859170147,2.1275538572560895,-0.8400382559846312,0.16520307354555433,-4.398936170212766,2.518181818181818,-1.4138455611586902,-0.7517866939722505,-0.8988576395009078,Software—Application,Technology,ASUR
2010Q1,2010,Q1,2010-05-17,2010-03-31,-188000.0,2460000.0,-110000.0,-0.0405,1822000.0,0.7406504065,7329000.0,3638000.0,3310000.0,3203000.0,3691000.0,24000.0,-262592000.0,7396895.25,5405895.25,0.7836295099623047,1.0334061817046518,0.0,0.0,-0.032858046249130086,0.7836295099623047,-0.05167674546454096,3.006867987804878,-9.836296874999999,2.033231239692139,0.0,26.583333333333332,0.0,0.33565288579615227,0.9594130502653762,-0.025651521353527083,-39.3451875,0.740650406504065,0.0,0.96471349094867,0.6747875462427468,-0.8155938121200481,0.0,0.0,0.0,-1.0257158660287287,-0.9030199342614642,-0.8528481296806577,Software—Application,Technology,ASUR
2009Q3,2009,Q3,2009-12-15,2009-10-31,-1506000.0,2321000.0,-1459000.0,-0.32,1842000.0,0.7936234382,9213000.0,3901000.0,4835000.0,4763000.0,5312000.0,31000.0,-262453000.0,6355785.15,4923785.15,0.8304328852274058,1.0151165231996642,0.02377075871051775,0.05613945142271212,-0.3389534168015691,0.8304328852274058,-0.3860548577287875,2.738382227488152,-1.055077216135458,1.6292707382722378,0.0,15.451612903225806,0.0,0.25192662542060135,0.9410035691790888,-0.16346466948876587,-0.9203279973935709,0.7936234381732012,0.7142857142857143,-4.085249801744647,-0.7141909471886235,-0.8444703379748772,-0.047569803516028956,0.7141772632378061,0.432074737251849,-1.4439957457293773,-0.7931986994904912,-0.756820047766055,Software—Application,Technology,ASUR
2009Q2,2009,Q2,2009-11-06,2009-07-31,-5269000.0,2429000.0,-2569000.0,-1.12,1934000.0,0.7962124331,15688000.0,5204000.0,11067000.0,9909000.0,10484000.0,3000.0,-260947000.0,5012285.85,843285.8499999996,1.107811518770423,1.1168634574629126,0.013131055583885772,0.039584934665641815,-0.44314529731196395,1.107811518770423,-1.0124903920061492,2.06351825854261,-0.2378195981210856,0.9631602325134511,0.0,165.0,0.0,0.1548317185109638,1.1393682510848724,-0.33586180520142783,-3.658602810218978,0.7962124331000412,-2.733333333333334,-20.15242165242165,-0.6873289733208762,-0.7878711374095989,0.013626834381551363,-2.7988464311463592,-0.8363116511794139,-15.236821896439583,-0.5483841011469254,-0.5832406498333186,Software—Application,Technology,ASUR
2009Q1,2009,Q1,2009-06-15,2009-04-30,-1387000.0,2402000.0,-1399000.0,-0.3,1908000.0,0.7943380516,17296000.0,10412000.0,12457000.0,6353000.0,6884000.0,3000.0,-255678000.0,5287654.35,-2906345.6500000004,2.231007403121953,1.9608059184637179,0.0,0.0,-0.13533996999719056,2.231007403121953,-0.1332116788321168,2.2013548501248956,-0.953073963590483,0.507842330964272,0.0,164.66666666666666,0.0,0.13887604070305273,1.9386116795214858,-0.08019195189639224,-5.324928851963746,0.794338051623647,0.09090909090909098,0.7798807131523727,1.3465383614314173,-0.5786365701170372,-0.022540983606557378,0.09876543209876543,0.20330296127562641,0.20959506883488177,-0.22821879330173403,-0.1799528708903294,Software—Application,Technology,ASUR
2008Q4,2008,Q4,2009-03-13,2009-01-31,-1539000.0,2421000.0,-1756000.0,-0.33,1952000.0,0.8062783974,19024000.0,11798000.0,13911000.0,6628000.0,7226000.0,31000.0,-254292000.0,6845755.5,-2210244.5,2.528233151183971,2.0988231744115873,0.0,0.0,-0.1510968944693904,2.528233151183971,-0.13044583827767417,2.8276561338289965,-1.112046052631579,0.5802471181556196,0.0,15.129032258064516,0.0,0.12726030277544154,1.966053108026554,-0.08089781328847771,-3.943407546082949,0.8062783973564642,0.0,0.9097324991746182,-0.710052523586326,-0.6075446053255794,-0.12387791741472172,0.0,-0.04586063132817153,-1.6010716007714558,-0.548600960064823,-0.18723401490852937,Software—Application,Technology,ASUR
2008Q3,2008,Q3,2008-12-15,2008-10-31,-1539000.0,2792000.0,-1679000.0,-0.33,2228000.0,0.7979942693,20760000.0,13261000.0,15451000.0,6810000.0,7499000.0,58000.0,-252753000.0,5594054.4,-4959945.6,2.842292524005487,2.2688693098384727,0.0,0.0,-0.1287025541568292,2.842292524005487,-0.11605459618429982,2.0036011461318055,-0.9087157894736843,0.42184257597466257,0.0,9.724137931034482,0.0,0.13448940269749518,2.265051395007342,-0.07413294797687861,-6.715551500600241,0.7979942693409742,0.8235294117647058,0.5175634165675783,-0.42629799627288145,-0.7132216063223163,0.0008984725965858042,0.8237718996908279,0.80931289040318,0.09856262059816692,-0.38029551883785195,-0.10531037044411379,Software—Application,Technology,ASUR
2008Q2,2008,Q2,2008-11-06,2008-07-31,-8733000.0,2866000.0,-8805000.0,-1.87,2226000.0,0.776692254,22308000.0,14920000.0,16671000.0,6582000.0,7388000.0,74000.0,-251214000.0,9018604.8,-2262395.1999999993,3.1978737997256514,2.53281677301732,0.035009861932938854,0.052345844504021445,-0.5334250881426391,3.1978737997256514,-0.5853217158176943,3.146756734124215,-0.258176021985572,0.6044641286863272,0.0,8.64864864864865,0.0,0.12847409001255156,2.455940443634154,-0.39147391070467996,-6.378079773691655,0.776692254012561,-4.5,-2.276217031425365,-0.806694077527411,-0.6993897610183,0.07640232108317214,-4.551811824539097,-4.342839805825243,-0.3275437242798355,2.386808183893545,-0.0913091581202417,Software—Application,Technology,ASUR
2008Q1,2008,Q1,2008-06-16,2008-04-30,-1573000.0,2707000.0,-1648000.0,-0.34,2068000.0,0.7639453269,30940000.0,23610000.0,17886000.0,6437000.0,7330000.0,0.0,-242481000.0,15263487.75,3315487.75,5.078238425552509,2.778623582414168,0.02792501616031028,0.03659466327827192,-0.0656247229566587,5.078238425552509,-0.06662431173231681,5.638525212412264,-2.4258562857596946,0.6464840216010165,0.0,0.0,0.0,0.08749191984486102,2.7714773963026254,-0.05084033613445378,-10.216524598393574,0.763945326930181,-0.06250000000000006,-1.7254351304672828,-0.8742611342387989,-0.46938965049523684,-0.017577197149643706,-0.05997304582210242,0.002421307506053269,0.7051856756352061,0.8402714314486684,0.1950272128555673,Software—Application,Technology,ASUR
2007Q4,2007,Q4,2008-03-17,2008-01-31,-1484000.0,2734000.0,-1652000.0,-0.32,2105000.0,0.7699341624,32898000.0,25313000.0,19681000.0,6613000.0,7585000.0,0.0,-240908000.0,21348600.0,8352600.0,5.454212454212454,2.9761076667170725,0.028664356495835614,0.03725358511436811,-0.061025382693711376,5.454212454212454,-0.05862600244933434,7.808558888076079,-3.5964622641509436,0.8433848220282067,0.0,0.0,0.0,0.0831053559486899,2.9263571752608497,-0.04510912517478266,-13.065238678090575,0.7699341623994148,-0.3913043478260869,-2.8041711857966907,-0.7372524211600754,-0.40481492405489217,0.36245954692556637,-0.616557734204793,-0.3518821603927987,-0.5279721331774889,0.39061170704736536,0.009675076731452422,Software—Application,Technology,ASUR
2007Q3,2007,Q3,2007-12-17,2007-10-31,-918000.0,1875000.0,-1222000.0,-0.23,1545000.0,0.824,34628000.0,26721000.0,21237000.0,6814000.0,7907000.0,0.0,-239424000.0,37117425.3,21192425.299999997,6.574887428951059,3.116671558555914,0.0,0.0,-0.04644005758620792,6.574887428951059,-0.03435500168406871,19.79596016,-10.108231290849673,1.3890732120803861,0.0,0.0,0.0,0.05414693311770821,2.9624302905782214,-0.02651033845442994,-4.086921966527196,0.824,-1.4339622641509433,-2.9701690619096586,-0.8632000448734338,-0.253362454908863,-0.6839844548987523,-1.426183844011142,-1.715456674473068,-3.1737773950789117,-0.7331242344908511,0.23139393666709174,Software—Application,Technology,ASUR
2007Q2,2007,Q2,2007-10-29,2007-07-31,2154000.0,9288000.0,1708000.0,0.53,4889000.0,0.5263781223,37292000.0,22620000.0,36313000.0,13458000.0,14672000.0,0.0,-238506000.0,22758960.0,-9579040.0,5.565807927954529,2.6982463961955716,0.03180306768207659,0.0524314765694076,0.07084137953981656,5.565807927954529,0.09522546419098143,2.4503617571059433,2.641476323119777,1.0061432360742706,0.0,0.0,0.0,0.24906146090314277,3.0578837865953337,0.05776037756087096,2.5332769367764914,0.5263781223083549,-0.6558441558441558,-0.22406651494900606,-0.6066672638183266,-0.35929753307193,-0.520215897939156,-0.6437313926563016,-0.7171717171717171,10.995041952707858,0.38194054049046233,0.06576659038901597,Software—Application,Technology,ASUR
2007Q1,2007,Q1,2007-06-14,2007-04-30,6046000.0,20978000.0,6039000.0,1.54,10190000.0,0.485746973,38086000.0,20446000.0,37269000.0,16318000.0,17640000.0,0.0,-240660000.0,30715200.0,7400200.0,5.32531124654894,2.2839195979899496,0.034107020952581,0.06353320942971731,0.25489675115391136,5.32531124654894,0.29570576151814537,1.4641624559061874,1.2700628514720476,1.502259610681796,0.0,0.0,0.0,0.5508060704720895,1.6660742738080647,0.15874599590400673,3.7789370078740157,0.4857469730193536,0.3628318584070798,-0.3210162913268641,-0.09066408070563574,-0.3507630143978419,10.988235294117647,0.36880235453928006,4.316309719934102,2.1663249505470645,23.91084870031776,0.005774973628592679,Software—Application,Technology,ASUR
2006Q4,,,,,,,,,,,,,,,,,,31861248.72555,15372248.72555,3.7587456026782795,4.874070274429341,0.0,0.0,-0.4311969330462317,3.7587456026782795,0.30735509011203116,30.489233230191388,1.8033308085550146,2.217051612660914,0.0,0.0,0.0,0.053245694486905124,7.392151833803539,0.22505859574034445,9.44876889844306,0.8133971291866029,0.5694444444444443,1.5025078298138819,-0.8823653030208982,-0.5084656309309993,-0.8379717880289744,0.6067660967624591,-1.6934501142421934,1.3162040381277516,-0.8472475980586401,-0.4165332464337637,Software—Application,Technology,ASUR
