Quarters,Year,Quarter,FillingDate,Date,NetIncome,Revenue,OperatingIncome,EPSDiluted,GrossProfit,GrossProfitRatio,TotalAssets,CommonStockEquity,CurrentAssets,CurrentLiability,TotalLiability,Inventory,RetainedEarnings,MarketCap,EnterpriseValue,bookValuePerShare,currentRatio,debtToAssets,debtToEquity,roic,shareholdersEquityPerShare,roe,priceToSalesRatio,peRatio,pbRatio,payoutRatio,inventoryTurnover,dividendYield,assetTurnover,quickRatio,returnOnAssets,priceToFreeCashFlowsRatio,grossProfitMargin,epsdilutedGrowth,fiveYNetIncomeGrowthPerShare,fiveYRevenueGrowthPerShare,fiveYShareholdersEquityGrowthPerShare,grossProfitGrowth,netIncomeGrowth,operatingIncomeGrowth,threeYNetIncomeGrowthPerShare,threeYRevenueGrowthPerShare,threeYShareholdersEquityGrowthPerShare,Industry,Sector,Symbol
2023Q1,2023,Q1,2023-05-10,2023-03-31,-650000.0,534000.0,1419000.0,-0.24,4768000.0,8.9288389513,216469000.0,93833000.0,10556000.0,13912000.0,122636000.0,0.0,-97201000.0,56388592.0,166760592.0,34.61207898221683,0.7587694077055779,0.6173216488273148,1.4241364978205961,0.006238349804804277,34.61207898221683,-0.006927200451866614,105.59661423220973,-21.687920000000002,0.600946276896188,-0.7507692307692307,0.0,0.008654232756866848,0.0024668659253749958,0.7587694077055779,-0.0030027394222729353,88.94099684542587,8.928838951310862,0.5932203389830508,-5.523008383082896,-0.6294686180003878,-0.5780839536821277,20.871559633027523,0.597024178549287,-0.911846927999006,0.9847269308106417,-0.9179361627095173,-0.08222671798884489,Asset Management,Financial Services,LRFC
2022Q4,2022,Q4,2023-03-09,2022-12-31,-1613000.0,13884000.0,16097000.0,-0.59,218000.0,0.0157015269,214710000.0,95005000.0,8371000.0,1695000.0,119705000.0,0.0,-96060000.0,60618667.1596,170902667.1596,35.04338511612398,4.938643067846607,0.6099389874714731,1.3784537655912847,0.03623613704349117,35.04338511612398,-0.01697805378664281,4.36608089596658,-9.395329689956602,0.6380576512773012,-0.2287662740235586,0.0,0.006087233805858474,0.06466396534860976,4.938643067846607,-0.007512458665176284,-4.147702166240164,0.015701526937481995,0.6467065868263474,-1.6831512622758964,-0.6722992061981509,-0.5804915742520852,-0.93536910761933,0.6430626244744413,8.251149425287357,-22.2476516982248,8.933301518816345,-0.362108085486449,Asset Management,Financial Services,LRFC
2022Q3,2022,Q3,2022-11-08,2022-09-30,-4519000.0,3373000.0,1740000.0,-1.67,3373000.0,1.0,208483000.0,98176000.0,178829000.0,14834000.0,110307000.0,0.0,-90697000.0,48690781.28,144157781.28,36.2130348630134,12.055345827153836,0.578387686286172,1.2282431551499349,0.012139065855759173,36.2130348630134,-0.04602957953063885,14.43545249925882,-2.6936701305598585,0.4959540140156454,-0.1630891790219075,0.0,0.015136335475124666,0.0161787771664836,12.055345827153836,-0.021675628228680514,-2.0809804803829386,1.0,0.10215053763440869,0.49021840042602455,-0.6619872915562506,-0.5756557256425783,0.12583444592790388,0.10230433055224473,1.5993799517740268,-3.610394375036784,0.18463818565219192,-0.3588849610542341,Asset Management,Financial Services,LRFC
2022Q2,2022,Q2,2022-08-09,2022-06-30,-5034000.0,2996000.0,-2903000.0,-1.86,2996000.0,1.0,212139000.0,101137000.0,30513000.0,8673000.0,111002000.0,0.0,-87736000.0,42779839.7196,114646839.71959999,37.30522436176444,3.5181598062953996,0.5429506125700602,1.1388611487388394,-0.013420057507928143,37.30522436176444,-0.04977406883731968,14.278985220160214,-2.1245450794398093,0.4229890121281035,0.0,0.0,0.0,0.014122815701026213,3.5181598062953996,-0.02372972437882709,1.2031002789695708,1.0,-4.8125,0.2150961746240707,-0.7102357885570857,-0.5848955205928767,8.511111111111111,-4.8671328671328675,-3.1827067669172933,0.8290734560195716,-0.7150380171369529,-0.34953889928458304,Asset Management,Financial Services,LRFC
2022Q1,2022,Q1,2022-05-12,2022-03-31,-858000.0,315000.0,1330000.0,-0.32,315000.0,1.0,233991000.0,106171000.0,23949000.0,3803000.0,127820000.0,0.0,-82702000.0,61188804.76,168340804.76,39.162057167138556,6.297396792006311,0.5256185066947019,1.1584142562469977,0.005803779875284189,39.162057167138556,-0.008081302803967185,194.25017384126983,-17.828905815850817,0.5763231462452083,0.0,0.0,0.0,0.0013462056232932036,6.297396792006311,-0.003666807697731964,-2.643030744244309,1.0,0.7310924369747899,-1.1018099573350617,-0.9388876987321021,-0.5847037758280973,-0.9647335423197492,0.7345297029702971,2.8370165745856353,-4.611043147268459,-0.5944462163002642,-0.4385439378080693,Asset Management,Financial Services,LRFC
2021Q4,2021,Q4,2022-03-14,2021-12-31,-3232000.0,8932000.0,-724000.0,-1.19,8932000.0,1.0,242217000.0,107029000.0,40670000.0,11320000.0,135188000.0,0.0,-81844000.0,62327453.31999999,146074453.32,39.47853760953248,3.5927561837455833,0.5069957930285653,1.1473806164684337,-0.0031501270493229836,39.47853760953248,-0.03019742312831102,6.977995221674876,-4.8211210798267325,0.5823417328013902,0.0,0.0,0.0,0.036876024391351556,3.5927561837455833,-0.013343406945012118,19.019668391821785,1.0,0.07751937984496131,-1.2223231205137326,-0.023770845678253136,-0.5837316206965507,5.443781094527363,0.07286288009179576,0.3915966386554622,0.653765603709767,-0.4569263099034093,-0.4467546108894973,Asset Management,Financial Services,LRFC
2021Q3,2021,Q3,2021-11-10,2021-09-30,-3486000.0,3248000.0,-1190000.0,-1.29,-2010000.0,1.0,240574000.0,110261000.0,41495000.0,5285000.0,130313000.0,0.0,-119247000.0,69674447.6,156135447.6,40.67068771421447,7.8514664143803214,0.5147979415896979,1.1232167312104915,-0.005083124028226289,40.67068771421447,-0.031615893198864514,21.451492487684728,-4.996733189902467,0.6319047315007119,0.0,0.0,0.0,0.013501043338016577,7.8514664143803214,-0.014490343927440206,1.9224779979029853,-0.6188423645320197,0.5376344086021505,0.48040203226593736,-0.7922548978774431,-0.5679865387342995,0.6491534299179612,0.5385226370135028,0.7534189805221716,0.7122084571105604,-0.6940056053302002,-0.46723728316066837,Asset Management,Financial Services,LRFC
2021Q2,2021,Q2,2021-08-16,2021-06-30,-7554000.0,4359000.0,-4826000.0,-2.79,-5729000.0,1.0,263156000.0,113747000.0,34479000.0,786000.0,149409000.0,0.0,-115761000.0,66556716.688932,188965716.688932,41.95652783331145,43.86641221374046,0.564505464439344,1.3059948833815398,-0.01839878002287457,41.95652783331145,-0.06641054269563153,15.268804012143152,-2.2026977988129466,0.5851294248545632,0.0,0.0,0.0,0.016564319263098693,43.86641221374046,-0.028705406678928087,5.145077047691094,-1.3142922688690066,-1.6905940594059405,-1.6060786226971082,-0.4290351857198323,-0.5707999785469677,-1.4203845024948636,-1.6114618746964546,-1.313559872652849,-2.4999739306322755,-0.07078420697593678,-0.4904297366362645,Asset Management,Financial Services,LRFC
2021Q1,2021,Q1,2021-05-03,2021-03-31,12354000.0,13628000.0,15391000.0,4.04,13628000.0,1.0,319911000.0,121301000.0,60870000.0,931000.0,198610000.0,0.0,-108207000.0,41858889.92,176048889.92000002,44.74288361634603,65.3813104189044,0.6061592130311243,1.598643044987263,0.048826526403949015,44.74288361634603,0.10184582155134747,3.071535802759026,0.8470715946252226,0.34508280986966305,0.0,0.0,0.0,0.04259934794364683,65.3813104189044,0.038616990350441215,1.4053681356387444,1.0,19.2,2.112575843432841,-0.11617956804059193,-0.5426976910010981,6.451066156369601,21.96282527881041,3.33793686583991,84.96251988185608,8.455910846548555,-0.45459096617777506,Asset Management,Financial Services,LRFC
2020Q4,2020,Q4,2021-03-08,2020-12-31,538000.0,1829000.0,3548000.0,0.2,1829000.0,1.0,327997000.0,108947000.0,52228000.0,1716000.0,219050000.0,0.0,-120561000.0,39066489.88,202616489.88,40.18600787586294,30.435897435897434,0.6508961972213161,1.9595950324469695,0.011003631694677133,40.18600787586294,0.0049381809503703635,21.359480524876982,18.15357336431227,0.3585825206751907,0.0,0.0,0.0,0.005576270514669341,30.435897435897434,0.0016402589048070562,5.716489593210419,1.0,-0.8387096774193549,1.0256538549003844,-0.9772646189346368,-0.6068024232106681,-0.5607588856868396,-0.8396423248882265,-0.47654175272941873,1.8949382387504228,-0.9568305422166824,-0.5189286410193351,Asset Management,Financial Services,LRFC
2020Q3,2020,Q3,2020-11-03,2020-09-30,3355000.0,4164000.0,6778000.0,1.24,4164000.0,1.0,326603000.0,108409000.0,45859000.0,875000.0,218194000.0,0.0,-129973000.0,25511149.88,195541149.88,39.98756209729893,52.41028571428571,0.654363248347382,1.9713953638535546,0.021041455827843763,39.98756209729893,0.030947615050410944,6.1265969932756965,1.9009798718330848,0.2353231731682794,0.00029806259314456036,0.0,3.919854670227824e-05,0.01274942361215298,52.41028571428571,0.010272410235056015,2.701879885617454,1.0,0.08771929824561413,-0.7435144337870551,-0.5392563738569506,-0.6261442551367297,0.0016839066634592255,0.08225806451612903,-0.15115842204132748,1.3784725086458702,-0.5827201547703017,-0.5314258226163856,Asset Management,Financial Services,LRFC
2020Q2,2020,Q2,2020-08-04,2020-06-30,3100000.0,4157000.0,7985000.0,1.14,4157000.0,1.0,385511000.0,105055000.0,97304000.0,2440000.0,280456000.0,0.0,-133328000.0,42780937.08,221984937.07999998,38.750153997328006,39.87868852459017,0.7118603619611373,2.61225072581029,0.021041674901511258,38.750153997328006,0.029508352767597924,10.291300716863121,3.4500755709677415,0.4072241880919518,0.0,0.0,0.0,0.010783090495472243,39.87868852459017,0.008041275086832802,1.1010407175395702,1.0,1.0726114649681529,-0.6711509913963997,-0.33276419521511047,-0.6468840188772911,1.1015487590384991,1.0730442978322337,1.2067902833169317,1.483350358293792,-0.5979499901625043,-0.5688174303411184,Asset Management,Financial Services,LRFC
2020Q1,2020,Q1,2020-05-04,2020-03-31,-42440000.0,6489000.0,-38614000.0,-15.7,-40936000.0,1.0,380081000.0,101955000.0,57946000.0,1599000.0,278126000.0,0.0,-136428000.0,50770549.563437,267245549.56343699,37.71310372684845,36.238899312070046,0.7180206324441369,2.6767299298710214,-0.1030088486132193,37.71310372684845,-0.4162620764062577,7.824094554390045,-0.2990725115659578,0.49797017864192045,-0.08760603204524034,0.0,0.07323143105540778,0.01707267661366919,36.238899312070046,-0.11166040922855917,-25.15884517514222,-6.308522114347357,-612.2812499999999,-2.736053716162358,-0.5222382117213915,-0.6575941154510011,-30.450359712230217,-614.072463768116,-9.977912113461986,-6.0501293310429825,0.2624669448925213,-0.6000692835741588,Asset Management,Financial Services,LRFC
2019Q4,2019,Q4,2020-03-02,2019-12-31,-69000.0,1390000.0,4301000.0,-0.0256,1390000.0,1.0,427337000.0,148113000.0,64066000.0,2957000.0,279224000.0,0.0,-89935000.0,141221144.516089,351454144.51608896,54.936242831746284,21.665877578626986,0.6377963995628743,1.8401760817754012,0.010224239125008618,54.936242831746284,-0.00046586052540965346,101.59794569502805,-511.6708134640906,0.953468935988664,-53.608695652173914,0.0,0.026192961490823927,0.003252702199903121,21.665877578626986,-0.00016146507323260096,34.23542897359733,1.0,-1.0387878787878788,0.9975858507597642,-0.9792178261316415,-0.5067405741155258,-0.5077903682719547,-1.0401863715783344,-0.2618843315599794,-1.0047727485517466,-0.8472349362660279,-0.4207429617891925,Asset Management,Financial Services,LRFC
2019Q3,2019,Q3,2019-11-04,2019-09-30,1717000.0,2824000.0,5827000.0,0.66,2824000.0,1.0,435930000.0,151881000.0,64348000.0,7896000.0,284049000.0,0.0,-90920000.0,133745841.637798,343613841.637798,56.48445702125665,8.149442755825735,0.6254306884132773,1.7951159131161896,0.013725928979447619,56.48445702125665,0.01130490318077969,47.36042550913527,19.473768438817412,0.8805962670630164,2.1543389633080956,0.0,0.027656934635899914,0.006478104282797697,8.149442755825735,0.003938705755511206,4.772376151214915,1.0,1.0607734806629834,3.439896590242965,1.0097831363270715,-0.5267926620048174,1.1023447975935925,1.058914356299753,1.2405664272149286,1.25803360940299,-0.8178851390723662,-0.4000090198391646,Asset Management,Financial Services,LRFC
2019Q2,2019,Q2,2019-08-05,2019-06-30,-29144000.0,10404000.0,-24222000.0,-10.86,-27593000.0,1.0,437307000.0,153863000.0,45927000.0,2676000.0,283444000.0,0.0,-88605000.0,152757775.217215,386468775.217215,57.35196819722788,17.16255605381166,0.6338453306258532,1.8015052351767482,-0.057564038227965034,57.35196819722788,-0.1894152590291363,14.682600463015667,-1.3103707042377077,0.9928168254695086,-0.1278822399121603,0.0,0.024398103433362826,0.023791066687704518,17.16255605381166,-0.06664425678070554,3.9440700012190493,-2.6521530180699733,-191.5531914893617,-3.555865296929254,0.19474898497231527,-0.5300628353739885,-102.34456928838951,-192.0066225165563,-6.857799274486094,-3.362956274152585,0.37713768109964835,-0.4133102224660176,Asset Management,Financial Services,LRFC
2019Q1,2019,Q1,2019-05-06,2019-03-31,-151000.0,767000.0,4135000.0,-0.0564,-267000.0,-0.3481095176,488478000.0,186734000.0,32304000.0,5039000.0,301744000.0,0.0,-55439000.0,128664120.037156,396899120.037156,69.7508848942684,6.410795792816035,0.6074070889579469,1.5889179260338235,0.005951837212998427,69.7508848942684,-0.0008086368845523578,167.74983055691786,-213.02006628668212,0.6890235309967976,-24.894039735099337,0.0,0.029215604155334567,0.0015701833040587293,6.336177813058146,-0.0003091234405643652,-20.474875881151497,-0.34810951760104303,0.9836046511627907,0.8876919512099157,-0.721436416288633,-0.4282201684993357,0.986568065197706,0.9835851723013371,1.730307311903921,0.9862289926934874,-0.9496274416561206,-0.28709912864864023,Asset Management,Financial Services,LRFC
2018Q4,2018,Q4,2019-03-04,2018-12-31,-9199000.0,16208000.0,-5662000.0,-3.44,-19878000.0,1.0,493165000.0,190644000.0,44238000.0,14667000.0,302521000.0,0.0,-51274000.0,114934469.04,381527469.04,71.35809603945424,3.016158723665371,0.6202548842679427,1.6044984368771114,-0.01056364973640453,71.35809603945424,-0.048252239776756675,7.091218474827246,-3.1235587846505055,0.6028748297350035,-0.407979128166105,0.0,0.03265338963452177,0.032865268216519826,2.93672871071112,-0.0186529863230359,-6.6309622708129,-1.226431391905232,0.23042505592841162,-1.7964032246501775,0.7751805889282408,-0.4256699803387497,0.10584319193918403,0.2280127559583753,0.2436548223350254,0.5548857478221437,-0.7955540633775573,-0.30180100164001866,Asset Management,Financial Services,LRFC
2018Q3,2018,Q3,2018-11-05,2018-09-30,-11916000.0,10442000.0,-7486000.0,-4.47,-22231000.0,1.0,494200000.0,203596000.0,54500000.0,4034000.0,290604000.0,0.0,-38107000.0,138096791.313009,374106791.313009,76.33921524294608,13.510163609320774,0.579656009712667,1.4070315723295153,-0.015417945647748867,76.33921524294608,-0.058527672449360496,13.225128453649587,-2.8972975686683657,0.6782883323494027,-0.31931856327626723,0.0,0.02755313837361811,0.02112909753136382,13.510163609320774,-0.024111695669769326,5.8787106258996635,-2.1289982761923003,-3.865384615384615,-1.7656950859585652,0.050945318081795546,-0.3879755696018371,-5.823389021479714,-3.408245755860954,-1.9435341567935467,-1.9260187084592026,0.17449497962948746,-0.286281716612653,Asset Management,Financial Services,LRFC
2018Q2,2018,Q2,2018-08-06,2018-06-30,4948000.0,4609000.0,7934000.0,1.56,4609000.0,1.0,527857000.0,219317000.0,44596000.0,12493000.0,308540000.0,0.0,16541000.0,132649667.736352,387870667.73635197,82.33708057521113,3.569679020251341,0.5608469718124416,1.3498588800685765,0.021141877236682,82.33708057521113,0.022560950587505756,28.780574470894337,6.702186122491511,0.6048307597511913,0.7750606305578012,0.0,0.028910739585283084,0.008731531456436119,3.541663331465621,0.009373750845399417,5.113514040952623,1.0,25.0,-0.8062653944376929,0.07860645342629326,2796.798161403573,2.2595473833097595,34.09219858156028,0.7418221734357848,-0.4657666498264097,-0.24703898908377772,-0.24969229820093036,Asset Management,Financial Services,LRFC
2018Q1,2018,Q1,2018-05-07,2018-03-31,141000.0,1414000.0,4555000.0,0.06,1414000.0,1.0,532864000.0,218204000.0,29142000.0,12079000.0,314660000.0,0.0,16304000.0,123205363.68,400066363.68,82.0354648378081,2.4126169384882856,0.5678390733845784,1.3866886033253285,0.006456775104960107,82.0354648378081,0.0006461843045956994,87.13250613861386,218.44922638297874,0.5646338457590145,27.120567375886523,0.0,0.0310376097742955,0.002653585154936344,2.3851312194718104,0.00026460785491232283,-26.342818832584992,1.0,1.272727272727273,-0.9706980420484976,-0.5744004113478429,0.0,2.3822091886608017,1.2393887945670627,0.07938388625592417,-0.9941377803714532,-0.8941871928760226,-0.2551812731822241,Asset Management,Financial Services,LRFC
2017Q4,2017,Q4,2018-02-27,2017-12-31,-589000.0,41511000.0,4220000.0,-0.22,-1023000.0,1.0,534595000.0,221887000.0,34656000.0,13592000.0,312708000.0,0.0,15854000.0,116024344.8,383919344.8,83.53440113544171,2.549735138316657,0.5595188881302668,1.3480555417847824,0.00243406095785339,83.53440113544171,-0.0026545043197663677,2.795026494182265,-49.246326315789474,0.5228983437515492,-6.504244482173175,0.0,0.0330189324197761,0.07764943555401753,2.5229546792230724,-0.0011017686285879965,-4.432301058180846,-0.024644070246440702,0.9327217125382262,-1.0134849367213608,1.9276249768691511,0.26821294051299294,0.533515731874145,0.9320724253257986,-0.04308390022675737,0.979083064949186,-0.3700485224466802,-0.24996452939332583,Asset Management,Financial Services,LRFC
2017Q3,2017,Q3,2017-11-06,2017-09-30,-8671000.0,9761000.0,4410000.0,-3.27,-2193000.0,1.0,528224000.0,226307000.0,57118000.0,11955000.0,301917000.0,0.0,15684000.0,151792757.90373,389447757.90373003,85.3388087251802,4.777749895441238,0.5489375719391774,1.281277203091376,0.0239470382340529,85.3388087251802,-0.03831520898602341,15.550943336105933,-4.376449022711625,0.6707382356874952,-0.6851574212893553,0.0,0.03913888964167777,0.018478902889683166,4.7366792137181095,-0.01641538438238323,13.324504731717873,-0.22466960352422907,-0.37974683544303794,-1.3480473942955027,0.9110204485434631,0.0,-0.17966648735879506,-0.3840383080606544,5.273115220483642,-23.734992974640313,6.043716962994269,-0.28506083559720924,Asset Management,Financial Services,LRFC
2017Q2,2017,Q2,2017-08-07,2017-06-30,-6265000.0,10100000.0,703000.0,-2.37,-1859000.0,1.0,567816000.0,238000000.0,80841000.0,10537000.0,329816000.0,0.0,17479000.0,206725121.80343,449137121.80342996,89.86948157014822,7.672107810572269,0.562293066768108,1.3415084033613445,0.0014304459096132248,89.86948157014822,-0.026323529411764707,20.46783384192376,-8.249206775875098,0.8685929487539076,-0.9505187549880287,0.0,0.028806368321613412,0.017787452273271623,7.649615640125273,-0.011033503811093734,4.277543490387146,-0.18405940594059406,-1.762057877813505,-1.2467236032463378,1.3773317570752246,3052.747698445261,-1.3695825049701789,-1.7617947470817121,-0.886448069778711,-1.5565843966608168,0.17494854898047502,-0.26361708790446714,Asset Management,Financial Services,LRFC
2017Q1,2017,Q1,2017-05-08,2017-03-31,8224000.0,5030000.0,6191000.0,3.11,5030000.0,1.0,580677000.0,249479000.0,48199000.0,9221000.0,331198000.0,0.0,22973000.0,227946112.822456,509359112.822456,94.29909276258743,5.227090337273615,0.5544855401539927,1.2905976054096737,0.01825375852559364,94.29909276258743,0.03296469843153131,45.31731865257574,6.92929574484606,0.913688578286974,0.7276264591439688,0.0,0.02625181858073997,0.008662302794841195,5.171998698622709,0.014162778963175741,22.201822618336028,1.0,-0.41977611940298515,0.7182850598102931,0.5221391605442225,0.0,-0.4359089379836268,-0.41953698475437606,-0.08240699570179338,7.18962353036636,0.8486051585566301,-0.22698730701137873,Asset Management,Financial Services,LRFC
2016Q4,2016,Q4,2017-03-07,2016-12-31,14168000.0,8917000.0,6747000.0,5.36,8917000.0,1.0,584415000.0,250582000.0,42776000.0,12390000.0,333833000.0,0.0,22973000.0,204980252.104358,490142252.10435796,94.83914602303629,3.452461662631154,0.5500252389141278,1.2827856749487194,0.020638594073216,94.83914602303629,0.05654037400930634,22.98758013954895,3.616958146957192,0.8180166656198689,0.4158667419536985,0.0,0.028744232380982292,0.015257993035770814,3.4058111380145277,0.02424304646526869,-8.422922916845742,1.0,3.170040485829959,-0.6739032844028383,-0.3677697476647298,0.43984071973654887,7.209610027855153,3.170010721396845,-0.09326703400080634,0.24027671549939827,-0.012471745235991372,-0.23668130705238458,Asset Management,Financial Services,LRFC
2016Q3,2016,Q3,2016-11-08,2016-09-30,-6529000.0,15215000.0,7441000.0,-2.47,-1436000.0,1.0,570000000.0,248377000.0,66220000.0,6640000.0,321623000.0,0.0,8570000.0,207530104.433272,461929104.433272,94.14217694758554,9.97289156626506,0.5526017543859649,1.2681649267041635,0.04283987456285634,94.14217694758554,-0.026286652950957615,13.63983597984042,-7.946473596005208,0.8355447744085484,-1.0955735947311993,0.0,0.034467288587039346,0.02669298245614035,9.92816265060241,-0.011454385964912281,2.302589670730531,-0.0943805455142951,-1.5369565217391306,-1.2634147804889055,1.9941065342636124,0.0,-1.193557083164847,-1.539052179656539,0.0013457139012245996,-1.424098214109377,0.5479709179751671,-0.24524620747770817,Asset Management,Financial Services,LRFC
2016Q2,2016,Q2,2016-08-09,2016-06-30,12112000.0,7419000.0,7431000.0,4.6,7419000.0,1.0,620645000.0,257542000.0,25528000.0,6161000.0,363103000.0,0.0,8570000.0,221303124.0,558137124.0,97.75518577857943,4.1434832007790945,0.5751145985225048,1.385956465353224,0.020183450840785027,97.75518577857943,0.04702922241809103,29.82923898099474,4.567848497357992,0.8592894518175676,0.5889200792602378,0.0,0.032231808892132945,0.011953693335159391,4.074013958772927,0.019515181786689654,13.098734773601658,1.0,2.1219512195121952,-0.5205294380593667,0.7553763838231643,3320.7024107278767,3.0505804311774463,2.1239792130660726,0.0013475272874275705,-0.5205294380593667,0.7553763838231643,3320.7024107278767,Asset Management,Financial Services,LRFC
2016Q1,2016,Q1,2016-05-09,2016-03-31,-10776000.0,14964000.0,7421000.0,-4.1,-3618000.0,1.0,621345000.0,257419000.0,21604000.0,3522000.0,363926000.0,0.0,8570000.0,189431640.0,535489640.0,97.84093090256728,6.134014764338444,0.5800384649429866,1.4000675940781373,0.030899082362156195,97.84093090256728,-0.04186171183945241,12.65915797914996,-4.394757795100222,0.7358883376906911,-0.6675946547884187,0.0,0.03797676037646087,0.024083238780387706,6.00198750709824,-0.0173430219926128,-13.96473571691854,-0.2417802726543705,0.47028423772609823,-3.263998591962403,3.553449570859626,0.0,0.8587711765165118,0.4703366920619317,0.0018901039557175645,-3.263998591962403,3.553449570859626,0.0,Asset Management,Financial Services,LRFC
2015Q4,2015,Q4,2016-03-08,2015-12-31,-20345000.0,78044000.0,7407000.0,-7.74,-25618000.0,1.0,632818000.0,268802000.0,40362000.0,5147000.0,364016000.0,0.0,8570000.0,190627988.850231,515391988.850231,102.20309139238128,7.841849621138527,0.5670967007891684,1.3350681914569087,0.02692459681271465,102.20309139238128,-0.07568768089523144,2.442570714599854,-2.3424427236450107,0.7091762295304016,-0.46035881051855493,0.0,0.04913234439754019,0.12332771823810322,7.723139693025063,-0.03214984403098521,-17.525787335683642,-0.3282507303572344,-2.6058091286307055,-1.4704238628438895,4.558912009479448,0.5516395796516611,-1.7355045381740524,-2.5724996135415057,-0.04879928085270322,-1.4704238628438895,4.558912009479448,0.5516395796516611,Asset Management,Financial Services,LRFC
2015Q3,2015,Q3,2015-11-09,2015-09-30,12938000.0,8939000.0,7787000.0,4.82,-9365000.0,1.0,642317000.0,286813000.0,54100000.0,6866000.0,355504000.0,0.0,8902000.0,208674407.82,519777407.82,106.95987060978162,7.879405767550248,0.5427818351374788,1.2155585695209075,0.019922843305276414,106.95987060978162,0.045109531297395866,23.344267571316703,4.032199872855155,0.727562585447661,0.7347348894728706,0.0,0.04555422056450621,0.013916804319362559,6.366734634430527,0.02014270212371773,-7.160115557919297,-1.0476563373979193,0.3850574712643679,-0.4864179985188229,0.7307462800395259,0.0,-0.04380294248773964,0.3990051903114187,0.46454767726161367,-0.4864179985188229,0.7307462800395259,0.0,Asset Management,Financial Services,LRFC
2015Q2,2015,Q2,2015-08-10,2015-06-30,9248000.0,6112000.0,5317000.0,3.48,-8972000.0,1.0,618860000.0,291865000.0,53546000.0,21357000.0,326995000.0,0.0,8640000.0,248944077.080682,515049077.08068204,109.7377520952874,2.507187339045746,0.4938726044662767,1.0471896253404827,0.01665220122101387,109.7377520952874,0.03168588217155192,40.73037910351473,6.729673363989025,0.8529425490575505,1.0835856401384083,0.0,0.04025402057166528,0.00987622402481983,2.053284637355434,0.014943605985198592,-9.85409797255599,-1.4679319371727748,-0.6150442477876106,-0.6373595817270556,0.4324864605058597,3727.867709467836,-1.8240478438778722,-0.5270532883297535,0.10379904504878555,-0.6373595817270556,0.4324864605058597,3727.867709467836,Asset Management,Financial Services,LRFC
2015Q1,2015,Q1,2015-05-11,2015-03-31,19554000.0,10864000.0,4817000.0,9.04,-3177000.0,1.0,566975000.0,238172000.0,48048000.0,23165000.0,328803000.0,0.0,11033000.0,243401765.755164,532032765.755164,110.14151750494123,2.074163608892726,0.5655240530887605,1.346245570428094,0.017082953537048924,110.14151750494123,0.08210033085333289,22.40443351943704,3.111917839766339,1.0219579369328216,0.3422317684361256,0.0,0.027493637851137995,0.019161338683363463,1.6168357435786747,0.03448829313461793,-7.826423336178907,-0.2924337260677467,1.8528301886792453,3.9984408309802384,3.0221935342240354,0.0,0.8631370352819541,1.8529924969464318,-0.0497139475241665,3.9984408309802384,3.0221935342240354,0.0,Asset Management,Financial Services,LRFC
2014Q4,2014,Q4,2015-03-04,2014-12-31,-22924000.0,53645000.0,5069000.0,-10.6,-23213000.0,1.0,549866000.0,240837000.0,69529000.0,3391000.0,309029000.0,0.0,12314000.0,231854460.122418,482385460.122418,111.37393417923825,20.503981126511352,0.5558408775956324,1.269065799690247,0.019019565386583604,111.37393417923825,-0.09518470999057453,4.322014355903029,-2.528512259230697,0.9627028244099453,-0.2660530448438318,0.0,0.02630529512686432,0.0975601328323628,17.32173400176939,-0.04169015723830897,-5.2064686095935055,-0.4327150713020785,-89.33333333333333,-1.6446898978555635,3.6473817130167037,0.6908706190751025,-21.542477876106194,-74.71061093247589,0.10701026424983621,-1.6446898978555635,3.6473817130167037,0.6908706190751025,Asset Management,Financial Services,LRFC
2014Q3,2014,Q3,2014-11-10,2014-09-30,311000.0,1130000.0,4579000.0,0.12,1130000.0,1.0,565412000.0,258116000.0,111658000.0,1189000.0,307296000.0,0.0,13363000.0,229907112.23999998,427969112.24,119.36513339070767,93.90916736753574,0.540558035556373,1.1841110198515397,0.008122337047719395,119.36513339070767,0.0012048846255172092,203.4576214513274,184.81279118971062,0.8907123628136187,19.607717041800644,0.0,0.02652375535748672,0.001998542655621034,93.90916736753574,0.0005500413857505677,-4.365545956250949,1.0,-0.9717647058823529,-0.9846911149396997,-0.7286914765906362,0.0,1.2051933902306156,-0.9661625503209662,-0.18725594604188853,-0.9846911149396997,-0.7286914765906362,0.0,Asset Management,Financial Services,LRFC
2014Q2,2014,Q2,2014-08-12,2014-06-30,9191000.0,7019000.0,5634000.0,4.25,-5507000.0,1.0,584469000.0,263904000.0,178910000.0,14927000.0,320565000.0,0.0,15919000.0,245087200.730372,384222200.730372,122.04178029390397,11.985663562671668,0.5229327817215285,1.1581408390930035,0.014636000165363719,122.04178029390397,0.034827058324239116,34.9176806853358,6.666499856663366,0.9286983173061871,0.6634751387226635,0.0,0.02488094026055893,0.012009191248808749,11.38728478595833,0.01572538492204035,42.27099012252018,-0.7845846986750249,9.5,-0.5567184334908846,1.0233496684923609,4145.956221125743,0.4574384236453202,9.46316758747698,-0.015207131620346093,-0.5567184334908846,1.0233496684923609,4145.956221125743,Asset Management,Financial Services,LRFC
2014Q1,2014,Q1,2014-05-12,2014-03-31,-1086000.0,2224000.0,5721000.0,-0.5,-10150000.0,1.0,458709000.0,263790000.0,458709000.0,2719000.0,194919000.0,0.0,16383000.0,250147241.76000002,384781241.76,121.98906126367515,168.70503861713865,0.41900202524912306,0.7286098790704727,-0.011186627223805897,121.98906126367515,-0.004116911179347208,112.47627776978418,-57.584540000000004,0.948281745934266,-5.615101289134438,0.0,0.024377642372129908,0.004848389719844171,166.78043398308202,-0.002367514044851965,-8.947250939266043,-4.563848920863309,-1.1157407407407407,-1.2776073619631902,-0.1766012587930397,0.0,-1.1345951629863302,-1.1161621563803614,-0.06213114754098361,-1.2776073619631902,-0.1766012587930397,0.0,Asset Management,Financial Services,LRFC
2013Q4,2013,Q4,2014-03-28,2013-12-31,9349000.0,7390000.0,6100000.0,4.32,-4755000.0,1.0,476428000.0,268670000.0,111709000.0,207758000.0,207758000.0,0.0,16760000.0,258191400.124814,560969400.124814,124.24580571557529,0.5376880794000712,0.8488166102747949,1.505192243272416,0.012467557818163019,124.24580571557529,0.034797335020657315,34.93794318333072,6.904251794973099,0.9609982511066141,0.6522622740400043,0.0,0.023618137540801613,0.015511262982024565,0.511094638954938,0.01962311199173852,-10.733377681347495,-0.6434370771312584,-0.26027397260273966,-0.7370774509252489,-0.3597851511738716,0.8862903961862774,-5.382550335570469,-0.2590743382469488,0.1219422475629943,-0.7370774509252489,-0.3597851511738716,0.8862903961862774,Asset Management,Financial Services,LRFC
2013Q3,2013,Q3,2013-11-14,2013-09-30,12618000.0,8056000.0,5437000.0,5.84,-745000.0,1.0,473268000.0,269722000.0,142291000.0,203546000.0,203546000.0,0.0,16759000.0,249109279.912779,317784279.912779,124.73230062610786,0.6990606545940475,0.4272420700322016,0.7496607618214309,0.0183805311333841,124.73230062610786,0.04678150095283291,30.922204557196995,4.93559359472141,0.9235779058170226,0.5881280710096687,0.0,0.02979013869976392,0.017022067834715215,0.6761223507217042,0.02666142650675727,-27.186432381619447,-0.09247765640516385,-0.3910323253388947,-0.3788825990647305,0.9342136854741896,0.0,-1.21475929662727,-0.3914343590238256,0.16723915843709747,-0.3788825990647305,0.9342136854741896,0.0,Asset Management,Financial Services,LRFC
2013Q2,2013,Q2,2013-05-31,2013-05-31,20734000.0,3469000.0,4658000.0,9.59,3469000.0,1.0,100000.0,63638.0,100000.0,36362.0,36362.0,0.0,-36362.0,44999689.669999994,44899689.669999994,0.02942924250615171,2.7501237555690006,0.0,0.0,131.02223389577907,0.02942924250615171,325.8116219868632,12.971948593254538,0.542583313277708,707.1197974480656,0.0,0.0,0.0,34.69,2.7501237555690006,207.34,21.592941300383874,1.0,4.2983425414364635,0.0,0.0,0.0,1.9717086834733895,4.300102249488752,0.4162359379750684,0.0,0.0,0.0,Asset Management,Financial Services,LRFC
2013Q1,2013,Q1,2013-03-31,2013-03-31,3912000.0,2701000.0,3289000.0,1.81,-3570000.0,1.0,,,,,,,,44999689.669999994,,,0.0,0.0,0.0,0.0,,0.0,16.660381218067382,2.875747039238241,0.0,0.0,0.0,0.0,0.0,0.0,0.0,-5.853237470083246,-1.3217326915957053,-0.8899026763990268,0.0,0.0,0.0,-1.309278350515464,-0.8899825636987457,-0.15515026971487283,0.0,0.0,0.0,Asset Management,Financial Services,LRFC
2012Q4,2012,Q4,2012-12-31,2012-12-31,35558000.0,11543000.0,3893000.0,16.44,11543000.0,1.0,322392000.0,142433000.0,33878000.0,2759000.0,179959000.0,0.0,8560000.0,44999689.669999994,191732689.67,65.8678037945678,12.279086625588981,0.5496414303084444,1.2440937142375714,0.023164419375863648,65.8678037945678,0.24964720254435419,3.898439718444078,0.31638231670791384,0.3159358412025303,0.0747511108611283,0.0,0.059067074006335034,0.0358042383185687,12.279086625588981,0.1102943001067024,8.334819349879606,1.0,0.7507987220447284,0.0,0.0,0.0,1.7714285714285714,0.7503322667979325,0.19051987767584097,0.0,0.0,0.0,Asset Management,Financial Services,LRFC
2012Q3,2012,Q3,2012-09-30,2012-09-30,20315000.0,4165000.0,3270000.0,9.39,4165000.0,1.0,,,,,,,,44999689.669999994,,,0.0,0.0,0.0,0.0,,0.0,10.804247219687873,0.5537741775781442,0.0,,0.0,,0.0,0.0,0.0,0.0,1.0,0.0,0.0,0.0,0.0,0.0,0.0,0.0,0.0,0.0,0.0,Asset Management,Financial Services,LRFC
