Year,Date,FillingDate,NetIncome,Revenue,OperatingIncome,EPSDiluted,GrossProfit,GrossProfitRatio,TotalAssets,CommonStockEquity,CurrentAssets,CurrentLiability,TotalLiability,Inventory,RetainedEarnings,EnterpriseValue,bookValuePerShare,currentRatio,debtToAssets,debtToEquity,roic,shareholdersEquityPerShare,roe,priceToSalesRatio,peRatio,pbRatio,payoutRatio,inventoryTurnover,dividendYield,assetTurnover,quickRatio,returnOnAssets,priceToFreeCashFlowsRatio,grossProfitMargin,epsdilutedGrowth,fiveYNetIncomeGrowthPerShare,fiveYRevenueGrowthPerShare,fiveYShareholdersEquityGrowthPerShare,grossProfitGrowth,netIncomeGrowth,operatingIncomeGrowth,threeYNetIncomeGrowthPerShare,threeYRevenueGrowthPerShare,threeYShareholdersEquityGrowthPerShare,Industry,Sector,Price,MarketCap,AvgVolume,Symbol
2022,2022-12-31,2023-03-21,12458000.0,30952000.0,16038000.0,0.87,30952000.0,1.0,103283000.0,58254000.0,51930000.0,36780000.0,45029000.0,915000.0,25542000.0,229358740.0,4.266442068258386,1.4119086460032626,0.16012315676345576,0.28389466817729253,0.18513738423265158,4.266442068258386,0.21385655920623475,6.974338976479711,17.327800610049767,3.705663817076939,0.26577299727083,0.0,0.015337953341677252,0.29968145774231963,1.337194127243067,0.12062004395689513,14.016605415232776,1.0,0.0,1.7400505075941117,-0.8834281333020431,0.0980293279598172,0.3702095842512665,0.05131387229667271,0.26830413234015793,21.918379318036624,0.6546750296473681,0.5805482974574117,Staffing & Employment Services,Industrials,25.96,360844000,42257,HQI
2021,2021-12-31,2022-03-15,11849934.0,22759793.0,12645232.0,0.87,22589245.0,0.9925066102,77351567.0,46734931.0,42004374.0,21471469.0,30616636.0,369215.0,16395054.0,274020709.0,3.4633860234178155,1.9562878534300565,0.041850335106979795,0.06926701143519394,0.24011657416023433,3.4633860234178155,0.253556253244495,11.952614859019148,22.957008874479808,5.820893155913721,0.26503101198707096,0.4619205611906342,0.011544666530215663,0.2942382925481005,1.9083815830207054,0.15319578464389738,17.65758610651254,0.9925066102314727,1.2307692307692306,4.843658417089902,-0.9086155401699042,-0.0722983745374894,0.6358201551510324,1.211050312590145,1.5394597084805954,3.3741997277919094,-0.9159517278827455,-0.11029607326701209,Staffing & Employment Services,Industrials,25.96,360844000,42257,HQI
2020,2020-12-31,2021-03-25,5359414.0,13809125.0,4979497.0,0.39,13809125.0,1.0,49095042.0,36364273.0,38968906.0,9456076.0,12730769.0,1434583.0,7685720.0,124668212.64500001,2.6852156888256835,4.121044077902927,0.0,0.0,0.12030006378516324,2.6852156888256835,0.14738130472180758,10.017698199197994,25.811711251453982,3.8041636813418487,0.25332023239854207,0.0,0.009814158771990465,0.28127331065324274,3.9329455473919626,0.10916405774741979,15.175444213842496,1.0,9.944954128440367,0.23790569039935125,-0.9382558235637918,-0.26739815787433385,-0.13021385119856693,11.602770078718349,0.7885925120805048,0.18847954949507098,-0.947563299070508,-0.30892168906631506,Staffing & Employment Services,Industrials,25.96,360844000,42257,HQI
2019,2019-12-31,2020-03-30,-505473.0,15876460.0,2784031.0,-0.0436,15876460.0,1.0,46912062.0,31282082.0,37021125.0,11011977.0,15629980.0,1011498.0,3683954.0,77976971.84,2.6993430540032874,3.3618963243384905,0.0,0.0,-0.015118651898256742,2.6993430540032874,-0.01615854724759049,5.17523565328795,-162.5495760208755,2.6265650042091186,0.0,0.0,0.0,0.3384302314402637,3.2517491636606217,-0.010774904756904525,18.46303958171871,1.0,-1.218,-1.0261414680554757,-0.9184125621827686,-0.2131958069521657,-0.36337614193301326,-1.5188132449678586,1.3564028015827674,-1.2902485042734728,-0.9257731804952419,-0.276954713697045,Staffing & Employment Services,Industrials,25.96,360844000,42257,HQI
2018,2018-12-28,2019-04-09,974287.0,97388820.0,1181475.0,0.2,24938525.0,0.2560717441694026,23432245.0,18891467.0,17638198.0,3662323.0,4540778.0,0.0,-35650066.0,10760417.0,3.892739954667216,4.816122990790272,0.017023294182866387,0.0211150356930989,0.050597034490262385,3.892739954667216,0.051572860911225156,0.1878635555908779,18.778665834605203,0.9684695211864701,0.0,0.0,0.0,4.156188192808671,4.635213223956489,0.041578901210703456,7.424126714635615,0.2560717441694026,-0.3939393939393939,-0.6603171020624955,0.06514475292335592,1.6126211424978825,-0.019349296235332967,-0.41984210538851985,-0.6803796569452955,-0.3720246409552789,0.21513460049198874,0.06204818986163652,Staffing & Employment Services,Industrials,25.96,360844000,42257,HQI
2017,2017-12-29,2018-03-29,1679348.0,98072198.0,3696495.0,0.33,25430589.0,0.2593047725921265,25364247.0,19595789.0,18183361.0,4850961.0,5768458.0,0.0,-36621042.0,22840129.6,3.8855447296527204,3.748403872964553,0.03365217189376842,0.04355844003015138,0.08238125754187967,3.8855447296527204,0.08569943266892698,0.30340095569184655,17.718304127554266,1.5184486115869078,0.0,0.0,0.0,3.866552710987241,3.5380632827186203,0.06620925904088538,6.407230701616688,0.2593047725921265,1.1959594346402622,0.05416644548344787,-0.02478336909054887,3.7872608369010115,0.07396780907786268,1.2116297874694137,1.3011350372483703,-0.800428078533879,0.15808985403719453,0.13255811669869766,Staffing & Employment Services,Industrials,25.96,360844000,42257,HQI
2016,2016-12-30,2017-04-11,759326.0,93259508.0,1606379.0,0.150276,23679098.0,0.2539054570178517,24296344.0,18863855.0,15232289.0,3827754.0,5432489.0,0.0,-37571404.0,18805644.44,3.7332973537597565,3.9794325863156303,0.0,0.0,0.04088978390579569,3.7332973537597565,0.0402529599596689,0.2340606969532801,28.74705388726318,1.157154009082449,0.0,0.0,0.0,3.838417335546451,3.5074657357813486,0.03125268558923927,-249.6527184765826,0.2539054570178517,-0.5299380032155749,-0.16612433083349604,0.06752845893807533,9.024206262047521,-0.003639169833185255,-0.5567685194427371,-0.4628086073472183,-0.745734481100328,-0.020363241141738098,1.5056108836578999,Staffing & Employment Services,Industrials,25.96,360844000,42257,HQI
2015,2015-12-31,2015-12-31,1713159.0,88498943.0,2990329.0,0.319694,23765585.0,0.2685408909347087,26121439.0,19641508.0,18872118.0,4248196.0,6479931.0,0.0,-38175098.0,25002704.0,3.665313864123587,4.442384014296892,0.018361009896889678,0.02441849169625876,0.09048413035324489,3.665313864123587,0.08722135795276004,0.3633095595277336,18.767967246472743,1.6369675892502753,0.0,0.0,0.0,3.3879811521869065,3.895149140953007,0.06558440367699497,10.017507303017917,0.2685408909347087,-0.808396203572516,1.8166088398582572,-0.05204628137233605,26.10488762419537,-0.0687378383447053,-0.8122720599306096,-0.5390594857672143,0.012076503030545428,-0.171790025099797,3.515921122400115,Staffing & Employment Services,Industrials,25.96,360844000,42257,HQI
2014,2014-12-26,2015-03-04,9125754.0,91839846.0,6487451.0,1.668516,25519758.0,0.27787239538707414,28200762.0,18764187.0,21353142.0,6922273.0,9436575.0,0.0,-39619842.0,42211650.08,3.4307685163024786,3.0847009356608734,0.10283778856755714,0.1545552706333613,0.5030796699769042,3.4307685163024786,0.486338896537324,0.5216885389812174,5.25017385741496,2.5533637604442974,0.0,0.0,0.0,3.2566441289777917,2.547941261490265,0.32359955379929095,6.3776660240875325,0.27787239538707414,1.8231078083519876,1.8576228827184922,-0.0017730642017538374,31.951579572682313,0.052479900412681614,2.1030786457481474,0.48514069739757887,8.258514679129604,-0.028781337449310385,8.211891790542834,Staffing & Employment Services,Industrials,25.96,360844000,42257,HQI
2013,2013-12-31,2013-12-31,2940871.0,93748261.0,4368240.0,0.591021,24247264.0,0.2586422803085382,23748696.0,7413990.0,17921075.0,12334747.0,16334706.0,0.0,-48745596.0,29100270.400000002,1.489974911152037,1.4528936021144172,0.33899263353238424,1.0858704961835666,0.2698824565792542,1.489974911152037,0.39666508856904314,0.28661807817427143,9.136730716852252,3.624222099031696,0.0,0.0,0.0,3.94751193918184,1.331644013452404,0.12383294644893345,5.219105031444831,0.2586422803085382,1.462577239261503,1.1007864095865836,-0.2854747329466796,-0.19282142255565857,-0.025949856266199178,0.8860478285769623,0.7619526267301925,2.509673382212578,0.08144114685641005,10.018320402229195,Staffing & Employment Services,Industrials,25.96,360844000,42257,HQI
2012,2012-12-31,2012-12-31,1559277.0,98432059.0,2479204.0,0.240001,24893240.0,0.2528976865149189,21950990.0,4006521.0,17005701.0,14834309.0,17944469.0,0.0,-51686467.0,23412656.880000003,0.8116425785080036,1.1463763495825792,0.41237315492376425,2.2593164992770536,0.11759401265949987,0.8116425785080036,0.3891847815099434,0.16248416463583273,10.257094076293052,3.991904917009046,0.0,0.0,0.0,4.4841740167527755,1.0348986932926907,0.07103447270487573,-7.517095669985059,0.2528976865149189,1.0000083333333334,1.0253038230871336,-0.5787303433401587,-0.9257601204106635,0.33534580069631714,0.8260586975335606,1.7965068536415894,1.1623628292579067,0.1854150654675667,8.322446773629142,Staffing & Employment Services,Industrials,25.96,360844000,42257,HQI
2011,2011-12-30,2012-04-09,853903.0,81920997.0,886536.0,0.12,18641793.0,0.22755818023064342,8497813.0,1764664.0,5437131.0,3601059.0,6733149.0,0.0,-53245744.0,14959015.76,0.3724282258530863,1.5098700132377725,0.01997431574453333,0.09618714950834834,-6.713503605497819,0.3724282258530863,0.48388985098579673,0.19434057620172762,18.64447573084999,9.021872583109305,0.0,0.0,0.0,9.640244731203193,0.917062453017293,0.10048503067789324,-17.57266815675756,0.22755818023064342,1.3333324074099795,1.1132774980627678,-0.6311276438286101,-0.9838163552497713,0.08719503656887187,1.5472502358442197,-0.4300020831565222,1.030731810123663,-0.34430299175841206,-0.7982408406381956,Staffing & Employment Services,Industrials,25.96,360844000,42257,HQI
2010,2010-12-31,2011-03-16,-1560352.0,69436838.0,1555332.0,-0.360001,17146687.0,0.24693934075742333,10012716.0,538972.0,5493871.0,6576544.0,9473744.0,0.0,-53383757.0,16991132.759999998,0.13522704520832318,0.8353735639874074,0.0005415114140858485,0.010059891794007852,,0.13522704520832318,-2.8950520620737255,0.268632505414489,-11.954348608519103,34.608461589841404,0.0,0.0,0.0,6.934865425125411,0.5413746186446863,-0.15583703762295864,7.492054980051837,0.24693934075742333,0.8125002604155815,0.27534115318541535,16.338302795696126,-0.9750670455403283,0.3209214371351405,0.738343659719581,1.4300054879658723,0.9686393245660003,-0.6319443397789922,-0.9876309599578398,Staffing & Employment Services,Industrials,25.96,360844000,42257,HQI
2009,2009-12-25,2010-04-09,-5963364.0,51560935.0,-3617005.0,-1.920008,12980853.0,0.2517575175857459,12890195.0,-339755.0,6869626.0,9436503.0,13229950.0,0.0,-51823405.0,8176505.48,-0.11084308341182224,0.7279842967251746,0.32586217663891043,-12.36310576739121,,-0.11084308341182224,17.551953613633355,0.07847122012042644,-0.6784844057817031,-11.908726817854042,0.0,0.0,0.0,4.000012024643537,0.5438606865276258,-0.462627912145627,-2.791807587054893,0.2517575175857459,0.6734693599890068,-5.645972247374087,10.987390581191589,-1.0198317667910362,-0.33661730480007607,0.661583733448451,0.7840325327640765,-0.22289341826419626,-0.6411079449321664,-1.0048166195804518,Staffing & Employment Services,Industrials,25.96,360844000,42257,HQI
2008,2008-12-26,2009-04-09,-17621387.0,79234025.0,-16747916.0,-5.880024,19567669.0,0.24696043145605692,18480620.0,5546876.0,10158226.0,8746237.0,12933744.0,0.0,-45860041.0,10695667.2,1.8459049246197041,1.1614395996815545,0.3061973029043398,1.0201627005903864,,1.8459049246197041,-3.176812858264724,0.09102038171101368,-0.40927034858266265,1.3001753058838885,0.0,0.0,0.0,4.287411623636004,0.8783568293427219,-0.9535062676468646,-1448.174939759036,0.24696043145605692,0.5288461184049744,-44.505889054749005,17.09680291577077,-0.6487948615788387,-0.2629654713746623,0.3232070883599591,0.3013758601289725,-9.854619950331774,25.241694904992215,-0.6596548911386396,Staffing & Employment Services,Industrials,25.96,360844000,42257,HQI
TTM,,,,,,,,,,,,,,,,374868000.0,4.4074560443568975,1.3283585414207115,0.20109088935523556,0.36798371211494213,0.1760184887678276,4.4074560443568975,0.2558678707854004,9.871262481192723,24.5656693130825,5.8900190356380255,0.22934069727304107,5.351528384279476,0.009244992295839752,0.3306588754613214,1.2761900519011873,0.13102431434980824,34.586791910284674,0.8659006975789906,,,,,,,,,,,Staffing & Employment Services,Industrials,25.96,360844000,42257,HQI
