Quarters,Year,Quarter,FillingDate,Date,NetIncome,Revenue,OperatingIncome,EPSDiluted,GrossProfit,GrossProfitRatio,TotalAssets,CommonStockEquity,CurrentAssets,CurrentLiability,TotalLiability,Inventory,RetainedEarnings,MarketCap,EnterpriseValue,bookValuePerShare,currentRatio,debtToAssets,debtToEquity,roic,shareholdersEquityPerShare,roe,priceToSalesRatio,peRatio,pbRatio,payoutRatio,inventoryTurnover,dividendYield,assetTurnover,quickRatio,returnOnAssets,priceToFreeCashFlowsRatio,grossProfitMargin,epsdilutedGrowth,fiveYNetIncomeGrowthPerShare,fiveYRevenueGrowthPerShare,fiveYShareholdersEquityGrowthPerShare,grossProfitGrowth,netIncomeGrowth,operatingIncomeGrowth,threeYNetIncomeGrowthPerShare,threeYRevenueGrowthPerShare,threeYShareholdersEquityGrowthPerShare,Industry,Sector,Symbol
2023Q4,2023,Q4,2023-06-27,2023-04-30,30141000.0,481095000.0,39751000.0,1.8,96703000.0,0.2010060383,1518798000.0,873788000.0,368255000.0,178124000.0,645010000.0,190699000.0,0.0,844407574.1999999,1280482574.1999998,52.52614997209247,2.0674080977296714,0.3145954893277447,0.5468225702344276,0.021727006278570722,52.52614997209247,0.03449463714310565,1.7551784454213823,7.00381186921469,0.9663757961885492,0.0,2.0157001347673558,0.0,0.31676035917877166,0.903275246457524,0.01984529871648501,9.827377382337879,0.2010060383084422,1.0454545454545454,0.6596807589482385,0.24718409630514002,0.5806583378264271,0.28355455269445184,1.0465100488864747,16.215677782589864,1.3567734406705816,0.2262561050244772,0.2691471711315763,"Furnishings, Fixtures & Appliances",Consumer Cyclical,AMWD
2023Q3,2023,Q3,2023-02-28,2023-01-31,14728000.0,480713000.0,2309000.0,0.88,75340000.0,0.1567255306,1564373000.0,843140000.0,411458000.0,168120000.0,721233000.0,224763000.0,463016000.0,952264468.83,1455244468.83,50.724869173527075,2.4474066143231026,0.3508095575671531,0.6508966482434708,0.001156679532310824,50.724869173527075,0.017468036150579975,1.9809417861177043,16.164185035816132,1.1294262742012002,0.0,1.803557525037484,0.0,0.307287967767278,0.9728705686414466,0.009414634489344932,19.931024087027502,0.15672553061806108,-0.4913294797687861,6.770074118540104,0.7289007671966804,0.5779977540959531,-0.2369396560455365,-0.4883268482490272,-0.9450002381973227,0.17126284699302605,0.236846242295762,0.24553840545584427,"Furnishings, Fixtures & Appliances",Consumer Cyclical,AMWD
2023Q2,2023,Q2,2022-11-22,2022-10-31,28784000.0,561499000.0,41982000.0,1.73,98734000.0,0.1758400282,1651028000.0,829179000.0,476311000.0,211196000.0,821849000.0,252961000.0,448288000.0,753475601.95,1307272601.95,49.90641707930885,2.2553031307411127,0.36258076786099325,0.7219562965294587,0.020430215766479434,49.90641707930885,0.03471385551250092,1.3419001671418829,6.544222501650222,0.9087007774557726,0.0,1.8293926731788694,0.0,0.3400905375317681,0.9397810564594027,0.017433986582904713,62.88395943498582,0.17584002821020162,0.4297520661157025,0.41227154699259333,0.9807303286184806,1.1423752619076122,0.13818345303007598,0.4341803687095167,0.3630076945553716,0.3225814620978902,0.33594572547458507,0.2511332039711592,"Furnishings, Fixtures & Appliances",Consumer Cyclical,AMWD
2023Q1,2023,Q1,2022-08-30,2022-07-31,20070000.0,542893000.0,30801000.0,1.21,86747000.0,0.1597865509,1646214000.0,792538000.0,464325000.0,236864000.0,853676000.0,247021000.0,419504000.0,845597509.0500001,1414648509.0500002,47.790482099930685,1.9603021142934343,0.3661413400687881,0.7605275709177352,0.015305986575412208,47.790482099930685,0.025323706875884814,1.5575767398916547,10.533103002615846,1.0669488517269834,0.0,1.8465879419158695,0.0,0.3297827621439254,0.8280827816806269,0.012191610568249328,24.937258811819873,0.15978655094097732,0.3908045977011494,-0.11510307812553933,0.9265744048267127,1.090575821416171,0.24405914325459996,0.3818507298264941,7.3823041856610025,-0.23842536198118536,0.29576370592780676,0.24147381987956168,"Furnishings, Fixtures & Appliances",Consumer Cyclical,AMWD
2022Q4,2022,Q4,2022-06-29,2022-04-30,14524000.0,501706000.0,-4826000.0,0.87,69729000.0,0.1389837873,1632496000.0,772883000.0,428657000.0,216228000.0,859613000.0,228259000.0,399434000.0,776333500.15,1380073500.15,46.641769990608076,1.982430582533252,0.38350170536405603,0.8100385181198189,-0.0027088618213584187,46.641769990608076,0.018791977569696836,1.547387314781964,13.362942373829524,1.0044644534166232,0.0,1.8924861670295585,0.0,0.30732448961590103,0.8291525611854154,0.008896805872724955,33.482856040282925,0.1389837873176721,1.292929292929293,-0.17985458022016798,0.8995240373917148,1.1481841567412392,0.34560015438054803,1.29486164403029,-1.923813169984686,-0.3294578071005376,0.25217608420037874,0.2668084062747746,"Furnishings, Fixtures & Appliances",Consumer Cyclical,AMWD
2022Q3,2022,Q3,2022-02-24,2022-01-31,-49257000.0,459736000.0,5224000.0,-2.97,51820000.0,0.1127168636,1591685000.0,750953000.0,383963000.0,192950000.0,840732000.0,204234000.0,384910000.0,993032968.33,1622757968.33,45.320361685156335,1.98996112982638,0.3961814052403585,0.8397276527292653,0.002567359407370955,45.320361685156335,-0.06559265360149037,2.1600069786355647,-5.040060135259964,1.32236367433115,0.0,1.997297217897118,0.0,0.28883604482042613,0.8309976677895828,-0.03094644983146791,-93.8771949640764,0.11271686359127847,-25.750000000000004,-4.317620615022104,0.8076887645324762,1.2438403347445866,0.002437420203505242,-25.264532019704433,0.11862955032119914,-3.73959370899041,0.22556181266738778,0.26467105436670435,"Furnishings, Fixtures & Appliances",Consumer Cyclical,AMWD
2022Q2,2022,Q2,2021-11-23,2021-10-31,2030000.0,453163000.0,4670000.0,0.12,51694000.0,0.1140737439,1595739000.0,743139000.0,371708000.0,195134000.0,852600000.0,190998000.0,434167000.0,1166510000.31,1788068000.31,44.85552372126667,1.904885873297324,0.3945288045225441,0.8471699103397884,0.0027344374257925715,44.85552372126667,0.0027316558544229277,2.5741510236051925,143.65886703325123,1.5697063406845826,0.0,2.1019539471617503,0.0,0.2839831576467079,0.8317720130781924,0.0012721378621441226,-43.20087402081327,0.11407374388465077,-0.3333333333333333,-0.8869936064567331,0.6848343272266182,1.3143043767199025,-0.0327264562243886,-0.31902046293190206,-0.27664188351920693,-0.8846502509863652,0.12047132755276967,0.2666626151310415,"Furnishings, Fixtures & Appliances",Consumer Cyclical,AMWD
2022Q1,2022,Q1,2021-08-31,2021-07-31,2981000.0,442581000.0,6456000.0,0.18,53443000.0,0.12075303729712752,1589585000.0,737101000.0,355420000.0,198817000.0,852484000.0,181794000.0,432137000.0,1237066850.25,1830343850.25,44.24154542572992,1.7876740922556924,0.39072776856852576,0.8426185827993722,0.0030767927786809523,44.24154542572992,0.004044221890894192,2.7951196509791427,103.74596194649448,1.6782867615835548,0.0,2.1405436923110774,0.0,0.27842550099554286,0.7974871364118763,0.00187533224080499,-234.15991865417377,0.12075303729712752,0.06975389717287817,-0.8652653810362767,0.6784807358876053,1.3919559255899816,-0.2758989784028399,0.054474708171206226,-0.6982754591765201,-0.8729374253000027,0.08918844074687476,0.2758289776177495,"Furnishings, Fixtures & Appliances",Consumer Cyclical,AMWD
2021Q4,2021,Q4,2021-06-29,2021-04-30,2827000.0,473390000.0,21397000.0,0.168263,73806000.0,0.15590950379179958,1636514000.0,742896000.0,392080000.0,220447000.0,893618000.0,140282000.0,434940000.0,1671037505.4599998,2231360505.46,44.217102200623636,1.7785680911965234,0.39803753588420265,0.8768306734724646,0.02000986873092521,44.217102200623636,0.0038053778725420516,3.5299383287775403,147.7748059303148,2.249355906425664,0.0,2.8484338689211732,0.0,0.2892673084373247,1.079338797987725,0.0017274523774315404,49.149607501985344,0.15590950379179958,-0.8334029702970297,-0.7955977015786161,0.89975305478703,1.558277043635407,-0.026562912160379846,-0.8355917417854027,-0.25193161556480087,-0.8458706045883928,0.21509872357361018,0.33061591807267826,"Furnishings, Fixtures & Appliances",Consumer Cyclical,AMWD
2021Q3,2021,Q3,2021-02-25,2021-01-31,17195000.0,431954000.0,28603000.0,1.01,75820000.0,0.1755279497353885,1656868000.0,763391000.0,404054000.0,210883000.0,893477000.0,144592000.0,448217000.0,1497121004.82,2051303004.82,44.90232335500658,1.9160102995499875,0.3898765622849859,0.8461902223107163,0.013845255268422597,44.90232335500658,0.022524499240887043,3.4659269385629026,21.766807281477174,1.9611457363526685,0.0,2.4630270001106562,0.0,0.26070513764524395,1.1362983265602253,0.010378014422392128,76.36813940114261,0.1755279497353885,-0.22900763358778628,0.3720200319902899,0.893797424493553,1.6341385462436973,-0.15295326831339165,-0.22739935298346514,-0.18003038729467075,7.869192918581335,0.5188757049251174,0.396864428876038,"Furnishings, Fixtures & Appliances",Consumer Cyclical,AMWD
2021Q2,2021,Q2,2020-11-24,2020-10-31,22256000.0,448583000.0,34883000.0,1.31,89511000.0,0.19954166787417268,1672878000.0,745194000.0,404353000.0,195148000.0,927684000.0,127715000.0,431022000.0,1403733655.17,1868699655.17,43.85481256595268,2.0720325086600937,0.3452290005607103,0.7750008722560836,0.017846372229564672,43.85481256595268,0.02986604830419998,3.1292618203766085,15.768036205629944,1.8837157239188722,0.0,2.811510002740477,0.0,0.26815045687730965,1.3411615799290795,0.013304018583542852,50.8433356937955,0.19954166787417268,0.35051546391752586,0.17392829115322067,0.6784024167145192,1.6771036077100736,0.11696074271881006,0.35007582650894753,0.30175019591745345,0.06771166758878527,0.547244643413188,0.882592881945138,"Furnishings, Fixtures & Appliances",Consumer Cyclical,AMWD
2021Q1,2021,Q1,2020-08-26,2020-07-31,16485000.0,390087000.0,26797000.0,0.97,80138000.0,0.20543622320149094,1667437000.0,721520000.0,387969000.0,178065000.0,945917000.0,126700000.0,408766000.0,1369599970.8000002,1858445970.8000002,42.47148338213151,2.1788054923763793,0.3699696000508565,0.8550019403481539,0.013372141987198966,42.47148338213151,0.022847599512141034,3.511011571264872,20.770396888080075,1.8982148392282958,0.0,2.4463220205209155,0.0,0.23394407105036052,1.4115968887765704,0.009886430491826678,39.33710459832841,0.20543622320149094,0.26171804373869173,0.041123735662018976,0.6152237931265693,1.7710484096525436,0.06468798575774888,0.2668101129639591,-0.004680013371466776,-0.2904843126327827,0.35132795250672505,0.8578983169222227,"Furnishings, Fixtures & Appliances",Consumer Cyclical,AMWD
2020Q4,2020,Q4,2020-06-29,2020-04-30,13013000.0,399197000.0,26923000.0,0.768793,75269000.0,0.18855101616495115,1622806000.0,700538000.0,325172000.0,155606000.0,922268000.0,111836000.0,392281000.0,870193267.17,1385696267.17,41.38696533142012,2.0897137642507357,0.37747087452227807,0.8744165198747249,0.01424679635234155,41.38696533142012,0.01857572322986048,2.179859235339945,16.717768138976407,1.2421785358824218,0.0,2.8964555241603778,0.0,0.24599181910838389,1.3071668187602021,0.008018826649642655,14.692509618417276,0.18855101616495115,0.025057333333333265,0.09320264461926953,0.8329584258307934,1.8954185319377728,0.040374301984851,0.01632302405498282,0.12025132110015395,-0.28062942355053666,0.4796308738434915,0.9061631502933567,"Furnishings, Fixtures & Appliances",Consumer Cyclical,AMWD
2020Q3,2020,Q3,2020-02-26,2020-01-31,12804000.0,395755000.0,24033000.0,0.75,72348000.0,0.18281007188791046,1593834000.0,689285000.0,312211000.0,169202000.0,904549000.0,121930000.0,379268000.0,1855853333.5500002,2432509333.55,40.7252549992328,1.8451968652852804,0.3913324725159584,0.9048782433971434,0.012659718395212483,40.7252549992328,0.018575770544839942,4.689399586991953,36.2358117297329,2.6924324967901523,0.0,2.6523989174116296,0.0,0.24830377567550949,1.0381319369747402,0.008033458942399272,113.63990775518953,0.18281007188791046,-0.4274809160305344,0.6512375314539693,0.9668180969303674,1.8606411353335692,-0.1688914417001723,-0.422280377205252,-0.3484696505543959,-0.1557155257287459,0.5234420208064354,1.0163336392782354,"Furnishings, Fixtures & Appliances",Consumer Cyclical,AMWD
2020Q2,2020,Q2,2019-11-26,2019-10-31,22163000.0,428016000.0,36887000.0,1.31,87050000.0,0.2033802474673844,1598664000.0,674908000.0,309024000.0,169409000.0,923756000.0,119758000.0,366464000.0,1677753882.24,2266021882.24,39.88897179045636,1.8241297687844211,0.4001484989966622,0.9478373348663818,0.01939427029352188,39.88897179045636,0.032838549846793935,3.9198391701244812,18.92516674457429,2.4859001260023588,0.0,2.8471250354882347,0.0,0.26773355752052963,1.02861713368239,0.013863450981569611,139.09417030674848,0.2033802474673844,-0.175643344295389,1.6975213517659709,0.8357091257140855,1.9344316580682208,-0.07902114918693597,-0.1755143037833414,-0.16956707715166933,0.2080861665209033,0.5582069991724992,1.0580569423547241,"Furnishings, Fixtures & Appliances",Consumer Cyclical,AMWD
2020Q1,2020,Q1,2019-08-29,2019-07-31,26881000.0,427365000.0,44419000.0,1.589118,94519000.0,0.2211669182080891,1623416000.0,651168000.0,318197000.0,180427000.0,972248000.0,115341000.0,344301000.0,1435294599.5,2034583599.5,38.494957633957156,1.7635775133433467,0.41291819225632864,1.0294394073418842,0.023171637889462148,38.494957633957156,0.041281205464642,3.3584748388379957,13.348597517763475,2.2041847871824163,0.0,2.885756149157715,0.0,0.26325045459697327,1.0616371163961047,0.016558294362011956,24.639404647050746,0.2211669182080891,0.22239846153846152,1.667893539815854,0.8489884019100936,2.003879969938905,0.08490392782534836,0.2205321467490011,0.1521541773662231,0.19665828087838608,0.5963571227292938,1.081261880249066,"Furnishings, Fixtures & Appliances",Consumer Cyclical,AMWD
2019Q4,2019,Q4,2019-06-28,2019-04-30,22024000.0,407399000.0,38553000.0,1.3,87122000.0,0.21384932216328464,1529931000.0,620353000.0,306035000.0,149590000.0,909578000.0,108528000.0,317420000.0,1515232908.18,2149067908.1800003,36.818330032845815,2.0458252556989103,0.45197528515991897,1.1146734198109787,0.0224630452292441,36.818330032845815,0.03550236720060997,3.7192847998645067,17.19979236492009,2.442533377254563,0.0,2.9511001769128704,0.0,0.2662858651795408,1.2438398288655659,0.014395420447065913,32.197210177854274,0.21384932216328464,0.21495327102803735,2.590638133209943,0.9814529042780591,1.9904298063484827,0.13361872665998725,0.19637134010538324,0.42,0.5878852224186203,0.6302753903641642,1.1302049166553714,"Furnishings, Fixtures & Appliances",Consumer Cyclical,AMWD
2019Q3,2019,Q3,2019-02-27,2019-01-31,18409000.0,384080000.0,27150000.0,1.07,76853000.0,0.20009633409706312,1532836000.0,607972000.0,292498000.0,142512000.0,924864000.0,116116000.0,302233000.0,1186739802.8,1856848802.8,35.8356914461452,2.052444706410688,0.46457546665135735,1.1713006520037108,0.01569318761960547,35.8356914461452,0.030279354970294686,3.089824523016038,16.116299130859908,1.9519645687630354,0.0,2.6458627579317233,0.0,0.25056822778170657,1.1402408218255304,0.012009764906356583,63.313049658557404,0.20009633409706312,0.019047619047619063,4.807944078673236,1.0796495229058232,2.082226364305453,-0.11420898550056477,-0.004273041973171787,-0.2344349199187909,0.47196980911074427,0.6874392520923749,1.1022559439357273,"Furnishings, Fixtures & Appliances",Consumer Cyclical,AMWD
2019Q2,2019,Q2,2018-11-30,2018-10-31,18488000.0,424878000.0,35464000.0,1.05,86762000.0,0.20420450105677396,1577116000.0,616339000.0,326481000.0,166268000.0,960777000.0,115953000.0,303234000.0,1051935535.0,1716447535.0,35.41236883874257,1.9635828902735344,0.45803479262146857,1.1720400623682745,0.01927536438414378,35.41236883874257,0.029996479210304718,2.475853150786814,14.224571816854175,1.7067482911190108,0.0,2.915974575905755,0.0,0.2694018702492397,1.1960930545865711,0.011722663393180972,21.344361963314665,0.20420450105677396,-0.25433868363081663,2.100311477943441,0.9710821714396798,2.1528033964235593,-0.0937369432606334,-0.25352283280171195,-0.12492905963925284,-0.04792358088814899,0.5520472873832929,1.1617372148879936,"Furnishings, Fixtures & Appliances",Consumer Cyclical,AMWD
2019Q1,2019,Q1,2018-08-31,2018-07-31,24767000.0,428962000.0,40527000.0,1.408146,95736000.0,0.22318060807250992,1597013000.0,609907000.0,330368000.0,160463000.0,987106000.0,113547000.0,294343000.0,1467750144.1000001,2169209144.1000004,34.676705265260956,2.058842225310508,0.4706567823806068,1.2323928074280177,0.02265580125285106,34.676705265260956,0.04060783037413901,3.421632088856356,14.815582671498364,2.4065146720729556,0.0,2.9346966454419756,0.0,0.26860269766119627,1.2887581560858266,0.015508327108170065,33.64238892683598,0.22318060807250992,0.3038388888888887,2.187665378713835,1.0630724324376752,2.298539043541278,0.0733337070463591,0.29609084724475376,0.05715254590984975,0.5108173165511656,0.7155966959652814,1.2624787581052195,"Furnishings, Fixtures & Appliances",Consumer Cyclical,AMWD
2018Q4,2018,Q4,2018-06-29,2018-04-30,19109000.0,405887000.0,38336000.0,1.08,89195000.0,0.21975328108562237,1645345000.0,581665000.0,364367000.0,170455000.0,1063680000.0,104801000.0,269576000.0,1438822388.4,2174452388.4,33.230552558449475,2.1376140330292452,0.4947533799902148,1.3994997120335588,0.01863816061194216,33.230552558449475,0.03285224312963647,3.544884138688847,18.823883881940446,2.473627239734211,0.0,3.021841394643181,0.0,0.2466880806153117,1.4593939749494,0.011613977615636843,66.91574683285276,0.21975328108562237,8.470776515981937,2.1178774155132323,1.0090783434123531,2.369215935851582,0.7704797633934775,8.573647294589179,3.96580310880829,0.5523653836550189,0.8022010275707863,1.324798567224771,"Furnishings, Fixtures & Appliances",Consumer Cyclical,AMWD
2018Q3,2018,Q3,2018-03-12,2018-01-31,1996000.0,292791000.0,7720000.0,0.114035,50379000.0,0.17206471510394786,1701989000.0,562646000.0,415068000.0,182696000.0,1139343000.0,108003000.0,241727000.0,2377827380.5,3134652380.5,32.145083249873025,2.271905241494067,0.526706694344088,1.5932735681049897,0.002805722101939515,32.145083249873025,0.003547523664968737,8.121244780406501,297.8240707039078,4.226151755277741,0.0,2.2444932085219853,0.0,0.17202872639012357,1.6243048561544862,0.0011727455347831273,-680.3511818311874,0.17206471510394786,-0.9057561983471075,-0.1890003820624472,0.6168926247690316,2.347601015409551,-0.1213220545914363,-0.8989622880283472,-0.7494726594191141,-0.7510920561828704,0.4070510110375163,1.257948966680286,"Furnishings, Fixtures & Appliances",Consumer Cyclical,AMWD
2018Q2,2018,Q2,2017-12-05,2017-10-31,19755000.0,274769000.0,30815000.0,1.21,57335000.0,0.2086661886894082,513305000.0,375143000.0,342168000.0,100210000.0,138162000.0,46723000.0,244683000.0,1555654417.8,1410906417.8,23.294899808949072,3.4145095299870274,0.03467139420032924,0.04744057599368774,0.04923940938034975,23.294899808949072,0.052659919017547976,5.661680967649189,19.686844062262715,4.1468304561194,0.0,4.653682340603129,0.0,0.5352938311530182,2.8565612214349865,0.03848589045499264,296.25869697200534,0.2086661886894082,-0.11029411764705892,8.123885796778753,0.5489489309151804,1.502596573980497,-0.01981399801689062,-0.11337013599030564,-0.0006162028929104236,1.5262080377221008,0.23813308872941072,0.713688982258057,"Furnishings, Fixtures & Appliances",Consumer Cyclical,AMWD
2018Q1,2018,Q1,2017-08-30,2017-07-31,22281000.0,276827000.0,30834000.0,1.36,58494000.0,0.21130164326456596,517209000.0,372421000.0,342423000.0,99164000.0,144788000.0,44477000.0,241229000.0,1599001891.5,1441306891.5,22.85996116972073,3.453097898430882,0.034612700088358865,0.04806925495608465,0.05610456471828525,22.85996116972073,0.05982745333909742,5.776177509780476,17.941316497239804,4.293533102322372,0.0,4.9088967331429725,0.0,0.5352323722131672,2.955891250857166,0.043079296763977426,100.39567347899794,0.21130164326456596,0.28301886792452835,34.232220465437564,0.6564414243949758,1.5228622604348336,0.0160323774122388,0.2843555453078165,0.16866282595512433,1.2960867041486244,0.24358138355526043,0.7838330963827675,"Furnishings, Fixtures & Appliances",Consumer Cyclical,AMWD
2017Q4,2017,Q4,2017-06-29,2017-04-30,17348000.0,258737000.0,26384000.0,1.06,57571000.0,0.2225077974932074,501273000.0,352449000.0,339228000.0,101497000.0,148824000.0,42859000.0,224031000.0,1520199378.75,1360098378.75,21.712184145963953,3.3422465688641045,0.033668280557700096,0.04788494221859049,0.04630859481618281,21.712184145963953,0.04922130577757349,5.875461873446782,21.907415534211438,4.313246395223139,0.0,4.693669940969225,0.0,0.5161598570040676,2.8753854793737745,0.034607888316346584,88.08154462888928,0.2225077974932074,0.19101123595505623,3.5827497700379487,0.691019346337926,1.4133495126814475,0.11580355066284208,0.1920566206280492,0.2214249340308319,1.9356676385480116,0.30618401760962616,0.7634901575681001,"Furnishings, Fixtures & Appliances",Consumer Cyclical,AMWD
2017Q3,2017,Q3,2017-02-28,2017-01-31,14553000.0,249285000.0,21601000.0,0.89,51596000.0,0.2069759512204906,490359000.0,328044000.0,327737000.0,96136000.0,162315000.0,41268000.0,206683000.0,1156406904.0,1019230904.0,20.197676716741565,3.40909752850129,0.05310395037105468,0.07937959542012657,0.0407757362045658,20.197676716741565,0.044362951311409445,4.638894855286118,19.865438466295608,3.52515791784029,0.0,4.790370262673258,0.0,0.5083724373367268,2.9068611134226514,0.02967825613479104,140.71634266244828,0.2069759512204906,-0.1682242990654206,2.4137347518113357,0.8396118442146259,1.1581862031651566,-0.08113691409032625,-0.17485967001190678,-0.23754897462143942,3.796029717218071,0.409943508535614,0.7372013532267373,"Furnishings, Fixtures & Appliances",Consumer Cyclical,AMWD
2017Q2,2017,Q2,2016-12-01,2016-10-31,17637000.0,264076000.0,28331000.0,1.07,56152000.0,0.2126357563731653,494510000.0,315269000.0,332891000.0,96266000.0,179241000.0,40744000.0,194770000.0,1215084318.3,1084936318.3,19.38186012716316,3.4580329503666922,0.05155810802612687,0.08087062159616074,0.05157684558195365,19.38186012716316,0.05594270289815998,4.601267507459974,17.223511911039296,3.8541192388087633,0.0,5.103180836442175,0.0,0.5340154900810904,2.9447364593937633,0.03566560838001254,1133.4741775186567,0.2126357563731653,-0.1893939393939394,6.231034832870591,0.8150928879460406,0.8565405249765622,-0.05335738489808992,-0.18577166335810905,-0.11249295156945054,2.1646010427537856,0.31083574311075557,0.7255890086367963,"Furnishings, Fixtures & Appliances",Consumer Cyclical,AMWD
2017Q1,2017,Q1,2016-08-30,2016-07-31,21661000.0,258150000.0,31922000.0,1.32,59317000.0,0.22977726128220027,490246000.0,301696000.0,322573000.0,96779000.0,188550000.0,39954000.0,181909000.0,1214876423.6000001,1076683423.6000001,18.495970160828794,3.333088789923434,0.04970973756032686,0.08077667585914299,0.0663523500432781,18.495970160828794,0.07179743848112007,4.706087250048422,14.021472041918656,4.0268231053775985,0.0,4.9765480302347695,0.0,0.5265723738694451,2.8610855660835512,0.044183940307519085,42.30071112813371,0.22977726128220027,0.6296296296296297,7.9989004077723145,0.7267230302040398,0.7486687266145965,0.21374639356673691,0.6198773556685612,0.4405234657039711,2.006153677626646,0.33875510024627564,0.7593851335348051,"Furnishings, Fixtures & Appliances",Consumer Cyclical,AMWD
2016Q4,2016,Q4,2016-06-29,2016-04-30,13372000.0,240923000.0,22160000.0,0.81,48871000.0,0.20284904305525,466693000.0,280761000.0,302209000.0,92313000.0,185932000.0,39319000.0,164756000.0,1183215946.44,1027213946.44,17.283938153074104,3.2737425931342283,0.039557053566263045,0.06575343441574863,0.04662806672825786,17.283938153074104,0.04762769757907972,4.911178868103087,22.12114766751421,4.214317324842125,0.0,4.884457895673847,0.0,0.5162344410565404,2.773455526307237,0.028652668885112913,68.24802136701852,0.20284904305525,0.10958904109589052,4.473437225023925,0.7067042315514424,0.6048012809716297,0.095811471366429,0.11312744526762673,0.18243423509951442,1.3510330594711393,0.2850241374731754,0.7524029959232063,"Furnishings, Fixtures & Appliances",Consumer Cyclical,AMWD
2016Q3,2016,Q3,2016-02-26,2016-01-31,12013000.0,218632000.0,18741000.0,0.73,44598000.0,0.20398660763291743,446716000.0,277791000.0,294840000.0,87839000.0,168925000.0,38096000.0,155439000.0,1093479113.1,954008113.0999999,17.046302829833174,3.3565955896583524,0.0564295883738214,0.09074448056272522,0.03977007671758628,17.046302829833174,0.0432447415503022,5.001459590087452,22.756162347040707,3.936337437497975,0.0,4.568301133977321,0.0,0.48942057145927165,2.700486116645226,0.02689180597963807,145.0814797797532,0.20398660763291743,-0.3363636363636364,2.8062632677005657,0.7191352651489299,0.5341083839423986,-0.2043459644615714,-0.3392189218921892,-0.3432506307821699,4.242570735610672,0.2967907197841089,0.7752083644814837,"Furnishings, Fixtures & Appliances",Consumer Cyclical,AMWD
2016Q2,2016,Q2,2015-11-25,2015-10-31,18180000.0,256292000.0,28536000.0,1.1,56052000.0,0.21870366613081954,450053000.0,266927000.0,308958000.0,101239000.0,183126000.0,37801000.0,147902000.0,1184608477.9,1042210477.9000001,16.38144016527809,3.0517685872045357,0.050158536883433726,0.08456993859744424,0.06280431318347225,16.38144016527809,0.06810850906802235,4.62210477853386,16.28999557068207,4.437949244175374,0.0,5.297214359408481,0.0,0.5694707067834233,2.5230099072491825,0.04039524233812462,82.63749409836066,0.21870366613081954,0.19565217391304351,3.1539787622384763,1.0835769174868561,0.4173850773176655,0.11717457596715365,0.19936667106478428,0.20288327783164017,7.298359782605149,0.42790722440120105,0.7598760402799498,"Furnishings, Fixtures & Appliances",Consumer Cyclical,AMWD
2016Q1,2016,Q1,2015-08-28,2015-07-31,15158000.0,231198000.0,23723000.0,0.92,50173000.0,0.2170131229508906,422593000.0,249264000.0,295291000.0,90067000.0,173329000.0,37004000.0,134329000.0,1069468623.84,939246623.84,15.326864458299712,3.2785703975929033,0.05394788839379734,0.09146126195519609,0.05571993892455428,15.326864458299712,0.060811027665447076,4.62576935717437,17.63868293706294,4.290505744271135,0.0,4.892038698519079,0.0,0.5470937758079286,2.707717588017809,0.03586902764598562,275.3523748300721,0.2170131229508906,0.3333333333333335,4.882964083394336,0.852019350027636,0.2676390508601635,0.15819482917820868,0.3404669260700389,0.3164816870144284,23.010415155037194,0.3858114324468626,0.6914975325444398,"Furnishings, Fixtures & Appliances",Consumer Cyclical,AMWD
2015Q4,2015,Q4,2015-06-30,2015-04-30,11308000.0,206892000.0,18020000.0,0.69,43320000.0,0.20938460646134216,398904000.0,229842000.0,281495000.0,84790000.0,169062000.0,35988000.0,120698000.0,815239319.7,682135319.7,14.293949173462567,3.3199080080198136,0.04120540280368209,0.07151434463675047,0.044694339546179795,14.293949173462567,0.04919901497550491,3.9404100675714866,18.023508129200568,3.546955385438693,0.0,4.545181727242414,0.0,0.5186511040250286,2.7265361481306756,0.028347672622986986,55.74285946666667,0.20938460646134216,0.5333333333333332,7.528043713646146,0.6299450163757767,0.1609820312639538,0.2335905686704445,0.552870090634441,0.6307692307692307,2.699551496734614,0.3650524735574179,0.5887989453369541,"Furnishings, Fixtures & Appliances",Consumer Cyclical,AMWD
2015Q3,2015,Q3,2015-02-27,2015-01-31,7282000.0,188963000.0,11050000.0,0.45,35117000.0,0.185840614300154,363347000.0,226282000.0,257642000.0,78296000.0,137065000.0,34871000.0,109391000.0,653744856.87,542932856.87,14.236408228983946,3.2906151016654746,0.05975830266934914,0.09595548916838281,0.02956146340296408,14.236408228983946,0.032181083780415586,3.4596447816239158,22.443863528906896,2.8890714103198665,0.0,4.4118608585931005,0.0,0.5200620894076461,2.6846582200878717,0.020041447982231862,55.369260343016855,0.185840614300154,-0.062499999999999944,1.709534488423192,0.8820500712403565,0.0935550623939864,-0.05040426164787323,-0.05071046799634989,-0.11173633440514469,1.7228483358424127,0.4249116325621259,0.5212056442587126,"Furnishings, Fixtures & Appliances",Consumer Cyclical,AMWD
2015Q2,2015,Q2,2014-11-26,2014-10-31,7671000.0,217693000.0,12440000.0,0.48,36981000.0,0.16987684491462748,355585000.0,214738000.0,251213000.0,79608000.0,140847000.0,35335000.0,102108000.0,646263370.18,537031370.18,13.593423340012578,3.1556250628077582,0.060832149837591575,0.10073205487617469,0.03276428091198062,13.593423340012578,0.035722601495776246,2.968691552691175,21.06190099661061,3.0095435841816536,0.0,5.114249327861893,0.0,0.6122108637878426,2.5581222992664054,0.02157290099413642,117.50243094181818,0.16987684491462748,-0.18644067796610167,2.298251684387609,0.8688989932102281,-0.004501314476796955,-0.0035835533760844966,-0.16962546005628923,-0.0565036025786879,3.3427213334355144,0.5407072953595241,0.3020804576195957,"Furnishings, Fixtures & Appliances",Consumer Cyclical,AMWD
2015Q1,2015,Q1,2014-08-29,2014-07-31,9238000.0,211917000.0,13185000.0,0.59,37114000.0,0.17513460458575764,340450000.0,198752000.0,235826000.0,79346000.0,141698000.0,35457000.0,95203000.0,455971362.0,339572362.0,12.815078504864523,2.9721220981523957,0.06380378910265824,0.10929198196747705,0.04232111510142585,12.815078504864523,0.04648003542102721,2.1516507028695195,12.339558400086597,2.2941724460634356,0.0,4.9299997179682435,0.0,0.622461448083419,2.3882111259546797,0.027134674695256277,67.15336701030928,0.17513460458575764,0.6388888888888888,2.314086613431508,0.9150823875156051,-0.08518321689226906,0.15307422251219435,0.6396876109336174,0.40895490489420816,4.139290232166438,0.49079713285349247,0.2115788907373207,"Furnishings, Fixtures & Appliances",Consumer Cyclical,AMWD
2014Q4,2014,Q4,2014-06-30,2014-04-30,5634000.0,188855000.0,9358000.0,0.36,32187000.0,0.17043234227317253,330064000.0,190545000.0,225416000.0,76419000.0,139519000.0,31523000.0,89154000.0,464443702.98,343369702.98,12.312052921183088,2.9497376306939374,0.044312618158902514,0.07675877089401453,0.02642752606200666,12.312052921183088,0.02956781862552153,2.459260824336131,20.608968005857296,2.437448912225459,0.0,4.969958443041588,0.0,0.5721769111445053,2.3838966749106896,0.017069416840370354,31.72212983949184,0.17043234227317253,1.0,2.7541264622099937,0.22581368423727374,-0.14571845003549555,0.23791392638744663,0.9420889348500517,0.8341826734613876,2.5360555522434614,0.4042210649172423,0.14316529741752787,"Furnishings, Fixtures & Appliances",Consumer Cyclical,AMWD
2014Q3,2014,Q3,2014-02-28,2014-01-31,2901000.0,169033000.0,5102000.0,0.18,26001000.0,0.15382203475061082,327864000.0,180534000.0,214876000.0,71291000.0,147330000.0,29671000.0,86007000.0,545178319.42,443872319.41999996,11.626560547645044,3.014069097080978,0.07547946709611303,0.13707667253813685,0.014556973803272146,11.626560547645044,0.01606899531390209,3.2252774276028937,46.98193031885557,3.019809672527059,0.0,4.820599238313505,0.0,0.5155582802625479,2.4429451122862633,0.008848180953078105,91.28906889149363,0.15382203475061082,-0.4705882352941177,113.13099826289366,0.16621062384785057,-0.23360384744651136,-0.19436698271054098,-0.4496300512236767,-0.4193034372865923,1.4577807501838616,0.39491596738625345,0.046350296050134444,"Furnishings, Fixtures & Appliances",Consumer Cyclical,AMWD
2014Q2,2014,Q2,2013-11-27,2013-10-31,5271000.0,190532000.0,8786000.0,0.34,32274000.0,0.16938886906136502,324840000.0,172795000.0,210543000.0,74642000.0,152045000.0,31131000.0,83106000.0,521829859.20000005,428292859.20000005,11.232025720003108,2.8207041611961094,0.07685937692402413,0.1444891345235684,0.027131902829646715,11.232025720003108,0.03050435487137938,2.7388042911426953,24.75004075128059,3.019936104632657,0.0,5.083614403649095,0.0,0.5865410663711366,2.246228664826773,0.016226449944588106,44.94658563307494,0.16938886906136502,-0.20930232558139528,10.99482329051941,0.2878272760582708,-0.2579267436091406,-0.04274061990212072,-0.20796393688955672,-0.1896329090573695,1.6614665659836638,0.6406266312469061,-0.028162024647583557,"Furnishings, Fixtures & Appliances",Consumer Cyclical,AMWD
2014Q1,2014,Q1,2013-08-28,2013-07-31,6655000.0,178095000.0,10842000.0,0.43,33715000.0,0.18930907661641258,303832000.0,158376000.0,188112000.0,67407000.0,145456000.0,30767000.0,77835000.0,522609706.59999996,447018706.59999996,10.512746645567184,2.790689394276559,0.08178532873430054,0.15689877254129414,0.036865502565399944,10.512746645567184,0.04202025559428196,2.9344434520901763,19.632220383170548,3.299803673536394,0.0,4.692690220040953,0.0,0.5861627478343295,2.161733944545819,0.02190355196292688,1277.7743437652812,0.18930907661641258,0.26470588235294107,38.841174497582685,0.19527496797821758,-0.3049595328055713,0.04342040108937856,0.28227360308285165,0.20332963374028856,2.840359222116781,0.5400905115177851,-0.1305222137262565,"Furnishings, Fixtures & Appliances",Consumer Cyclical,AMWD
2013Q4,2013,Q4,2013-06-28,2013-04-30,5190000.0,171079000.0,9010000.0,0.34,32312000.0,0.18887180776132664,293993000.0,146195000.0,177918000.0,69108000.0,147798000.0,29338000.0,71180000.0,498779817.0,419973817.0,9.862992812317424,2.574492099322799,0.06178718540917641,0.12425185539861144,0.030812231072074897,9.862992812317424,0.035500530113888984,2.9154941109078263,24.02600274566474,3.4117433359554017,0.0,4.729940691253664,0.0,0.5819152156684003,1.9681512994154078,0.017653481545478973,24.09797163977196,0.18887180776132664,1.4285714285714286,135.8430978839941,0.13318936900045258,-0.3534649996684604,0.37456927723656785,1.5230918813806513,1.5083518930957684,4.250258985048293,0.46210753454595493,-0.1989087626780593,"Furnishings, Fixtures & Appliances",Consumer Cyclical,AMWD
2013Q3,2013,Q3,2013-02-27,2013-01-31,2057000.0,151346000.0,3592000.0,0.14,23507000.0,0.15531959880010043,270766000.0,140474000.0,149664000.0,59801000.0,130292000.0,28144000.0,65990000.0,406832907.15,365293907.15,9.602423676508637,2.502700623735389,0.09035477127852094,0.17416034283924428,0.012887464878653644,9.602423676508637,0.014643279183336418,2.68809817999815,49.44493280870199,2.896143821276535,0.0,4.5423180784536665,0.0,0.5589549648035573,1.831374057290012,0.007596965645612817,219.67219608531317,0.15531959880010043,0.07692307692307698,1.9997031614083518,0.11906413103458328,-0.3460301169002075,-0.051907719609582965,0.054871794871794874,0.022779043280182234,1.2177667740829374,0.6377961127383164,-0.26239969704441823,"Furnishings, Fixtures & Appliances",Consumer Cyclical,AMWD
2013Q2,2013,Q2,2012-11-30,2012-10-31,1950000.0,159760000.0,3512000.0,0.13,24794000.0,0.15519529293940912,269146000.0,135003000.0,145865000.0,61260000.0,134143000.0,28092000.0,63933000.0,333580960.0,295210960.0,9.308292055997441,2.381080639895527,0.09169744302348912,0.1828107523536514,0.012722477247560225,9.308292055997441,0.014444123463923025,2.088013019529294,42.76678974358975,2.4709151648481886,0.0,4.804428306991314,0.0,0.5935811789883557,1.7437642833823048,0.007245138326410201,-360.2386177105831,0.15519529293940912,2.3489618218352315,0.6841219658802369,-0.007997156957467383,-0.38170315204249566,0.12480152429342649,2.4759358288770055,2.172538392050587,1.3594580108887528,0.49388119698658817,-0.31831796344224267,"Furnishings, Fixtures & Appliances",Consumer Cyclical,AMWD
2013Q1,2013,Q1,2012-08-29,2012-07-31,561000.0,148252000.0,1107000.0,0.038818,22043000.0,0.14868602109920945,260718000.0,130951000.0,131782000.0,55602000.0,129767000.0,24478000.0,61983000.0,240914239.88000003,204723239.88000003,9.061121381149302,2.370094600913636,0.09438934020666007,0.18792525448450184,0.00393320430112975,9.061121381149302,0.004284045177203687,1.625031971777784,107.35928693404635,1.8397281416713125,0.0,5.156017648500694,0.0,0.5686297071932126,1.7537498651127656,0.002151750166846938,-40.44220914554306,0.14868602109920945,1.094569639681341,-0.8867446199998169,-0.08007454838702739,-0.39001307512094474,0.2693193596683174,1.0938127090301004,1.1195722618276085,1.0856391326274675,0.43775733328985394,-0.3531630797185416,"Furnishings, Fixtures & Appliances",Consumer Cyclical,AMWD
2012Q4,2012,Q4,2012-06-29,2012-04-30,-5980000.0,136221000.0,-9258000.0,-0.41047,17366000.0,0.1274840149463005,265121000.0,130020000.0,131102000.0,59221000.0,135101000.0,22340000.0,61422000.0,259412753.79999998,217457753.79999998,8.996701071217725,2.2137755188193378,0.09303299248267773,0.18970158437163515,-0.03888602479725062,8.996701071217725,-0.045992924165513,1.9043521468789686,-10.8450147909699,1.9951757714197815,0.0,5.320277529095792,0.0,0.5138069032630384,1.7168909677310413,-0.02255573870044244,222.29027746358182,0.1274840149463005,0.35236872083079573,-1.996894239443798,-0.15511027038333092,-0.40745408581468257,0.19043049081436797,0.34386657888962036,0.4104311278099726,-0.993817732081311,-0.05315202550146625,-0.3757567657572527,"Furnishings, Fixtures & Appliances",Consumer Cyclical,AMWD
2012Q3,2012,Q3,2012-03-01,2012-01-31,-9114000.0,119976000.0,-15703000.0,-0.633802,14588000.0,0.1215909848636394,261092000.0,134576000.0,115857000.0,48864000.0,126516000.0,22138000.0,67402000.0,204481822.5,170113822.5,9.358634897730335,2.3710093320235757,0.09521164953349777,0.18472090120080847,-0.05734696039242789,9.358634897730335,-0.0677238140530258,1.7043560587117423,-5.609003250493746,1.519452372637023,0.0,4.760502303731141,0.0,0.4595161858655187,1.7671905697445973,-0.03490723576363887,61.628035714285716,0.1215909848636394,-2.018104761904762,-3.627683236211475,-0.18921526273209777,-0.42061880333219903,-0.0947002606429192,-2.0625,-2.443640350877193,-388.1841295711813,-0.10617497715582896,-0.3831002944180158,"Furnishings, Fixtures & Appliances",Consumer Cyclical,AMWD
2012Q2,2012,Q2,2011-12-01,2011-10-31,-2976000.0,128418000.0,-4560000.0,-0.21,16114000.0,0.1254808515940133,262734000.0,149890000.0,119011000.0,47787000.0,112844000.0,24748000.0,76516000.0,244222656.93000004,212415656.93000004,10.439772181869204,2.4904471927511667,0.09619615276287043,0.16861698578957904,-0.017128775911859143,10.439772181869204,-0.019854560010674496,1.9017790101854883,-20.51601620715726,1.6293458998598973,0.0,4.537902052691127,0.0,0.4887757199296627,1.8426350262623725,-0.011327045605060631,125.75831973738416,0.1254808515940133,-0.1052631578947368,-1.355711997136601,-0.33103286001242754,-0.33821207285929256,-0.12457217362959744,-0.09572901325478646,-0.16178343949044585,-5.046533662625301,-0.06994841111386223,-0.31026905278701195,"Furnishings, Fixtures & Appliances",Consumer Cyclical,AMWD
2012Q1,2012,Q1,2011-08-30,2011-07-31,-2716000.0,131199000.0,-3925000.0,-0.19,18407000.0,0.1402983254445537,267557000.0,151406000.0,121916000.0,51569000.0,116151000.0,25186000.0,79492000.0,247353039.36,216664039.36,10.577172153491182,2.364133491050825,0.09504143042417129,0.16795239290384792,-0.015425762654434527,10.577172153491182,-0.017938522911905737,1.8853271698717218,-22.768136907216498,1.6337069822860388,-0.4738586156111929,4.478360994203129,0.005203089492370812,0.49035906367615123,1.7665845760049643,-0.010151107988204382,83.93384437054632,0.1402983254445537,0.2083333333333333,-1.2258975325898673,-0.34287356797698126,-0.3228867678343588,0.12347412109375,0.19834710743801653,0.0440818314661471,-18.11250143006313,-0.07328481083126823,-0.30070010026749006,"Furnishings, Fixtures & Appliances",Consumer Cyclical,AMWD
2011Q4,2011,Q4,2011-06-30,2011-04-30,-3388000.0,124230000.0,-4106000.0,-0.24,16384000.0,0.13188440795299042,268370000.0,153965000.0,120416000.0,50844000.0,114405000.0,24471000.0,83495000.0,290342417.4,260505417.39999998,10.770142296128723,2.368342380615215,0.0953273465737601,0.16616114051894912,-0.024534072774652915,10.770142296128723,-0.02200500113662196,2.3371360975609754,-21.42432241735537,1.885768956581041,-0.3792798110979929,4.407094111397164,0.004425808710649662,0.46290568990572717,1.7757454173550469,-0.012624361888437605,69.89465994222435,0.13188440795299042,0.4146341463414634,-1.2800737837597438,-0.35875498192890737,-0.28824846953259486,0.34692535350213743,0.4186684969114619,0.5604795546992078,-93.6237113968568,-0.14679083547482996,-0.2939998958224719,"Furnishings, Fixtures & Appliances",Consumer Cyclical,AMWD
2011Q3,2011,Q3,2011-03-01,2011-01-31,-5828000.0,111443000.0,-9342000.0,-0.41,12164000.0,0.10914996904247014,265774000.0,158676000.0,114693000.0,46929000.0,107098000.0,23497000.0,88164000.0,266327445.79999998,239521445.79999998,11.111537495171667,2.4439685482324363,0.09683415232490762,0.1621921399581537,-0.03171518125960011,11.111537495171667,-0.03672893191156823,2.389808653751245,-11.424478629032256,1.6784355907635684,-0.22014413177762526,4.22517768225731,0.004817378081879986,0.4193149066500109,1.8205374075731424,-0.021928405336865155,-215.30108795472916,0.10914996904247014,0.21153846153846162,-2.094496187249649,-0.33548277316029895,-0.19383466535163174,0.23920130399348002,0.21072589382448537,0.22440846824408467,-1.9015784310162531,-0.15585933847782604,-0.24325242026620755,"Furnishings, Fixtures & Appliances",Consumer Cyclical,AMWD
2011Q2,2011,Q2,2010-12-01,2010-10-31,-7384000.0,107613000.0,-12045000.0,-0.52,9816000.0,0.09121574530958156,271060000.0,164757000.0,117755000.0,46795000.0,106303000.0,23982000.0,95275000.0,246618558.4,216953558.4,11.557508560961566,2.5164013249278767,0.09666125581052165,0.1590281444794455,-0.03894951783687948,11.557508560961566,-0.044817519134240126,2.2917171568490797,-8.34976159263272,1.4968623997766408,-0.17361863488624052,4.077933450087565,0.005198311142183694,0.3970080424998155,1.8769526658831073,-0.02724120121006419,53.88214079091108,0.09121574530958156,-1.1663597656998594,-2.3793615936369106,-0.4216657098441121,-0.17362395924344065,-0.31771738374921804,-1.160327677004096,-1.1659773422046396,-7.488202314557082,-0.3201652339691469,-0.23230050470105576,"Furnishings, Fixtures & Appliances",Consumer Cyclical,AMWD
2011Q1,2011,Q1,2010-08-31,2010-07-31,-3418000.0,109303000.0,-5561000.0,-0.240034,14387000.0,0.13162493252701207,272183000.0,172170000.0,115641000.0,41511000.0,100013000.0,23648000.0,103941000.0,235381662.45000002,209949662.45000002,12.09087432885535,2.7857917178579172,0.0967216909211817,0.1529070105128652,-0.01730037706497759,12.09087432885535,-0.019852471394551898,2.1534785179729745,-17.216329904183734,1.3671467877679038,-0.37448800468110005,4.013700947225981,0.005437976716949643,0.40157908465995307,2.0670906506709064,-0.012557727705257125,313.84221660000003,0.13162493252701207,-1.2281073053002876,-1.5279833589819847,-0.4160822565564061,-0.1084015693372402,-0.22257646168810116,-1.2281616688396348,-0.4222506393861893,-1.7003177556998614,-0.3116469286214114,-0.18605270355377201,"Furnishings, Fixtures & Appliances",Consumer Cyclical,AMWD
2010Q4,2010,Q4,2010-06-30,2010-04-30,-1534000.0,112407000.0,-3910000.0,-0.10773,18506000.0,0.16463387511453914,282433000.0,175318000.0,123044000.0,49579000.0,107115000.0,25239000.0,108643000.0,329078658.15,302320658.15,12.311946945381088,2.481776558623611,0.09373904607464426,0.15101130517117467,-0.007896713929863197,12.311946945381088,-0.008749814622571555,2.9275637473644878,-53.63081130215124,1.877038627807755,-0.8311603650586702,3.7204722849558225,0.0038744536250625893,0.3979952767559032,1.8445309506040863,-0.0054313766450804265,201.88874733128833,0.16463387511453914,0.8326859549698002,-1.2370545728597178,-0.3750547339626798,-0.061793952642464754,2.1302435723951287,0.8318166867668019,0.7321183885996163,-1.259537645740811,-0.2924185762652748,-0.18910345020894262,"Furnishings, Fixtures & Appliances",Consumer Cyclical,AMWD
2010Q3,2010,Q3,2010-03-03,2010-01-31,-9121000.0,89230000.0,-14596000.0,-0.643879,5912000.0,0.06625574358399641,274368000.0,183897000.0,119140000.0,45780000.0,90471000.0,23470000.0,111621000.0,283082214.36,253419214.36,13.018464930168141,2.602446483180428,0.09704120013995801,0.14478213347689195,-0.0433315756345624,13.018464930168141,-0.04959841650489132,3.172500441107251,-7.7590783455761425,1.5393519979118744,-0.13967766692248657,3.549978696207925,0.004500459355527842,0.32522014229064616,1.935211882918305,-0.03324367273151388,58.62129102505695,0.06625574358399641,-0.7257406131818827,-2.5032624918897715,-0.43133787931450773,-0.011168191874346322,-0.5333491198989659,-0.7277893540443265,-0.7265199905370239,-3.67698961136839,-0.38614991105126767,-0.19404337572268476,"Furnishings, Fixtures & Appliances",Consumer Cyclical,AMWD
2010Q2,2010,Q2,2009-12-03,2009-10-31,-5279000.0,104068000.0,-8454000.0,-0.373103,12669000.0,0.12173770995887305,286844000.0,192720000.0,140380000.0,49717000.0,94124000.0,26525000.0,122015000.0,277615043.09000003,235265043.09000003,13.654888286334902,2.8235814711265763,0.09427075344089471,0.1403123702781237,-0.024041457261473984,13.654888286334902,-0.027392071398920713,2.667631193930892,-13.147141650407274,1.4405097711187216,-0.24076529645766243,3.4457681432610743,0.004578282163146161,0.3628034750596143,2.16284168393105,-0.01840373164507537,-901.3475425000001,0.12173770995887305,0.17687639125744295,-1.5422558397348924,-0.3904928668264847,0.0697405060326039,0.07055940510393781,0.17592881673431157,0.1789044289044289,-1.6418894689468133,-0.44850815550805434,-0.13440254663358722,"Furnishings, Fixtures & Appliances",Consumer Cyclical,AMWD
2010Q1,2010,Q1,2009-09-01,2009-07-31,-6406000.0,100835000.0,-10296000.0,-0.453277,11834000.0,0.11736004363564238,289113000.0,197975000.0,138759000.0,47270000.0,91138000.0,27610000.0,128567000.0,331269011.28000003,285703011.28000003,14.008355270145268,2.935455891686059,0.09403935485433032,0.13733047101906806,-0.028578180598272277,14.008355270145268,-0.03235762091173128,3.285258206773442,-12.928075682172963,1.673287088167698,-0.19825163908835466,3.2235059760956175,0.003833742235933298,0.34877366289305567,2.098159509202454,-0.022157426335031632,-42.91049368911918,0.11736004363564238,-1.1841516889124464,-1.7686587258561355,-0.3741151812541719,0.14596156393398554,-0.5708742792907133,-1.184111830889874,-0.8618444846292947,-1.539658429118327,-0.48845950066251176,-0.10323453408462445,"Furnishings, Fixtures & Appliances",Consumer Cyclical,AMWD
2009Q4,2009,Q4,2009-06-30,2009-04-30,-2933000.0,140689000.0,-5530000.0,-0.20753,27577000.0,0.19601390300592086,303737000.0,203682000.0,153538000.0,58167000.0,100055000.0,32684000.0,136074000.0,292545585.9,237058585.89999998,14.41217233556625,2.6396066498186257,0.08999232888979611,0.13419938924401764,-0.01333511480283421,14.41217233556625,-0.014399897880028672,2.079377818450625,-24.93569603648142,1.4362859059710724,-0.4316399590862598,3.4607759148207076,0.004327530685876604,0.46319348647020286,1.8870665497618926,-0.009656380355373233,15.363982243579642,0.19601390300592086,-127.82182662217392,-1.4075554259748086,-0.09201088939442911,0.22753055963888555,0.3528084375766495,-128.52173913043478,-10.239837398373984,-1.2452553449538504,-0.2654268966584884,-0.04756265654109101,"Furnishings, Fixtures & Appliances",Consumer Cyclical,AMWD
2009Q3,2009,Q3,2009-03-03,2009-01-31,23000.0,131153000.0,-492000.0,0.001636390245491976,20385000.0,0.15542915526141224,306004000.0,213152000.0,147869000.0,55392000.0,92852000.0,39011000.0,140273000.0,211459874.5,172962874.5,15.170431778535837,2.6695010109763144,0.08558058064600463,0.12286068157934243,0.00014071434540223707,15.170431778535837,0.00010790421858579793,1.6123144304743315,2298.4768967391306,0.9920614139205826,55.0,2.839404270590346,0.005982222409765026,0.42859897256245016,1.7758340554592722,7.516241617756631e-05,23.891071573833464,0.15542915526141224,1.0545463415163991,-0.9965463660218824,-0.07492621730125155,0.3443964907318347,0.04710293815492089,1.0478170478170479,0.5482093663911846,-0.9956099631712815,-0.20516442624787323,0.10064662219948153,"Furnishings, Fixtures & Appliances",Consumer Cyclical,AMWD
2009Q2,2009,Q2,2008-12-03,2008-10-31,-481000.0,134939000.0,-1089000.0,-0.03,19468000.0,0.14427259724764524,306684000.0,212379000.0,144679000.0,53854000.0,94305000.0,41236000.0,141526000.0,260141711.04,225678711.04,15.136006618310278,2.686504252237531,0.0867081425832453,0.12521011964459763,-0.002880335641427931,15.136006618310278,-0.002264819026363247,1.9278467384521893,-135.20878952182952,1.2248937561623325,-2.625779625779626,2.8002473566786303,0.00485504610141431,0.4399936090568794,1.7316262487466112,-0.0015683896127610178,38.39163386068477,0.14427259724764524,-4.0,-1.067403542758008,-0.08163347521965439,0.40695132853225385,-0.11749773345421577,-4.083333333333333,-20.78,-1.091287414501687,-0.2632314473900823,0.08224304192630236,"Furnishings, Fixtures & Appliances",Consumer Cyclical,AMWD
2009Q1,2009,Q1,2008-09-02,2008-07-31,156000.0,139153000.0,-50000.0,0.01,22060000.0,0.15853053832831487,311902000.0,212808000.0,145624000.0,57006000.0,99094000.0,43460000.0,143332000.0,331901934.77,298222934.77,15.125373473579888,2.554538118794513,0.08576732435187975,0.12570486071952183,-0.0001543119842900904,15.125373473579888,0.0007330551483026954,2.3851583132954373,531.8941262339744,1.5596309103511146,8.115384615384615,2.6942705936493327,0.0038143796928370045,0.4461433398952235,1.6081465108935902,0.0005001571006277613,45.34179436748634,0.15853053832831487,2.8461538461538463,-0.9759467694430728,0.03212282773399344,0.4599658748270385,-0.05710377842366216,3.3333333333333335,-1.1256281407035176,-0.9756111847584803,-0.24763238562129442,0.11536675392015833,"Furnishings, Fixtures & Appliances",Consumer Cyclical,AMWD
2008Q4,2008,Q4,2008-07-10,2008-04-30,36000.0,143302000.0,398000.0,0.0026,23396000.0,0.1632635971584486,314799000.0,214634000.0,143388000.0,56034000.0,100165000.0,46981000.0,146288000.0,265493408.61,235468408.61,15.25515680861784,2.5589463539993575,0.08547358790847494,0.12536224456516676,0.00012130699755707115,15.25515680861784,0.00016772738708685484,1.852684600424279,1843.7042264583336,1.2369587698593887,35.52777777777778,2.5522232391817967,0.004817445399854742,0.45521745621809473,1.5111539422493485,0.00011435868601869765,17.155169850736627,0.1632635971584486,1.0185714285714285,-0.9945234701734961,0.1408865990857942,0.5405997997096934,0.3209123757904246,1.0178129638792677,1.083508182962652,-0.9943695460911207,-0.19365888248848617,0.1624871707721387,"Furnishings, Fixtures & Appliances",Consumer Cyclical,AMWD
2008Q3,2008,Q3,2008-02-29,2008-01-31,-2021000.0,132837000.0,-4766000.0,-0.14,17712000.0,0.1333363445425597,310290000.0,210980000.0,136218000.0,52479000.0,99310000.0,48608000.0,149012000.0,301455808.54,273087808.54,14.683281179545322,2.595666838163837,0.08721840858551677,0.1282728220684425,-0.009169190782320319,14.683281179545322,-0.009579107024362498,2.2693662800274024,-37.29042658832261,1.428835949094701,-0.6427511133102425,2.368437294272548,0.004309089303308734,0.4281059653872184,1.440385678080756,-0.006513261787360211,29.808742068624547,0.1333363445425597,-2.7500000000000004,-1.3406871203873127,0.10699255483782133,0.45832309998908266,-0.3607853044137284,-2.7543402777777777,-4.596981132075472,-1.3274578255784821,-0.16773973457697733,0.11528475560441179,"Furnishings, Fixtures & Appliances",Consumer Cyclical,AMWD
2008Q2,2008,Q2,2007-12-05,2007-10-31,1152000.0,160231000.0,1325000.0,0.08,27709000.0,0.17293158003132977,329404000.0,217239000.0,151220000.0,63095000.0,112165000.0,53612000.0,156175000.0,365943532.0,347195532.0,15.05472991936909,2.396703383786354,0.08334446454809293,0.12637693968394256,0.003726416190856491,15.05472991936909,0.005302915222404817,2.2838497668990394,79.41482899305555,1.6845204222077987,1.1267361111111112,2.4718719689621724,0.003546995332602299,0.4864270014936066,1.3546715270623664,0.0034972252917390197,63.70883217270195,0.17293158003132977,-0.7647058823529411,-0.8573701207985522,0.25073886102760895,0.5617732650849654,-0.1923693491503687,-0.774294670846395,-0.8215488215488216,-0.8842612295944747,-0.08212839099890026,0.17940579698823075,"Furnishings, Fixtures & Appliances",Consumer Cyclical,AMWD
2008Q1,2008,Q1,2007-09-05,2007-07-31,5104000.0,166056000.0,7425000.0,0.34,34309000.0,0.20661102278749338,338963000.0,221205000.0,157116000.0,67485000.0,117758000.0,55394000.0,161586000.0,447484496.55,423486496.55,14.854615749257068,2.328161813736386,0.08144841767390541,0.12480730544065459,0.019194956177450383,14.854615749257068,0.023073619493230262,2.6947806556222,21.918323694651257,2.0229402434393435,0.1753526645768025,2.3783622775029785,0.002000069291562588,0.48989417724058376,1.3445061865599763,0.015057690662402682,55.56052850136578,0.20661102278749338,-0.17073170731707307,-0.38852629493219254,0.33921274431493564,0.6502707807739371,-0.013457169968657446,-0.17424364989483904,-0.18289864641795972,-0.4187713946238378,-0.021800640074914134,0.2151903894054019,"Furnishings, Fixtures & Appliances",Consumer Cyclical,AMWD
2007Q4,2007,Q4,2007-07-12,2007-04-30,6181000.0,166131000.0,9087000.0,0.41,34777000.0,0.20933480205380092,348695000.0,226097000.0,163808000.0,68060000.0,122598000.0,56349000.0,167506000.0,513899832.80999994,483536832.80999994,15.183129029903371,2.406817513958272,0.07961685713876024,0.12278800691738502,0.023519904969491124,15.183129029903371,0.027337824031278612,3.0933409948173427,20.78546484428086,2.272917521285112,0.1504610904384404,2.3310795222630394,0.0018096911900413895,0.47643642725017565,1.4134440199823686,0.017726093003914596,16.83592690374787,0.20933480205380092,0.7083333333333333,-0.25001645626807467,0.5380161390354118,0.7267025490883688,0.1964015412137058,0.6356178883302461,0.9178978471929083,-0.18487718860939675,0.017561961172936617,0.2931953935322147,"Furnishings, Fixtures & Appliances",Consumer Cyclical,AMWD
2007Q3,2007,Q3,2007-03-05,2007-01-31,3779000.0,161224000.0,4738000.0,0.24,29068000.0,0.18029573760730414,366237000.0,253072000.0,181545000.0,64262000.0,113165000.0,54535000.0,185166000.0,704404775.36,663059775.36,16.15281088091004,2.8250754722853317,0.07725598451276086,0.11180217487513434,0.011966082665795135,16.15281088091004,0.01493250932540937,4.369106183694735,46.599945445885155,2.783416479736992,0.2476845726382641,2.423324470523517,0.0013287814517180675,0.4402176732552964,1.738834770159659,0.010318454989528639,-276.88866955974845,0.18029573760730414,-0.5789473684210527,-0.48563782197505234,0.31216861393126205,0.9787626490635049,-0.32183934862235497,-0.5887026556377885,-0.671040755398181,-0.49111359875976635,0.019819511821965417,0.4314544622569954,"Furnishings, Fixtures & Appliances",Consumer Cyclical,AMWD
2007Q2,2007,Q2,2006-12-06,2006-10-31,9188000.0,210818000.0,14403000.0,0.57,42863000.0,0.20331755352958475,375921000.0,248737000.0,189539000.0,78753000.0,127184000.0,60912000.0,188142000.0,,,,,,,,,,,,,,,,,,,,,,,,,,,,,,,"Furnishings, Fixtures & Appliances",Consumer Cyclical,AMWD
2007Q1,2007,Q1,2006-09-01,2006-07-31,13414000.0,222752000.0,21181000.0,0.82,49111000.0,0.22047389024565436,382456000.0,249472000.0,191804000.0,82442000.0,132984000.0,64641000.0,194423000.0,,,,,,,,,,,,,,,,,,,,,,,,,,,,,,,"Furnishings, Fixtures & Appliances",Consumer Cyclical,AMWD
