Quarters,Year,Quarter,FillingDate,Date,NetIncome,Revenue,OperatingIncome,EPSDiluted,GrossProfit,GrossProfitRatio,TotalAssets,CommonStockEquity,CurrentAssets,CurrentLiability,TotalLiability,Inventory,RetainedEarnings,MarketCap,EnterpriseValue,bookValuePerShare,currentRatio,debtToAssets,debtToEquity,roic,shareholdersEquityPerShare,roe,priceToSalesRatio,peRatio,pbRatio,payoutRatio,inventoryTurnover,dividendYield,assetTurnover,quickRatio,returnOnAssets,priceToFreeCashFlowsRatio,grossProfitMargin,epsdilutedGrowth,fiveYNetIncomeGrowthPerShare,fiveYRevenueGrowthPerShare,fiveYShareholdersEquityGrowthPerShare,grossProfitGrowth,netIncomeGrowth,operatingIncomeGrowth,threeYNetIncomeGrowthPerShare,threeYRevenueGrowthPerShare,threeYShareholdersEquityGrowthPerShare,Industry,Sector,Symbol
2023Q1,2023,Q1,2023-05-08,2023-03-31,191000000.0,2137000000.0,291000000.0,2.85,487000000.0,0.2278895648,7645000000.0,3301000000.0,3402000000.0,1892000000.0,4280000000.0,1663000000.0,4354000000.0,6724353000.0,9147353000.0,49.93948562783661,1.7980972515856237,0.345192936559843,0.7994547106937292,0.036695136695136694,49.93948562783661,0.05786125416540442,3.1466321946654188,8.801509162303665,2.0370654347167525,0.24607329842931938,0.9921828021647625,0.006989520032633622,0.2795291039895356,0.8858350951374208,0.0249836494440811,-52.947661417322834,0.22788956481048198,0.6666666666666667,0.4922519991355089,0.4784596967965849,0.1877055298988773,0.38746438746438744,0.6754385964912281,0.8535031847133758,1.5851941502773572,0.4059169172574791,0.28585552019487215,Packaged Foods,Consumer Defensive,INGR
2022Q4,2022,Q4,2023-02-21,2022-12-31,114000000.0,1987000000.0,157000000.0,1.71,351000000.0,0.1766482134,7561000000.0,3195000000.0,3309000000.0,1882000000.0,4299000000.0,1597000000.0,4210000000.0,6443794000.0,8690794000.0,48.556231003039514,1.7582359192348564,0.3283957148525327,0.777151799687011,0.024796464357915087,48.556231003039514,0.03568075117370892,3.242976346250629,14.131127192982458,2.0168369327073554,0.42105263157894735,1.0244207889793362,0.007449027700140631,0.26279592646475336,0.8767268862911796,0.015077370718158973,-257.75176,0.1766482133870156,0.07547169811320747,0.26176660219213405,0.42583148713232727,0.21096653591115486,-0.06149732620320856,0.07547169811320754,0.17164179104477612,0.06494520509745959,0.30615692838403447,0.1960542195601644,Packaged Foods,Consumer Defensive,INGR
2022Q3,2022,Q3,2022-11-07,2022-09-30,106000000.0,2023000000.0,134000000.0,1.59,374000000.0,0.1848739496,7403000000.0,3109000000.0,3268000000.0,1949000000.0,4224000000.0,1500000000.0,4143000000.0,5298216000.0,7452216000.0,47.24924012158055,1.676757311441765,0.33067675266783736,0.7873914441942746,0.0163254448253392,47.24924012158055,0.03409456416854294,2.6189896193771625,12.49579245283019,1.7041543904792535,0.4056603773584906,1.0993333333333333,0.008115939402999048,0.27326759421856006,0.8742945100051308,0.014318519519113873,211.92864,0.18487394957983194,-0.25,-0.3022485077086461,0.4044107707696884,0.20000719347991566,-0.041025641025641026,-0.2535211267605634,-0.37089201877934275,0.08860642903196086,0.30674660034064183,0.21904132824286102,Packaged Foods,Consumer Defensive,INGR
2022Q2,2022,Q2,2022-08-09,2022-06-30,142000000.0,2044000000.0,213000000.0,2.12,390000000.0,0.1908023483,7389000000.0,3183000000.0,3177000000.0,1845000000.0,4121000000.0,1403000000.0,4085000000.0,5853824000.0,7926824000.0,47.93674698795181,1.721951219512195,0.32358911896061715,0.7511781338360037,0.028269919377869556,47.93674698795181,0.04461200125667609,2.8639060665362037,10.306028169014084,1.839090166509582,0.33098591549295775,1.1789023521026372,0.008028939715304047,0.27662741913655436,0.9311653116531166,0.01921775612396806,-532.1658181818182,0.1908023483365949,0.07614213197969551,0.18113994439295644,0.4333520853843389,0.28523466532297975,0.029023746701846966,0.06766917293233082,0.014285714285714285,0.362564543889845,0.3286397201710067,0.23534991274806463,Packaged Foods,Consumer Defensive,INGR
2022Q1,2022,Q1,2022-05-06,2022-03-31,133000000.0,1892000000.0,210000000.0,1.97,379000000.0,0.2003171247,7435000000.0,3324000000.0,3129000000.0,1721000000.0,4021000000.0,1306000000.0,3986000000.0,5830335000.0,7759335000.0,49.68609865470852,1.8181289947704822,0.3030262273032952,0.677797833935018,0.02678111686750107,49.68609865470852,0.04001203369434416,3.0815724101479915,10.959276315789474,1.7540117328519855,0.3233082706766917,1.1584992343032159,0.0073752194342177595,0.25447209145931404,1.0226612434631028,0.01788836583725622,-42.5571897810219,0.20031712473572938,0.9504950495049505,0.15755340180336563,0.32849016730318326,0.38828805064626754,0.30689655172413793,0.9558823529411765,1.441860465116279,0.3280119581464873,0.22992962132536127,0.31603147903827494,Packaged Foods,Consumer Defensive,INGR
2021Q4,2021,Q4,2022-02-22,2021-12-31,68000000.0,1755000000.0,86000000.0,1.01,290000000.0,0.1652421652,6999000000.0,3136000000.0,2697000000.0,1512000000.0,3774000000.0,1172000000.0,3899000000.0,6455552000.0,8374552000.0,46.946107784431135,1.7837301587301588,0.3210458636948135,0.7165178571428571,0.013426640217471163,46.946107784431135,0.021683673469387755,3.678377207977208,23.73364705882353,2.058530612244898,0.6764705882352942,1.25,0.007125649363524607,0.2507501071581654,0.966931216931217,0.00971567366766681,339.7658947368421,0.16524216524216523,-0.4228571428571429,-0.21378519556631415,0.2844311377245509,0.3287670273488112,-0.1021671826625387,-0.423728813559322,-0.5,-0.2603516371512294,0.16747474472005885,0.34272159199189545,Packaged Foods,Consumer Defensive,INGR
2021Q3,2021,Q3,2021-11-05,2021-09-30,118000000.0,1763000000.0,172000000.0,1.75,323000000.0,0.1832104368,6986000000.0,3116000000.0,2733000000.0,1457000000.0,3783000000.0,1093000000.0,3877000000.0,5963670000.0,7827670000.0,46.507462686567166,1.8757721345229925,0.3289436014886917,0.7374839537869063,0.02403481454864854,46.507462686567166,0.037869062901155326,3.3826829268292684,12.634894067796612,1.9138863928112966,0.3813559322033898,1.3174748398902105,0.0075456891477898675,0.2523618665903235,1.0748112560054908,0.016890924706555968,129.645,0.18321043675553034,-0.33206106870229013,-0.10708694290783842,0.21588520114532492,0.3217526635735475,-0.11989100817438691,-0.33707865168539325,-0.22522522522522523,0.31996857816182234,0.19866693404379254,0.16801811050567264,Packaged Foods,Consumer Defensive,INGR
2021Q2,2021,Q2,2021-08-06,2021-06-30,178000000.0,1762000000.0,222000000.0,2.62,367000000.0,0.2082860386,7098000000.0,2850000000.0,2813000000.0,1101000000.0,4156000000.0,1054000000.0,3802000000.0,6081600000.0,7892600000.0,42.410714285714285,2.5549500454132605,0.3315018315018315,0.8256140350877192,0.03660312905650065,42.410714285714285,0.062456140350877196,3.4515323496027244,8.541573033707865,2.1338947368421053,0.2808988764044944,1.3235294117647058,0.008221520652459879,0.24823894054663284,1.534059945504087,0.025077486615948153,89.43529411764706,0.20828603859250852,1.7257617728531858,0.6345645095645095,0.23489966762960887,0.25803351332316005,0.045584045584045586,1.7325102880658436,0.12121212121212122,0.670608813700919,0.17240989990523561,0.07598107168061291,Packaged Foods,Consumer Defensive,INGR
2021Q1,2021,Q1,2021-05-07,2021-03-31,-243000000.0,1614000000.0,198000000.0,-3.61,351000000.0,0.217472119,6803000000.0,2658000000.0,2610000000.0,1380000000.0,4049000000.0,950000000.0,3667000000.0,6051616000.0,7817616000.0,39.49479940564636,1.891304347826087,0.34425988534470087,0.8811136192626035,0.04974257180075678,39.49479940564636,-0.09142212189616253,3.74945229244114,-6.225942386831275,2.276755455229496,-0.17695473251028807,1.3294736842105264,0.007105540073924056,0.23724827282081434,1.1608695652173913,-0.03571953549904454,-147.60039024390244,0.2174721189591078,-3.123529411764706,-3.0470100969919622,0.2041256597884946,0.24121586957945795,-0.002840909090909091,-3.1130434782608694,0.2147239263803681,-2.864667798768839,0.09671780325992256,-0.06069934308281844,Packaged Foods,Consumer Defensive,INGR
2020Q4,2020,Q4,2021-02-24,2020-12-31,115000000.0,1593000000.0,163000000.0,1.7,352000000.0,0.2209667294,6858000000.0,2981000000.0,2647000000.0,1458000000.0,3786000000.0,917000000.0,3957000000.0,5286624000.0,6989624000.0,44.36011904761905,1.8155006858710563,0.3452901720618256,0.7943643072794364,0.02390594399272758,44.36011904761905,0.03857765850385777,3.318659133709981,11.492660869565219,1.773439785306944,0.4,1.3533260632497273,0.008701205154745258,0.23228346456692914,1.149519890260631,0.016768737241178187,29.86793220338983,0.22096672944130571,0.2499999999999999,0.18208952656206995,0.1419471292279341,0.48349838419509605,0.07975460122699386,0.25,0.06535947712418301,0.24631734006733996,0.11929027504911587,0.10631773895999079,Packaged Foods,Consumer Defensive,INGR
2020Q3,2020,Q3,2020-11-06,2020-09-30,92000000.0,1502000000.0,153000000.0,1.36,326000000.0,0.2170439414,6464000000.0,2776000000.0,2430000000.0,955000000.0,3593000000.0,908000000.0,3884000000.0,5085696000.0,6832696000.0,41.30952380952381,2.5445026178010473,0.3558168316831683,0.8285302593659942,0.020577988537413935,41.30952380952381,0.03314121037463977,3.3859494007989346,13.819826086956523,1.8320230547550433,0.4891304347826087,1.2951541850220265,0.008848346421020838,0.23236386138613863,1.5350785340314137,0.014232673267326733,26.350756476683937,0.2170439414114514,0.3877551020408164,-0.09153095900083855,0.05009530058742646,0.3991305131324053,0.2029520295202952,0.3939393939393939,0.35398230088495575,-0.407020940906483,0.0209978368729957,0.04915392508115922,Packaged Foods,Consumer Defensive,INGR
2020Q2,2020,Q2,2020-08-05,2020-06-30,66000000.0,1349000000.0,113000000.0,0.98,271000000.0,0.2008895478,6611000000.0,2646000000.0,2820000000.0,1282000000.0,3945000000.0,859000000.0,3836000000.0,5577600000.0,7255600000.0,39.375,2.199687987519501,0.4121918015428831,1.029856386999244,0.014681471598886138,39.375,0.024943310657596373,4.13461823573017,21.12727272727273,2.107936507936508,0.6818181818181818,1.2549476135040745,0.008067986230636832,0.20405384964453185,1.4890795631825273,0.009983361064891847,36.694736842105264,0.20088954781319496,-0.11711711711711721,-0.34094256259204714,-0.06399623537875684,0.2826433121019108,-0.1609907120743034,-0.12,-0.26143790849673204,-0.4575549450549451,-0.06527739176085479,0.05568521284540702,Packaged Foods,Consumer Defensive,INGR
2020Q1,2020,Q1,2020-05-06,2020-03-31,75000000.0,1543000000.0,153000000.0,1.11,323000000.0,0.2093324692,5952000000.0,2606000000.0,2188000000.0,937000000.0,3325000000.0,857000000.0,3813000000.0,5066050000.0,6851050000.0,38.83755588673621,2.335112059765208,0.34660618279569894,0.7916346891788181,0.018342391304347828,38.83755588673621,0.028779739063699156,3.283246921581335,16.886833333333332,1.9439946277820417,0.56,1.4235705950991833,0.008290482723226182,0.25924059139784944,1.3617929562433297,0.012600806451612902,-153.51666666666668,0.20933246921581336,-0.3105590062111801,-0.04384938758286183,0.16771622749997367,0.33498271795022205,0.0,-0.3119266055045872,-0.1,-0.34918994279121196,0.080206374893705,0.0851670027176294,Packaged Foods,Consumer Defensive,INGR
2019Q4,2019,Q4,2020-02-19,2019-12-31,109000000.0,1549000000.0,170000000.0,1.61,323000000.0,0.2085216269,6040000000.0,2720000000.0,2160000000.0,967000000.0,3299000000.0,861000000.0,3780000000.0,6227650000.0,7971650000.0,40.59701492537314,2.233712512926577,0.33245033112582784,0.7382352941176471,0.026021383318952263,40.59701492537314,0.04007352941176471,4.0204325371207235,14.283600917431192,2.289577205882353,0.3944954128440367,1.423925667828107,0.006904691175644103,0.25645695364238413,1.2874870734229575,0.01804635761589404,66.96397849462366,0.20852162685603615,0.09523809523809533,0.9139596136962248,0.1478396186218267,0.3426665478304391,-0.061046511627906974,0.10101010101010101,0.030303030303030304,0.2564941251190855,0.13028192371475952,0.1490617089988655,Packaged Foods,Consumer Defensive,INGR
2019Q3,2019,Q3,2019-11-06,2019-09-30,99000000.0,1574000000.0,165000000.0,1.47,344000000.0,0.2185514612,6095000000.0,2593000000.0,2342000000.0,957000000.0,3483000000.0,879000000.0,3713000000.0,5468406000.0,7207406000.0,38.7593423019432,2.4472309299895505,0.35799835931091056,0.8414963362900115,0.024649228155482004,38.7593423019432,0.03817971461627458,3.474209656925032,13.809106060606059,2.1089109139992286,0.4444444444444444,1.3993174061433447,0.008046220415967652,0.2582444626743232,1.491118077324974,0.0162428219852338,33.75559259259259,0.21855146124523506,-0.057692307692307744,-0.08914919199328492,0.11180650220344797,0.28435405721373297,0.04559270516717325,-0.05714285714285714,-0.017857142857142856,-0.24974129010003446,0.08716052134927371,0.10154932061579067,Packaged Foods,Consumer Defensive,INGR
2019Q2,2019,Q2,2019-08-02,2019-06-30,105000000.0,1550000000.0,168000000.0,1.56,329000000.0,0.2122580645,5998000000.0,2596000000.0,2215000000.0,894000000.0,3386000000.0,865000000.0,3656000000.0,5456364000.0,7321364000.0,38.804185351270554,2.4776286353467563,0.3604534844948316,0.8328197226502311,0.02428900346985764,38.804185351270554,0.04044684129429892,3.5202348387096776,12.991342857142858,2.1018351309707244,0.42857142857142855,1.4115606936416185,0.008247250366727733,0.25841947315771924,1.4720357941834452,0.01750583527842614,34.31675471698113,0.21225806451612902,0.054054054054054106,0.14577050498693178,0.10658798020218355,0.13355440047198297,0.04113924050632911,0.05,0.043478260869565216,-0.03146678931432293,0.09119061757430201,0.15105266325461555,Packaged Foods,Consumer Defensive,INGR
2019Q1,2019,Q1,2019-05-03,2019-03-31,100000000.0,1536000000.0,161000000.0,1.48,316000000.0,0.2057291667,5932000000.0,2522000000.0,2170000000.0,901000000.0,3388000000.0,862000000.0,3594000000.0,6292560000.0,8260560000.0,37.75449101796407,2.408435072142064,0.37474713418745786,0.8814432989690721,0.024319449339663714,37.75449101796407,0.03965107057890563,4.09671875,15.7314,2.495067406819984,0.42,1.4153132250580047,0.006674548991189595,0.2589345920431558,1.411764705882353,0.016857720836142953,-101.49290322580646,0.20572916666666666,0.08823529411764697,0.5382458224047773,0.19536814871998173,0.14351807955343884,-0.0125,0.06382978723404255,0.0189873417721519,-0.1513036918289405,0.15451106155889052,0.18652263347595516,Packaged Foods,Consumer Defensive,INGR
2018Q4,2018,Q4,2019-02-25,2018-12-31,94000000.0,1537000000.0,158000000.0,1.36,320000000.0,0.2081977879,5728000000.0,2388000000.0,2138000000.0,946000000.0,3320000000.0,824000000.0,3536000000.0,6242620000.0,8016620000.0,34.96339677891655,2.2600422832980973,0.36679469273743015,0.8798157453936348,0.02474002473033922,34.96339677891655,0.03936348408710218,4.061561483409239,16.60271276595745,2.6141624790619766,0.4787234042553192,1.4769417475728155,0.007208511810746128,0.2683310055865922,1.3583509513742071,0.016410614525139665,693.6244444444444,0.20819778789850357,0.030303030303030328,0.0023781514738614334,0.07723467381206293,0.09951447441185153,-0.041916167664670656,-0.010526315789473684,0.01935483870967742,-0.049331832530742456,0.08405834795429208,0.16925165533969982,Packaged Foods,Consumer Defensive,INGR
2018Q3,2018,Q3,2018-11-02,2018-09-30,95000000.0,1563000000.0,155000000.0,1.32,334000000.0,0.2136916187,5751000000.0,2835000000.0,2190000000.0,875000000.0,2894000000.0,852000000.0,3484000000.0,7368488000.0,8610488000.0,39.81741573033708,2.5028571428571427,0.290905929403582,0.5901234567901235,0.025527009222661396,39.81741573033708,0.03350970017636684,4.71432373640435,19.39075789473684,2.5991139329805995,0.47368421052631576,1.442488262910798,0.006107087369891897,0.2717788210745957,1.488,0.016518866284124502,48.1600522875817,0.21369161868202174,-0.1592356687898089,0.1951221893837802,0.0006537963587501701,0.2511732666483969,-0.07222222222222222,-0.16666666666666666,-0.19689119170984457,-0.11460882423384113,0.03135229585065904,0.34859364536051796,Packaged Foods,Consumer Defensive,INGR
2018Q2,2018,Q2,2018-08-03,2018-06-30,114000000.0,1608000000.0,193000000.0,1.57,360000000.0,0.223880597,5748000000.0,2834000000.0,2170000000.0,882000000.0,2892000000.0,866000000.0,3426000000.0,7959330000.0,9266330000.0,39.41585535465925,2.4603174603174605,0.28983994432846205,0.5878616796047988,0.02943852728468113,39.41585535465925,0.04022582921665491,4.949832089552239,17.45467105263158,2.808514467184192,0.40350877192982454,1.4411085450346421,0.005779380927791661,0.2797494780793319,1.4444444444444444,0.019832985386221295,58.097299270072995,0.22388059701492538,-0.17368421052631572,0.2937702645191577,0.011704005748141367,0.24437362714465333,0.01694915254237288,-0.18571428571428572,-0.02030456852791878,0.06395819456628433,0.04277851100682881,0.2839741780680629,Packaged Foods,Consumer Defensive,INGR
2018Q1,2018,Q1,2018-05-04,2018-03-31,140000000.0,1581000000.0,197000000.0,1.9,354000000.0,0.2239089184,5975000000.0,3040000000.0,2292000000.0,909000000.0,2911000000.0,844000000.0,3355000000.0,9320916000.0,10573916000.0,42.047026279391424,2.5214521452145213,0.2768200836820084,0.5440789473684211,0.03297522673321565,42.047026279391424,0.046052631578947366,5.895582542694497,16.644492857142854,3.0660907894736837,0.32857142857142857,1.4537914691943128,0.004935137276207618,0.2646025104602511,1.561056105610561,0.023430962343096235,169.4712,0.2239089184060721,0.4074074074074073,0.3526671360306784,0.018120080351758546,0.3091069324315753,-0.016666666666666666,0.41414141414141414,-0.029556650246305417,0.6564460770948078,0.11042052911921375,0.4453034477217599,Packaged Foods,Consumer Defensive,INGR
2017Q4,2017,Q4,2018-02-21,2017-12-31,99000000.0,1527000000.0,203000000.0,1.35,360000000.0,0.2357563851,6080000000.0,2891000000.0,2415000000.0,957000000.0,3163000000.0,823000000.0,3259000000.0,10079580000.0,11347580000.0,40.09708737864078,2.523510971786834,0.30641447368421054,0.6444136976824628,0.023519737952166372,40.09708737864078,0.03424420615703909,6.600903732809431,25.453484848484848,3.486537530266344,0.45454545454545453,1.4179829890643985,0.004464471733941294,0.2511513157894737,1.6353187042842214,0.016282894736842104,65.87960784313725,0.2357563850687623,-0.4026548672566371,-0.05722458886467199,-0.1773619521102105,0.2652712430929323,-0.07216494845360824,-0.4036144578313253,-0.12875536480686695,0.6154034429305704,0.051497799050530375,0.32613242593575387,Packaged Foods,Consumer Defensive,INGR
2017Q3,2017,Q3,2017-11-03,2017-09-30,166000000.0,1574000000.0,233000000.0,2.26,388000000.0,0.2465057179,5893000000.0,2831000000.0,2266000000.0,940000000.0,3035000000.0,825000000.0,3203000000.0,8674016000.0,10064016000.0,39.37413073713491,2.4106382978723406,0.31919226200576956,0.6644295302013423,0.03851036279564676,39.37413073713491,0.05863652419639703,5.510810673443456,13.063277108433736,3.0639406570116563,0.22289156626506024,1.4375757575757575,0.004265613528958213,0.2670965552350246,1.495744680851064,0.028169014084507043,60.236222222222224,0.24650571791613723,0.2696629213483145,0.5671721914864994,-0.0025604683892741092,0.23397009479345382,0.040214477211796246,0.27692307692307694,0.10426540284360189,0.42107620899366016,0.03449033376092718,0.30472607526593226,Packaged Foods,Consumer Defensive,INGR
2017Q2,2017,Q2,2017-08-02,2017-06-30,130000000.0,1542000000.0,211000000.0,1.78,373000000.0,0.2418936446,5789000000.0,2678000000.0,2208000000.0,874000000.0,3086000000.0,822000000.0,3080000000.0,8559278000.0,10068278000.0,37.298050139275766,2.526315789473684,0.33684574192433925,0.7281553398058253,0.031747342603863575,37.298050139275766,0.04854368932038835,5.550763942931258,16.46015,3.196145631067961,0.3,1.4221411192214113,0.004556459084516241,0.2663672482294006,1.5491990846681922,0.022456382794955952,86.45735353535353,0.24189364461738003,0.059523809523809576,0.27122646928911914,0.006169022003015531,0.2647324659887223,0.05965909090909091,0.04838709677419355,0.08205128205128205,0.32176231355237367,0.02574709965011432,0.08955692489538015,Packaged Foods,Consumer Defensive,INGR
2017Q1,2017,Q1,2017-05-05,2017-03-31,124000000.0,1537000000.0,195000000.0,1.68,352000000.0,0.2290175667,5799000000.0,2584000000.0,2227000000.0,933000000.0,3190000000.0,835000000.0,2987000000.0,8695046000.0,10270046000.0,35.78947368421053,2.386923901393355,0.34661148473874803,0.7778637770897833,0.030981189857835555,35.78947368421053,0.047987616099071206,5.657154196486663,17.530334677419354,3.364955882352941,0.3548387096774194,1.4191616766467066,0.005060352757190703,0.2650456975340576,1.4587352625937835,0.02138299706846008,147.37366101694914,0.22901756668835394,0.32283464566929126,0.3929224670795325,-0.019053092702551927,0.23836765827612508,0.038348082595870206,0.3191489361702128,0.031746031746031744,0.7647642376929711,0.10668391131873334,0.08400111118234085,Packaged Foods,Consumer Defensive,INGR
2016Q4,2016,Q4,2017-02-22,2016-12-31,94000000.0,1485000000.0,189000000.0,1.27,339000000.0,0.2282828283,5782000000.0,2565000000.0,2252000000.0,978000000.0,3187000000.0,789000000.0,2899000000.0,9072096000.0,10513096000.0,35.33057851239669,2.3026584867075663,0.33777239709443097,0.7614035087719299,0.023729642832180053,35.33057851239669,0.036647173489278755,6.109155555555556,24.12791489361702,3.5368795321637427,0.40425531914893614,1.4524714828897338,0.004188668197514665,0.25683154617779314,1.4713701431492843,0.016257350397786235,63.888,0.22828282828282828,-0.33854166666666663,0.03798646582200914,0.0100357243583716,0.28291644408132477,-0.08130081300813008,-0.34265734265734266,-0.14479638009049775,-0.05699135336549947,-0.02085503934424343,0.11106145405041182,Packaged Foods,Consumer Defensive,INGR
2016Q3,2016,Q3,2016-11-03,2016-09-30,143000000.0,1569000000.0,221000000.0,1.92,369000000.0,0.2351816444,5573000000.0,2551000000.0,2381000000.0,796000000.0,2994000000.0,736000000.0,2842000000.0,9646850000.0,10776850000.0,35.186206896551724,2.991206030150754,0.33752018661403194,0.7373578988631909,0.03534094493708598,35.186206896551724,0.05605644845158761,6.148406628425749,16.865122377622377,3.7815954527636224,0.23776223776223776,1.6304347826086956,0.0035244665357085474,0.28153597703211913,2.0351758793969847,0.02565942939171003,47.28848039215686,0.23518164435946462,0.21518987341772142,0.7205205834938859,0.017119565793069606,0.29973193026856926,0.03943661971830986,0.2222222222222222,0.11616161616161616,0.7667159467774802,-0.013516558149749234,0.10564788337538543,Packaged Foods,Consumer Defensive,INGR
2016Q2,2016,Q2,2016-07-29,2016-06-30,117000000.0,1533000000.0,198000000.0,1.58,355000000.0,0.2315720809,5313000000.0,2434000000.0,2138000000.0,685000000.0,2852000000.0,763000000.0,2735000000.0,9343402000.0,10686402000.0,33.71191135734072,3.1211678832116787,0.34443817052512704,0.751848808545604,0.031129791315102663,33.71191135734072,0.04806902218570255,6.094848010437052,19.964534188034186,3.8387025472473297,0.2905982905982906,1.5439056356487548,0.0036389315155229327,0.2885375494071146,1.9693430656934308,0.0220214568040655,89.84040384615385,0.23157208088714937,-0.08670520231213867,0.5694110167567324,0.029073810495269064,0.13605739019033217,0.0471976401179941,-0.07874015748031496,-0.01,0.3222996058966942,-0.03949136662277553,0.06429793382003245,Packaged Foods,Consumer Defensive,INGR
2016Q1,2016,Q1,2016-04-29,2016-03-31,127000000.0,1434000000.0,200000000.0,1.73,339000000.0,0.2364016736,5228000000.0,2291000000.0,2068000000.0,693000000.0,2901000000.0,756000000.0,2647000000.0,7688880000.0,9098880000.0,31.819444444444443,2.984126984126984,0.36094108645753636,0.8236577913574858,0.03345738301497347,31.819444444444443,0.05543430816237451,5.3618410041841,15.135590551181103,3.3561239633347886,0.2755905511811024,1.4484126984126984,0.004552028383847842,0.27429227237949505,1.8513708513708513,0.024292272379495026,207.80756756756756,0.23640167364016737,0.21830985915492962,-0.12264901620370368,0.0425716569601463,0.11667687439391618,0.08375959079283887,0.22350674373795762,0.15606936416184972,0.23217509025270752,-0.07269610202117421,-0.00932220434432833,Packaged Foods,Consumer Defensive,INGR
2015Q4,2015,Q4,2016-02-19,2015-12-31,103800000.0,1488400000.0,173000000.0,1.42,312800000.0,0.2101585595,5074000000.0,2144000000.0,1950000000.0,742000000.0,2894000000.0,715000000.0,2552000000.0,6871728000.0,8268728000.0,29.9023709902371,2.628032345013477,0.36085928261726447,0.8540111940298507,0.029952729527536862,29.9023709902371,0.04841417910447761,4.616855683955926,16.55040462427746,3.2050970149253732,0.30828516377649323,1.6441958041958042,0.0046567617344574755,0.29333858888450925,1.637466307277628,0.020457232952305872,58.23498305084746,0.21015855952700888,-0.04054054054054058,1.1352159092744867,0.12703664675710416,0.15614430346868133,-0.05183388905729009,-0.037998146431881374,-0.011428571428571429,-0.00599970113568441,-0.19368353987547593,-0.05642497778037217,Packaged Foods,Consumer Defensive,INGR
2015Q3,2015,Q3,2015-10-30,2015-09-30,107900000.0,1524000000.0,175000000.0,1.48,329900000.0,0.2164698163,5444000000.0,2114000000.0,2292000000.0,670000000.0,3297000000.0,718000000.0,2481000000.0,6251396000.0,7796396000.0,29.52513966480447,3.4208955223880597,0.41642174871418075,1.0723746452223273,0.027257903092702925,29.52513966480447,0.05104068117313151,4.101965879265092,14.484235403151066,2.95714096499527,0.2873030583873957,1.663091922005571,0.004958892381797602,0.2799412196914034,2.253731343283582,0.01981998530492285,37.21069047619048,0.21646981627296588,0.00680272108843538,2.087477858018804,0.5783616133442563,0.2000540637952784,0.0354676710608914,0.011246485473289597,0.014492753623188406,0.022930061021250836,-0.030198874695964918,-0.07469349268433348,Packaged Foods,Consumer Defensive,INGR
2015Q2,2015,Q2,2015-07-31,2015-06-30,106700000.0,1535600000.0,172500000.0,1.47,318600000.0,0.2074759052,5470000000.0,2198000000.0,2276000000.0,664000000.0,3241000000.0,736000000.0,2405000000.0,5714396000.0,7269396000.0,30.69832402234637,3.427710843373494,0.4043875685557587,1.0063694267515924,0.02727076746191434,30.69832402234637,0.04854413102820746,3.7212789789007554,13.388931583880039,2.599816196542311,0.29053420805998126,1.653532608695652,0.005424895299520719,0.2807312614259598,2.216867469879518,0.019506398537477147,52.42565137614679,0.20747590518364156,0.27826086956521745,2.0573878127277143,0.6143998173078529,0.3297323371699087,0.1350195938724617,0.2747909199522103,0.23655913978494625,0.04629805058144593,0.004791826832726839,0.04094361226725626,Packaged Foods,Consumer Defensive,INGR
2015Q1,2015,Q1,2015-05-06,2015-03-31,83700000.0,1410000000.0,139500000.0,1.15,280700000.0,0.1990780142,5419000000.0,2083000000.0,2226000000.0,684000000.0,3306000000.0,740000000.0,2329000000.0,5571911999.999999,7228911999.999999,29.092178770949722,3.254385964912281,0.41151503967521685,1.070571291406625,0.022086751533167123,29.092178770949722,0.04018242918867019,3.9517106382978717,16.642508960573476,2.674945751320211,0.3823178016726404,1.526081081081081,0.005743091419964996,0.2601956080457649,2.0526315789473686,0.015445654179737959,506.53745454545447,0.19907801418439716,0.38554216867469876,1.0282322426177173,0.5822269830256296,0.2773417267944689,0.03312476996687523,0.36764705882352944,0.183206106870229,-0.05189837383909204,-0.09256626075705404,0.006631548052789266,Packaged Foods,Consumer Defensive,INGR
2014Q4,2014,Q4,2015-02-20,2014-12-31,61200000.0,1450200000.0,117900000.0,0.83,271700000.0,0.1873534685,5091000000.0,2177000000.0,2144000000.0,721000000.0,2884000000.0,699000000.0,2275000000.0,6108480000.0,7342480000.0,30.23611111111111,2.973647711511789,0.3563150658023964,0.8332567753789619,0.017518453347226726,30.23611111111111,0.028112080845199817,4.212163839470418,24.95294117647059,2.8059163987138267,0.5065359477124183,1.6859799713876966,0.005074912253130075,0.284855627578079,1.9084604715672677,0.012021213906894519,33.936,0.18735346848710524,-0.48125000000000007,0.13887900355871882,0.5821693094095556,0.35441949236565534,-0.08702956989247312,-0.4839797639123103,-0.33801235261089274,-0.3185729275970619,-0.00541408135125829,0.09792722855935786,Packaged Foods,Consumer Defensive,INGR
2014Q3,2014,Q3,2014-11-03,2014-09-30,118600000.0,1544800000.0,178100000.0,1.6,297600000.0,0.1926462973,5256000000.0,2203000000.0,2216000000.0,763000000.0,3025000000.0,722000000.0,2245000000.0,5532670000.0,6884670000.0,30.17808219178082,2.9043250327653998,0.3647260273972603,0.870177031320926,0.03193049020191792,30.17808219178082,0.05383567862006355,3.5814798032107715,11.66245784148398,2.511425329096687,0.26981450252951095,1.7274238227146814,0.005783825892381074,0.2939117199391172,1.8296199213630406,0.02256468797564688,34.15228395061728,0.19264629725530813,0.18518518518518517,1.304675176421752,0.6330178480194428,0.4545291867209676,0.005745184183845894,0.15594541910331383,0.0953259532595326,0.4171756142515739,-0.005427441528133204,0.11473842958533693,Packaged Foods,Consumer Defensive,INGR
2014Q2,2014,Q2,2014-08-01,2014-06-30,102600000.0,1568200000.0,162600000.0,1.35,295900000.0,0.1886876674,5431000000.0,2564000000.0,2306000000.0,739000000.0,2840000000.0,784000000.0,2157000000.0,5620496000.0,6798496000.0,34.23230974632844,3.1204330175913397,0.32590683115448355,0.6903276131045242,0.02698975313712185,34.23230974632844,0.04001560062402496,3.584042851677082,13.695165692007798,2.1920811232449298,0.31189083820662766,1.6228316326530612,0.005693447695719381,0.2887497698398085,1.96617050067659,0.018891548517768367,110.20580392156863,0.1886876673893636,0.40625000000000017,2.233008632448559,0.7179752907342889,0.8237726275109454,0.18454763811048838,0.4132231404958678,0.3295175797219951,0.3266414908823367,0.014755000861934287,0.15359429070558317,Packaged Foods,Consumer Defensive,INGR
2014Q1,2014,Q1,2014-05-02,2014-03-31,72600000.0,1435000000.0,122300000.0,0.96,249800000.0,0.1740766551,5301000000.0,2463000000.0,2187000000.0,719000000.0,2812000000.0,757000000.0,2086000000.0,5078768000.0,6297768000.0,33.016085790884716,3.0417246175243395,0.3355970571590266,0.7222898903775883,0.020511557845877843,33.016085790884716,0.029476248477466504,3.539211149825784,17.48887052341598,2.0620251725537964,0.45454545454545453,1.5656538969616909,0.00649763879744064,0.2707036408224863,1.909596662030598,0.013695529145444255,81.9156129032258,0.1740766550522648,-0.288888888888889,3.333014170815779,0.73125638910672,0.8079086509210665,-0.14010327022375216,-0.30057803468208094,-0.2399005593536358,-0.5159391756032171,0.006937077683697528,0.1586720047880535,Packaged Foods,Consumer Defensive,INGR
2013Q4,2013,Q4,2014-02-24,2013-12-31,103800000.0,1579300000.0,160900000.0,1.35,290500000.0,0.1839422529,5360000000.0,2404000000.0,2214000000.0,820000000.0,2931000000.0,723000000.0,2045000000.0,5175576000.0,6398576000.0,31.798941798941797,2.7,0.3352611940298508,0.747504159733777,0.027819018203582725,31.798941798941797,0.043178036605657236,3.277132906984107,12.465260115606934,2.152901830282862,0.28901734104046245,1.782572614107884,0.005796456278489583,0.2946455223880597,1.7146341463414634,0.019365671641791045,32.146434782608694,0.18394225289685304,0.22727272727272727,1.2229780801209371,0.735437395255254,0.7186133284399179,0.12248840803709428,0.20278099652375434,0.17531044558071585,1.0250658822087395,0.13417578831166094,0.22947325578904515,Packaged Foods,Consumer Defensive,INGR
2013Q3,2013,Q3,2013-11-01,2013-09-30,86300000.0,1695800000.0,136900000.0,1.1,258800000.0,0.1526123364,5444000000.0,2460000000.0,2307000000.0,776000000.0,2961000000.0,748000000.0,1972000000.0,5114941000.0,6261941000.0,31.82406209573092,2.972938144329897,0.3242101396032329,0.717479674796748,0.024043100790612105,31.82406209573092,0.03508130081300813,3.016240712348154,14.817326187717265,2.0792443089430894,0.34762456546929316,1.9211229946524064,0.005865170292286851,0.3114988978692138,1.8646907216494846,0.01585231447465099,28.416338888888887,0.15261233636041985,-0.09090909090909081,-0.05337930406614853,0.51149368096328,0.5074555729556752,-0.06231884057971015,-0.09253417455310199,-0.022840827980014276,1.2873189663332596,0.6267832886145771,0.2934941367942244,Packaged Foods,Consumer Defensive,INGR
2013Q2,2013,Q2,2013-08-02,2013-06-30,95100000.0,1715400000.0,140100000.0,1.21,276000000.0,0.160895418,5476000000.0,2458000000.0,2354000000.0,810000000.0,2996000000.0,856000000.0,1916000000.0,5202304000.000001,6443304000.000001,31.675257731958762,2.906172839506173,0.33053323593864137,0.7363710333604556,0.025640090510891438,31.675257731958762,0.0386899918633035,3.0327060743849836,13.675878023133544,2.116478437754272,0.31545741324921134,1.6815420560747663,0.00576667568831041,0.31325785244704163,1.7246913580246914,0.017366691015339664,68.45136842105265,0.1608954179783141,-0.14184397163120566,0.3330168204015194,0.5990878518912038,0.24164340108415797,-0.0968586387434555,-0.14169675090252706,-0.19988577955454026,1.514304824069924,0.663986134380364,0.3720493165593152,Packaged Foods,Consumer Defensive,INGR
2013Q1,2013,Q1,2013-05-06,2013-03-31,110800000.0,1662400000.0,175100000.0,1.41,305600000.0,0.1838306064,5587000000.0,2486000000.0,2388000000.0,879000000.0,3080000000.0,908000000.0,1850000000.0,5592150000.0,6877150000.0,32.11886304909561,2.7167235494880546,0.3241453373903705,0.7284794851166533,0.028830880114246213,32.11886304909561,0.044569589702333066,3.3639015880654477,12.617666967509026,2.2494569589702333,0.19855595667870035,1.494273127753304,0.0039340861743694285,0.29754787900483265,1.5756541524459613,0.019831752282083406,-58.2515625,0.18383060635226178,-0.013986013986014,0.6497040278732203,0.6059762670233655,0.36860710289705845,-0.08420737189092,-0.010714285714285714,-0.05555555555555555,1.4837280748758617,0.725668079418489,0.41023346215562645,Packaged Foods,Consumer Defensive,INGR
2012Q4,2012,Q4,2013-02-28,2012-12-31,112000000.0,1979800000.0,185400000.0,1.43,333700000.0,0.168552379,5592000000.0,2437000000.0,2360000000.0,933000000.0,3133000000.0,834000000.0,1769000000.0,4954667000.000001,6125667000.000001,31.690507152145642,2.529474812433012,0.31831187410586553,0.7304062371768568,0.029232804562984414,31.690507152145642,0.04595814526056627,2.5026098595817765,11.05952455357143,2.0331009437833405,0.17857142857142858,1.9737410071942445,0.004036598221434457,0.3540414878397711,1.5455519828510182,0.020028612303290415,73.9502537313433,0.16855237902818468,-0.013793103448275874,1.3309282201507102,1.1322383526279522,0.46309444235139696,0.06545338441890167,-0.006211180124223602,0.09834123222748815,0.951418165663222,1.022332362133009,0.4195688212710095,Packaged Foods,Consumer Defensive,INGR
2012Q3,2012,Q3,2012-11-02,2012-09-30,112700000.0,1679000000.0,168800000.0,1.45,313200000.0,0.1865396069,5415000000.0,2441000000.0,2221000000.0,781000000.0,2946000000.0,792000000.0,1677000000.0,4199850000.0,5459850000.0,31.908496732026144,2.843790012804097,0.32742382271468146,0.7263416632527653,0.029859207776620933,31.908496732026144,0.046169602621876284,2.501399642644431,9.316437444543034,1.7205448586644818,0.1419698314108252,1.7244949494949495,0.0038096598688048384,0.31006463527239153,1.764404609475032,0.020812557710064634,24.560526315789474,0.18653960690887433,0.03571428571428575,1.1622347569164653,0.8760866553140518,0.5610810534259365,0.06097560975609756,0.03299725022914757,0.1039895356442119,1.089827193503664,0.6936777870705945,0.5379320496967557,Packaged Foods,Consumer Defensive,INGR
2012Q2,2012,Q2,2012-08-08,2012-06-30,109100000.0,1635000000.0,152900000.0,1.4,295200000.0,0.1805504587,5329000000.0,2259000000.0,2147000000.0,808000000.0,3042000000.0,779000000.0,1585000000.0,3793232000.0000005,5192232000.0,29.490861618798956,2.657178217821782,0.3450928879714768,0.8140770252324038,0.03043710234120352,29.490861618798956,0.048295706064630364,2.3200195718654437,8.692098991750688,1.6791642319610447,0.1466544454628781,1.7198973042362002,0.004218038865010102,0.30681178457496716,1.5878712871287128,0.02047288421842747,17.24196363636364,0.18055045871559633,0.1570247933884297,1.105460324667953,0.8629867379985438,0.5036921943327619,-0.0023656640757012504,0.15817409766454352,-0.05031055900621118,2.282025179641377,0.7514037236339973,0.5711655620271808,Packaged Foods,Consumer Defensive,INGR
2012Q1,2012,Q1,2012-05-08,2012-03-31,94200000.0,1658000000.0,161000000.0,1.21,295900000.0,0.1784680338,5382000000.0,2208000000.0,2140000000.0,894000000.0,3146000000.0,819000000.0,1491000000.0,4404460000.0,5989460000.0,28.900523560209425,2.393736017897092,0.35674470457079155,0.8695652173913043,0.026377989152765225,28.900523560209425,0.042663043478260866,2.6564897466827504,11.689118895966029,1.9947735507246376,0.18046709129511676,1.6631257631257632,0.003859724007029239,0.30806391675956896,1.3646532438478747,0.01750278706800446,-146.81533333333334,0.1784680337756333,-0.03200000000000003,0.8371465968586388,1.1220199707400005,0.5368229873202013,0.05678571428571429,-0.011542497376705142,-0.03187011425135298,4.489715781600599,0.9531674731211583,0.5825469709397255,Packaged Foods,Consumer Defensive,INGR
2011Q4,2011,Q4,2012-02-27,2011-12-31,95300000.0,1547200000.0,166300000.0,1.25,280000000.0,0.1809720786,5317000000.0,2104000000.0,2102000000.0,926000000.0,3184000000.0,769000000.0,1412000000.0,4017876000.0000005,5565876000.0,27.539267015706805,2.2699784017278617,0.3665600902764717,0.9263307984790875,0.02714897323963621,27.539267015706805,0.04529467680608365,2.596869183040331,10.540073452256035,1.9096368821292777,0.13641133263378805,1.6478543563068921,0.0032355403700860853,0.29099116042881323,1.3369330453563715,0.017923641151025013,83.70575000000001,0.1809720785935884,0.11607142857142846,1.7823345455685489,1.1961026391397456,0.5426130771956068,0.014860456687205509,0.08665906499429875,0.1678370786516854,1.019571179257043,0.6823610681465598,0.4883939109645007,Packaged Foods,Consumer Defensive,INGR
2011Q3,2011,Q3,2011-11-04,2011-09-30,87700000.0,1627700000.0,142400000.0,1.12,275900000.0,0.1695029797,5144000000.0,2071000000.0,1914000000.0,834000000.0,3046000000.0,780000000.0,1332000000.0,3001860000.0,4595860000.0,27.0718954248366,2.2949640287769784,0.3641135303265941,0.9043940125543216,0.024914727542573675,27.0718954248366,0.042346692419121194,1.8442341954905694,8.557183580387687,1.4494736842105265,0.14823261117445838,1.7330769230769232,0.004330648331367885,0.31642690513219285,1.2697841726618706,0.017048989113530328,-125.0775,0.16950297966455735,0.10891089108910901,1.2928104575163397,1.335371090985588,0.5565813997186546,0.015084621044885945,0.10592686002522068,0.05559673832468495,-0.027962876410496166,0.46596677409203857,0.2823529411764706,Packaged Foods,Consumer Defensive,INGR
2011Q2,2011,Q2,2011-08-05,2011-06-30,79300000.0,1584600000.0,134900000.0,1.01,271800000.0,0.1715259371,5314000000.0,2279000000.0,1976000000.0,848000000.0,3008000000.0,861000000.0,1256000000.0,4245504000.0,5740504000.0,29.674479166666668,2.330188679245283,0.33270605946556264,0.7757788503729706,0.023295944779982744,29.674479166666668,0.03479596314172883,2.679227565316168,13.384312736443885,1.8628802106186924,0.15132408575031525,1.5247386759581882,0.002826519536903039,0.2981934512608205,1.2665094339622642,0.014922845314264207,176.896,0.17152593714502082,-0.4873096446700507,1.5350697328349943,1.3643430667545355,0.7571666750133549,-0.08853118712273642,-0.4837239583333333,-0.4067722075637643,0.12312682748538009,0.4925437530384054,0.1632145679662803,Packaged Foods,Consumer Defensive,INGR
2011Q1,2011,Q1,2011-05-06,2011-03-31,153600000.0,1459500000.0,227400000.0,1.97,298200000.0,0.2043165468,5261000000.0,2177000000.0,1943000000.0,915000000.0,3058000000.0,789000000.0,1189000000.0,3959048000.0,5447048000.0,28.494764397905758,2.123497267759563,0.3335867705759361,0.8061552595314653,0.044786140281194646,28.494764397905758,0.07055581074873679,2.7126056868790682,6.443763020833334,1.8185796968305008,0.078125,1.4718631178707224,0.003031031702570921,0.2774187416840905,1.214207650273224,0.029195970347842614,-359.91345454545456,0.20431654676258992,1.8970588235294117,5.477213749146369,1.3017271102030392,0.6959534472970417,0.21318144833197722,1.9652509652509653,1.227228207639569,1.3168882772996344,0.4284179341825117,0.21418173771409815,Packaged Foods,Consumer Defensive,INGR
2010Q4,2010,Q4,2011-02-28,2010-12-31,51800000.0,1407200000.0,102100000.0,0.68,245800000.0,0.1746731097,5071000000.0,1976000000.0,1753000000.0,891000000.0,3069000000.0,678000000.0,1046000000.0,3514400000.0,4981400000.0,25.86387434554974,1.9674523007856342,0.3488463813843423,0.895242914979757,0.01824367326861881,25.86387434554974,0.026214574898785425,2.49744172825469,16.961389961389962,1.7785425101214574,0.19305019305019305,1.7129793510324485,0.002845435920783064,0.2774995070005916,1.1638608305274971,0.01021494774206271,0.0,0.17467310972143263,0.4166666666666668,1.1021161471226095,1.3322567484871148,0.5838951148803599,0.4324009324009324,0.4037940379403794,0.1523702031602709,0.08510963102009424,0.5254684801773328,0.19408915202818422,Packaged Foods,Consumer Defensive,INGR
2010Q3,2010,Q3,2010-11-05,2010-09-30,36900000.0,1019500000.0,88600000.0,0.48,171600000.0,0.1683178028,4425000000.0,1860000000.0,2516000000.0,570000000.0,2541000000.0,419000000.0,1005000000.0,2835000000.0,3023000000.0,24.603174603174605,4.414035087719299,0.4011299435028249,0.9543010752688172,0.0161937781462569,24.603174603174605,0.019838709677419356,2.78077488965179,19.20731707317073,1.5241935483870968,0.3252032520325203,2.0236276849642003,0.004232804232804232,0.2303954802259887,3.6228070175438596,0.008338983050847458,26.745283018867923,0.16831780284453163,0.0,0.5678210678210679,0.6350006051803437,0.5087235996326906,0.047619047619047616,0.002717391304347826,0.15816993464052287,-0.2836175566116858,0.15273390717885826,0.20367781815922714,Packaged Foods,Consumer Defensive,INGR
2010Q2,2010,Q2,2010-08-06,2010-06-30,36800000.0,1003000000.0,76500000.0,0.48,163800000.0,0.1633100698,3106000000.0,1743000000.0,1254000000.0,576000000.0,1340000000.0,399000000.0,979000000.0,2287650000.0,2560650000.0,23.08609271523179,2.1770833333333335,0.19285254346426273,0.34366035570854847,0.018183332986190664,23.08609271523179,0.02111302352266208,2.2808075772681953,15.541100543478262,1.3124784853700515,0.29891304347826086,2.1032581453634087,0.004808427862653814,0.32292337411461686,1.3854166666666667,0.01184803605924018,24.598387096774193,0.16331006979062812,-0.15789473684210523,0.3831613145070599,0.6756366479980274,0.4737471750300769,0.14705882352941177,-0.15207373271889402,0.06545961002785515,-0.2794701986754967,0.15951069107544422,0.17712320047671284,Packaged Foods,Consumer Defensive,INGR
2010Q1,2010,Q1,2010-05-05,2010-03-31,43400000.0,937200000.0,71800000.0,0.57,142800000.0,0.152368758,3149000000.0,1715000000.0,1256000000.0,605000000.0,1411000000.0,399000000.0,952000000.0,2609897999.9999995,2946897999.9999995,22.775564409030544,2.0760330578512396,0.208955223880597,0.3836734693877551,0.020246526528261623,22.775564409030544,0.025306122448979593,2.78478233034571,15.033974654377877,1.521806413994169,0.2764976958525346,1.9909774436090226,0.004597880836722355,0.2976182915211178,1.3239669421487603,0.01378215306446491,72.49716666666666,0.1523687580025608,-0.24000000000000007,1.5461604562143583,0.6485198535663342,0.5030271415801352,-0.11960542540073983,-0.2277580071174377,-0.2769385699899295,-0.14122177954847276,0.2170140804415884,0.2111203058335299,Packaged Foods,Consumer Defensive,INGR
2009Q4,2009,Q4,2010-02-26,2009-12-31,56200000.0,958600000.0,99300000.0,0.75,162200000.0,0.1692050908,2952000000.0,1681000000.0,1045000000.0,565000000.0,1248000000.0,394000000.0,919000000.0,2201019000.0,2570019000.0,22.324037184594953,1.8495575221238938,0.1842818428184282,0.3236168947055324,0.02777891713028617,22.324037184594953,0.033432480666270074,2.2960765699979135,9.791009786476868,1.3093509815585962,0.19572953736654805,2.0213197969543146,0.004997685163099456,0.3247289972899729,1.0884955752212389,0.019037940379403793,12.947170588235295,0.1692050907573545,0.0714285714285715,2.7872115143031477,0.667923792154017,0.5509113714737104,0.05805609915198956,0.06439393939393939,0.13097949886104784,0.6647581331361183,0.3805177156488068,0.25048178214460454,Packaged Foods,Consumer Defensive,INGR
2009Q3,2009,Q3,2009-11-04,2009-09-30,52800000.0,970600000.0,87800000.0,0.7,153300000.0,0.1579435401,3089000000.0,1554000000.0,1193000000.0,713000000.0,1514000000.0,401000000.0,874000000.0,2136148000.0,2670148000.0,20.747663551401867,1.673211781206171,0.22499190676594366,0.4472329472329472,0.026855247767585314,20.747663551401867,0.03397683397683398,2.2008530805687205,10.11433712121212,1.3746126126126128,0.20833333333333334,2.038154613466334,0.005149455936573684,0.31421171900291356,1.0070126227208975,0.017092910326966654,17.089184,0.15794354007830208,1.6306306306306306,1.167690253671562,0.6280992975311993,0.5055826647919939,0.37488789237668163,1.635379061371841,0.694980694980695,0.40987983978638187,0.4223335058828561,0.19295035182885645,Packaged Foods,Consumer Defensive,INGR
2009Q2,2009,Q2,2009-08-06,2009-06-30,-83100000.0,911600000.0,51800000.0,-1.11,111500000.0,0.1223124177,3083000000.0,1404000000.0,1240000000.0,743000000.0,1657000000.0,440000000.0,831000000.0,2003892000.0,2648892000.0,18.77005347593583,1.6689098250336474,0.26597469996756407,0.584045584045584,0.02304181654676259,18.77005347593583,-0.059188034188034186,2.198214129003949,-6.0285559566787,1.4272735042735043,-0.13237063778580024,1.8184090909090909,0.005489317787585359,0.29568602011028217,0.9475100942126514,-0.026954265325981188,19.45526213592233,0.12231241772707328,-6.045454545454546,-3.749161606090819,0.5553550727347518,0.39817745279930145,0.1989247311827957,-5.946428571428571,0.3248081841432225,-3.7275791923534745,0.39654450426754384,0.11146390374331554,Packaged Foods,Consumer Defensive,INGR
2009Q1,2009,Q1,2009-05-01,2009-03-31,16800000.0,831100000.0,39100000.0,0.22,93000000.0,0.1118998917,3023000000.0,1366000000.0,1160000000.0,701000000.0,1636000000.0,426000000.0,927000000.0,1585760000.0,2315760000.0,18.262032085561497,1.6547788873038516,0.271584518690043,0.6010248901903368,0.011833167211087098,18.262032085561497,0.012298682284040996,1.9080255083624114,23.597619047619045,1.1608784773060028,0.7142857142857143,1.7326291079812206,0.007567349409746746,0.2749255706252067,0.891583452211127,0.0055573933178961294,37.756190476190476,0.11189989170978222,-0.6451612903225807,-0.3672777211344389,0.46154376787712975,0.36587925929199633,-0.34182590233545646,-0.6363636363636364,-0.38618524332810045,-0.2764008370146477,0.33873548976131485,0.08692094581534703,Packaged Foods,Consumer Defensive,INGR
2008Q4,2008,Q4,2009-02-27,2008-12-31,46200000.0,900400000.0,63700000.0,0.62,141300000.0,0.1569302532,3207000000.0,1384000000.0,1297000000.0,859000000.0,1801000000.0,454000000.0,920000000.0,2157980000.0,2916980000.0,18.502673796791445,1.509895227008149,0.2700342999688182,0.6257225433526011,0.023238301099734546,18.502673796791445,0.03338150289017341,2.396690359840071,11.677380952380952,1.5592341040462427,0.23809523809523808,1.6720264317180618,0.005097359567743908,0.2807608356719676,0.8544819557625145,0.01440598690364827,-13.239141104294479,0.15693025322079077,-0.46086956521739125,0.855504027337076,0.6064703418024101,0.4704649647504946,-0.3066732090284593,-0.47559591373439275,-0.5690121786197564,0.9149643120846667,0.5242204319744426,0.13309762672912892,Packaged Foods,Consumer Defensive,INGR
2008Q3,2008,Q3,2008-11-10,2008-09-30,88100000.0,1084200000.0,147800000.0,1.15,203800000.0,0.1879726988,3208000000.0,1577000000.0,1252000000.0,828000000.0,1611000000.0,493000000.0,885000000.0,2411316000.0,3023316000.0,21.11111111111111,1.5120772946859904,0.22693266832917705,0.46163601775523144,0.04175783469522933,21.11111111111111,0.05586556753329106,2.2240509131156614,6.84255391600454,1.5290526315789474,0.12485811577752554,1.7858012170385396,0.004561824331609793,0.33796758104738156,0.8345410628019324,0.027462593516209475,-8.865132352941176,0.18797269876406567,0.2777777777777776,3.2457831325301205,0.9327021420247292,0.6204690831556502,0.09217577706323687,0.2880116959064328,0.2763385146804836,2.78832501724068,0.7597107383783498,0.29458218549127635,Packaged Foods,Consumer Defensive,INGR
2008Q2,2008,Q2,2008-08-08,2008-06-30,68400000.0,1028500000.0,115800000.0,0.9,186600000.0,0.1814292659,3592000000.0,1898000000.0,1503000000.0,865000000.0,1673000000.0,526000000.0,808000000.0,3653784000.0,3997784000.0,25.510752688172044,1.73757225433526,0.17706013363028952,0.3350895679662803,0.02975228354434783,25.510752688172044,0.036037934668071654,3.5525367039377733,13.354473684210527,1.9250706006322444,0.14619883040935672,1.6005703422053232,0.0027368886611797523,0.28633073496659245,1.0936416184971098,0.019042316258351892,60.8964,0.18142926592124453,0.05882352941176476,2.6370081531371854,0.845582385768888,0.992162899727101,0.07736720554272518,0.06376360808709176,0.08528584817244611,1.6088861838101034,0.7436416299646867,0.6285302225386569,Packaged Foods,Consumer Defensive,INGR
2008Q1,2008,Q1,2008-05-06,2008-03-31,64300000.0,991000000.0,106700000.0,0.85,173200000.0,0.1747729566,3254000000.0,1739000000.0,1225000000.0,650000000.0,1494000000.0,428000000.0,750000000.0,2752074000.0,3166074000.0,23.468286099865047,1.8846153846153846,0.1856177012907191,0.34732604945370904,0.03028357941073672,23.468286099865047,0.03697527314548591,2.7770676084762864,10.700132192846034,1.582561242093157,0.15552099533437014,1.9107476635514018,0.0036336232237941276,0.30454824830977256,1.1784615384615384,0.019760295021511984,40.471676470588235,0.17477295660948536,0.3709677419354838,3.555668016194332,0.9918454072989346,0.9552341044695033,0.21373510861948142,0.38876889848812096,0.3238213399503722,2.833396840517583,0.7713823971133912,0.5487419034269464,Packaged Foods,Consumer Defensive,INGR
2007Q4,2007,Q4,2008-02-29,2007-12-31,46300000.0,894700000.0,80600000.0,0.62,142700000.0,0.1594948027,3103000000.0,1605000000.0,1089000000.0,674000000.0,1477000000.0,427000000.0,694000000.0,2723175000.0,3197175000.0,21.65991902834008,1.6157270029673592,0.20915243312922976,0.4043613707165109,0.023638772279097976,21.65991902834008,0.02884735202492212,3.043673857158824,14.7039686825054,1.6966822429906543,0.19438444924406048,1.7611241217798594,0.0033049657109807482,0.2883338704479536,0.9421364985163204,0.014921044150821785,73.59932432432433,0.15949480272717112,-0.060606060606060656,4.719609675075262,0.8233916986922598,0.8677756263568621,0.007057163020465773,-0.09393346379647749,-0.08409090909090909,2.1705967100703942,0.5819508444200845,0.5047732830974468,Packaged Foods,Consumer Defensive,INGR
2007Q3,2007,Q3,2007-11-07,2007-09-30,51100000.0,877400000.0,88000000.0,0.66,141700000.0,0.161499886,2952000000.0,1533000000.0,960000000.0,556000000.0,1399000000.0,380000000.0,657000000.0,3523500000.0,3986500000.0,20.44,1.7266187050359711,0.21002710027100271,0.4044357469015003,0.02735360320125764,20.44,0.03333333333333333,4.015842261226351,17.238258317025437,2.298434442270058,0.15655577299412915,1.9360526315789475,0.0022704697034198955,0.2972222222222222,0.9820143884892086,0.017310298102981028,76.59782608695652,0.16149988602689766,0.0,1.8368966861598441,0.7349407762271747,0.8101094527363186,-0.08874598070739549,0.009881422924901186,-0.02869757174392936,1.0951000000000002,0.46980183861082736,0.4832566371681416,Packaged Foods,Consumer Defensive,INGR
2007Q2,2007,Q2,2007-08-07,2007-06-30,50600000.0,857000000.0,90600000.0,0.66,155500000.0,0.1814469078,3152000000.0,1467000000.0,1207000000.0,824000000.0,1665000000.0,365000000.0,614000000.0,3399660000.0,3896660000.0,19.612299465240643,1.4648058252427185,0.28331218274111675,0.6087252897068848,0.025790851384071722,19.612299465240643,0.034492160872528974,3.966931155192532,16.796739130434784,2.317423312883436,0.15810276679841898,1.9219178082191781,0.00235317649412,0.2718908629441624,0.9830097087378641,0.01605329949238579,-121.41642857142857,0.18144690781796965,0.0,1.5895003162555343,0.6778157356955721,0.6926008750607682,0.06361149110807114,0.012,0.03189066059225513,0.6739780658025923,0.46219756179649224,0.46091618465568046,Packaged Foods,Consumer Defensive,INGR
2007Q1,2007,Q1,2007-05-08,2007-03-31,50000000.0,761900000.0,87800000.0,0.66,146200000.0,0.1918886993,2704000000.0,1401000000.0,826000000.0,497000000.0,1285000000.0,340000000.0,570000000.0,2651455000.0000005,3122455000.0000005,18.80536912751678,1.6619718309859155,0.20636094674556213,0.39828693790149894,0.02957234343843398,18.80536912751678,0.03568879371877231,3.480056437852737,13.257275,1.8925446109921484,0.16,1.8108823529411764,0.003017211304736456,0.28176775147928995,0.9215291750503019,0.01849112426035503,101.97903846153848,0.19188869930437066,0.4666666666666667,3.254554170661553,0.681190183534282,0.6483718617946808,0.3727699530516432,0.49700598802395207,0.5622775800711743,0.8906849815893244,0.34524641017636953,0.40651727771923035,Packaged Foods,Consumer Defensive,INGR
