Quarters,Year,Quarter,FillingDate,Date,NetIncome,Revenue,OperatingIncome,EPSDiluted,GrossProfit,GrossProfitRatio,TotalAssets,CommonStockEquity,CurrentAssets,CurrentLiability,TotalLiability,Inventory,RetainedEarnings,MarketCap,EnterpriseValue,bookValuePerShare,currentRatio,debtToAssets,debtToEquity,roic,shareholdersEquityPerShare,roe,priceToSalesRatio,peRatio,pbRatio,payoutRatio,inventoryTurnover,dividendYield,assetTurnover,quickRatio,returnOnAssets,priceToFreeCashFlowsRatio,grossProfitMargin,epsdilutedGrowth,fiveYNetIncomeGrowthPerShare,fiveYRevenueGrowthPerShare,fiveYShareholdersEquityGrowthPerShare,grossProfitGrowth,netIncomeGrowth,operatingIncomeGrowth,threeYNetIncomeGrowthPerShare,threeYRevenueGrowthPerShare,threeYShareholdersEquityGrowthPerShare,Industry,Sector,Symbol
2023Q4,2023,Q4,2023-05-31,2023-05-31,350400000.0,1229600000.0,453300000.0,0.97,859800000.0,0.6992517892,10546400000.0,3493200000.0,7528100000.0,5805400000.0,7053200000.0,4216700000.0,2023100000.0,37827265000.0,37470965000.0,9.68987517337032,1.2967409653081614,0.08208488204505802,0.2478243444406275,0.07758140775829707,9.68987517337032,0.10030917210580556,30.76387849707222,26.988630850456623,10.828828867514027,0.915810502283105,0.08769891147105556,0.008483299017256469,0.11658954714404915,0.5204809315464912,0.03322460744898733,104.12129094412332,0.6992517891997397,-0.24806201550387602,0.5270985775287785,0.4056753214764568,0.7182836192837466,-0.1471084217835532,-0.2503209242618742,-0.2591926785422455,0.5797482100516137,0.3369692132507592,0.24964342586033425,Staffing & Employment Services,Industrials,PAYX
2023Q3,2023,Q3,2023-03-30,2023-02-28,467400000.0,1381000000.0,611900000.0,1.29,1008100000.0,0.7299782766,10603600000.0,3401100000.0,7595200000.0,5958100000.0,7202500000.0,-588200000.0,1993700000.0,39799200000.0,39353500000.0,9.434396671289875,1.2747688021349088,0.08216077558565016,0.2561524212754697,0.10685464310417706,9.434396671289875,0.13742612684131605,28.819116582186822,21.28754813863928,11.701861162565054,0.6093281985451433,-0.633968038082285,0.007155922732115218,0.13023878682711532,0.49881673687920647,0.044079369270813684,69.44547199441634,0.7299782766111513,0.3030303030303031,0.7884581706155686,0.588020741212636,0.6567271006244553,0.21311672683513838,0.29725228975853457,0.2955748464958713,0.31116201639706653,0.2018363690055927,0.22553489624517004,Staffing & Employment Services,Industrials,PAYX
2023Q2,2023,Q2,2022-12-22,2022-11-30,360300000.0,1190300000.0,472300000.0,0.99,831000000.0,0.6981433252,9214300000.0,3205300000.0,6198200000.0,4753900000.0,6009000000.0,-494800000.0,1811400000.0,44712815000.0,44491115000.0,8.89126213592233,1.3038137108479353,0.09493938769087179,0.2729229713287368,0.08635395102243833,8.89126213592233,0.11240757495398247,37.564324119969754,31.024712045517624,13.94965057872898,0.7901748542880933,-0.7261519805982215,0.0063673020810700465,0.12917964468272142,0.5582153600201939,0.03910226495772875,156.17469437652812,0.6981433252121314,-0.05714285714285719,0.6539206299494431,0.4345764981586879,0.6216426598657673,-0.028297474275023386,-0.049841772151898736,-0.0470137207425343,0.38346088706629283,0.19347499008462485,0.2391846232092265,Staffing & Employment Services,Industrials,PAYX
2023Q1,2023,Q1,2022-09-29,2022-08-31,379200000.0,1206200000.0,495600000.0,1.05,855200000.0,0.709003482,9125900000.0,3137400000.0,6085400000.0,4702200000.0,5988500000.0,0.0,1736300000.0,44414734000.0,44109634000.0,8.71257983893363,1.294160180341117,0.09633022496411313,0.2802001657423344,0.09344945177892146,8.71257983893363,0.12086441002103653,36.822031172276574,29.2818657700422,14.156541722445336,0.7505274261603375,0.0,0.006407783507157782,0.13217326510262,0.5536344689719706,0.04155206609759037,133.09779442613126,0.7090034820096169,0.2804878048780489,0.6590708999719371,0.4718173970066537,0.6086762548581539,0.09039908198393472,0.2793522267206478,0.2578680203045685,0.4292976486260755,0.21086246204011425,0.24015842902457027,Staffing & Employment Services,Industrials,PAYX
2022Q4,2022,Q4,2022-07-15,2022-05-31,296400000.0,1144300000.0,394000000.0,0.82,784300000.0,0.6853971861,9635200000.0,3085200000.0,6581600000.0,5269200000.0,6550000000.0,0.0,1669600000.0,44677864000.0,45189064000.0,8.5509977827051,1.2490700675624382,0.091456326801727,0.2856216776870219,0.074325496766026,8.5509977827051,0.09607156748346947,39.04383815433016,37.683758434547904,14.481350965901724,0.9605263157894737,0.0,0.006372283151226746,0.11876245433410827,0.4824451529643969,0.030762205247426105,147.01501809805856,0.6853971860526086,-0.31092436974789917,0.511355547154131,0.42692543853073245,0.5713054279782858,-0.15100671140939598,-0.3118179707452984,-0.30055032842180013,0.28146653270509986,0.16264770657887936,0.17321191185501533,Staffing & Employment Services,Industrials,PAYX
2022Q3,2022,Q3,2022-03-31,2022-02-28,430700000.0,1276000000.0,563300000.0,1.19,923800000.0,0.7239811912,10283700000.0,3286000000.0,7237300000.0,5687900000.0,6997700000.0,0.0,1798500000.0,42968754000.0,43586854000.0,9.10501523967858,1.272402820021449,0.08611686455264156,0.26950699939135725,0.10296481792245993,9.10501523967858,0.13107121119902618,33.674572100313476,24.941231715811472,13.076309799147902,0.5537497097747852,0.0,0.005550544937840181,0.1240798545270671,0.44976177499604425,0.04188181296615032,74.3146904185403,0.7239811912225705,0.3076923076923076,1.1157161964772566,0.5949765640630212,0.7233618764404547,0.18893178893178894,0.297289156626506,0.28901601830663615,0.32061371183528803,0.18646251005934764,0.2588612294428584,Staffing & Employment Services,Industrials,PAYX
2022Q2,2022,Q2,2021-12-22,2021-11-30,332000000.0,1108000000.0,437000000.0,0.91,777000000.0,0.7012635379,9688000000.0,3119000000.0,6632000000.0,5221000000.0,6568000000.0,0.0,1606000000.0,42995440000.0,43250440000.0,8.647075131688384,1.2702547404711741,0.09196944673823286,0.28566848348829754,0.0827930174563591,8.647075131688384,0.10644437319653735,38.804548736462095,32.3760843373494,13.785008015389549,0.716566265060241,0.0,0.005533144910250948,0.11436829066886871,0.19804635127370235,0.0342691990090834,316.60854197349045,0.7012635379061372,-0.010869565217391313,0.640473942374132,0.4343584360746997,0.7155080758064308,0.008566978193146417,-0.004796163069544364,-0.013321291487920524,0.4017273452595358,0.2842998163717249,0.28074435132575737,Staffing & Employment Services,Industrials,PAYX
2022Q1,2022,Q1,2021-10-01,2021-08-31,333600000.0,1082900000.0,442900000.0,0.92,770400000.0,0.7114230307507619,9367300000.0,3043500000.0,6317300000.0,4957900000.0,6323800000.0,0.0,1513300000.0,41220647000.0,41015747000.0,8.45181893918356,1.2741886685895238,0.095769325205769,0.2947593231476918,0.08252714454707166,8.45181893918356,0.10961064563824544,38.065054021608645,30.890772631894485,13.543830129784787,0.7137290167865707,0.0,0.005776231508447697,0.11560428298442454,0.44900058492506906,0.03561325034962049,116.04911880630631,0.7114230307507619,0.2602739726027398,0.5383338012772186,0.38205792259063753,0.5346846924426665,0.0798990748528175,0.26844106463878326,0.25183719615602035,0.3656551341102568,0.25161425565993684,0.27149064979506354,Staffing & Employment Services,Industrials,PAYX
2021Q4,2021,Q4,2021-07-16,2021-05-31,263000000.0,1029200000.0,353800000.0,0.73,713400000.0,0.6931597357170618,9227200000.0,2948000000.0,6169500000.0,4938200000.0,6279200000.0,0.0,1445900000.0,36376598000.0,36278498000.0,8.18434203220433,1.2493418654570492,0.09722342639153807,0.30430800542740843,0.06831914903380645,8.18434203220433,0.08921302578018996,35.344537504858145,34.57851520912547,12.339415875169607,0.905703422053232,0.0,0.006548165938991876,0.11153979538754985,0.42231987363816775,0.028502687705912952,100.48783977900553,0.6931597357170618,-0.24742268041237114,0.4771084502620511,0.3655467968562364,0.542511081342899,-0.08923783990808119,-0.24964336661911554,-0.24498506188647035,0.14715019737393636,0.1775585331201923,0.4513108370270955,Staffing & Employment Services,Industrials,PAYX
2021Q3,2021,Q3,2021-04-07,2021-02-28,350500000.0,1111700000.0,468600000.0,0.97,783300000.0,0.7045965638211747,9665900000.0,2976400000.0,6622200000.0,5356000000.0,6689500000.0,0.0,1499300000.0,33445650000.0,33555550000.0,8.25402107598447,1.2364077669902913,0.09279011783693189,0.30133718586211533,0.08952245186550006,8.25402107598447,0.11775970971643596,30.085139875865792,23.855670470756063,11.236947318908749,0.6385164051355207,0.0,0.0066914531486157395,0.1150125699624453,0.3914488424197162,0.0362614966014546,82.05507850834151,0.7045965638211747,0.2933333333333333,0.9423658585776603,0.4767362586553342,0.5877352317872054,0.18002410364567642,0.2867107195301028,0.32260795935647757,0.3407803856518365,0.27799644050324546,0.44944726007999114,Staffing & Employment Services,Industrials,PAYX
2021Q2,2021,Q2,2020-12-23,2020-11-30,272400000.0,983700000.0,354300000.0,0.75,663800000.0,0.6747992274067297,8615400000.0,2889700000.0,5592400000.0,4380000000.0,5725700000.0,0.0,1418900000.0,33534000000.000004,33736600000.000004,8.026944444444444,1.2768036529680364,0.10401142140817606,0.3101013946084369,0.07118672721672334,8.026944444444444,0.09426584074471399,34.0896614821592,30.776431718061673,11.604664844101466,0.8204845814977973,0.0,0.006664877437824297,0.11417926039417786,0.42470319634703196,0.03161780068249878,184.45544554455446,0.6747992274067297,0.27118644067796616,0.442545806906272,0.36435873477297903,0.5580470651192547,0.06191009438489842,0.28733459357277885,0.24753521126760564,0.2521612903225808,0.18722413793103454,0.46400312357153745,Staffing & Employment Services,Industrials,PAYX
2021Q1,2021,Q1,2020-10-09,2020-08-31,211600000.0,932200000.0,284000000.0,0.59,625100000.0,0.6705642565972967,8376900000.0,2778600000.0,5340200000.0,4263100000.0,5598300000.0,0.0,1370200000.0,27460377000.0,27522777000.0,7.737677527151211,1.2526565175576458,0.1072114982869558,0.32322032678327217,0.05770573015987667,7.737677527151211,0.07615345857626142,29.457602445827074,32.44373464083176,9.882810408119196,1.054820415879017,0.0,0.00812807486219144,0.11128221657176282,0.40397832563158265,0.025259941028304027,141.32978383942358,0.6705642565972967,-0.03278688524590167,0.017592069871261384,0.29653093853428725,0.5602386391860077,0.0027269810715431506,-0.0412324422292705,-0.0520694259012016,-0.07163235373576862,0.1406474205974182,0.4286719130026595,Staffing & Employment Services,Industrials,PAYX
2020Q4,2020,Q4,2020-07-17,2020-05-31,220700000.0,915100000.0,299600000.0,0.61,623400000.0,0.6812370232761447,8550700000.0,2781400000.0,5464600000.0,4426900000.0,5769300000.0,0.0,1431400000.0,25808465000.0,25802065000.0,7.754112071368832,1.2344078248887482,0.10511420117651187,0.32314661681167756,0.06003411868483739,7.754112071368832,0.07934852951750916,28.202890394492407,29.234781377435436,9.27894765226145,1.008608971454463,0.0,0.008625077082267387,0.10702047785561417,0.38914364453680905,0.025810752336066053,73.09109317473803,0.6812370232761447,-0.37755102040816324,0.3828473858937809,0.33528483825545197,0.5734050985477053,-0.22308075772681954,-0.3774330042313117,-0.36268878961922996,0.13194657672476306,0.14779701248861007,0.4248721256292237,Staffing & Employment Services,Industrials,PAYX
2020Q3,2020,Q3,2020-03-27,2020-02-29,354500000.0,1142700000.0,470100000.0,0.98,802400000.0,0.7021965520259036,9466900000.0,2759800000.0,6389400000.0,5389700000.0,6707100000.0,0.0,1433300000.0,27776580000.0,27844480000.0,7.698186889818689,1.1854834220828618,0.08956469382796903,0.3072324081455178,0.09669406074828434,7.698186889818689,0.12845133705340966,24.307849829351536,19.58856135401975,10.064707587506343,0.6276445698166432,0.0,0.00801034540609391,0.12070477136126927,0.31556487374065345,0.037446260127391225,60.90019732514799,0.7021965520259036,0.36111111111111116,1.120115462070578,0.6437327902656544,0.49357984956311324,0.20245766521804287,0.3703131039814457,0.37576821773485514,0.7530588701207017,0.43791621494015126,0.4570828773369058,Staffing & Employment Services,Industrials,PAYX
2020Q2,2020,Q2,2019-12-20,2019-11-30,258700000.0,990700000.0,341700000.0,0.72,667300000.0,0.6735641465630362,8701700000.0,2569400000.0,5627900000.0,4823900000.0,6132300000.0,0.0,1301400000.0,30839572000.0,31086872000.0,7.175090756771851,1.1666701216857729,0.09744072997230427,0.32999922160815753,0.07457439648485975,7.175090756771851,0.10068498482135907,31.129072373069548,29.802446849632783,12.002635634778548,0.8592964824120602,0.0,0.007208271243193647,0.11385131640943724,0.31936814610584796,0.02972982290816737,130.51024968260685,0.6735641465630362,-0.013698630136986314,0.5158374400537196,0.4849269166382137,0.41991928512685056,0.00105010501050105,-0.020817562452687358,-0.02119736465196219,0.28756600790830605,0.29181973798423494,0.42347856939260897,Staffing & Employment Services,Industrials,PAYX
2020Q1,2020,Q1,2019-10-04,2019-08-31,264200000.0,992000000.0,349100000.0,0.73,666600000.0,0.6719758064516129,8638200000.0,2519300000.0,5555900000.0,4823500000.0,6118900000.0,0.0,1265200000.0,29297620000.0,29564220000.0,7.02537646402677,1.151839950243599,0.09874742423190017,0.33858611519072757,0.07728666208365474,7.02537646402677,0.10487040050807764,29.53389112903226,27.722956093868284,11.629270035327275,0.8402725208175624,0.0,0.007577407311583671,0.11483873955222153,0.3086348087488338,0.03058507559445255,109.15655737704918,0.6719758064516129,0.14062499999999994,0.5616777185975557,0.5063713414595387,0.4286033793056228,0.012608233328269786,0.1467013888888889,0.11001589825119237,0.2234048284471298,0.2713420143332706,0.27567069237647196,Staffing & Employment Services,Industrials,PAYX
2019Q4,2019,Q4,2019-07-24,2019-05-31,230400000.0,980400000.0,314500000.0,0.64,658300000.0,0.6714606283149734,8676000000.0,2619500000.0,5677700000.0,4845000000.0,6056500000.0,0.0,1409500000.0,30832926000.000004,30994726000.000004,7.288536449638286,1.1718679050567595,0.09179345320424158,0.3040274861614812,0.06831819313856641,7.288536449638286,0.08795571673983585,31.449332925336602,33.45586588541667,11.770538652414583,0.9674479166666666,0.0,0.007229284693901577,0.11300138312586445,0.32338493292053666,0.026556016597510373,144.82351338656647,0.6714606283149734,-0.2888888888888889,0.5971787569183733,0.49334986020878185,0.49093021915786,-0.11649443027781506,-0.2902033271719039,-0.26741206615420454,0.2968947872132011,0.3036942456820526,0.3736777124050188,Staffing & Employment Services,Industrials,PAYX
2019Q3,2019,Q3,2019-03-29,2019-02-28,324600000.0,1070400000.0,429300000.0,0.9,745100000.0,0.6960949177877429,10363000000.0,2598000000.0,7292000000.0,6549700000.0,7765000000.0,0.0,1425800000.0,27665584000.0,27822784000.0,7.232739420935412,1.1133334351191657,0.08236997008588247,0.3285604311008468,0.09486091826652039,7.232739420935412,0.12494226327944573,25.846023916292975,21.30744300677757,10.648800615858352,0.6198398028342575,0.0,0.007272573750837865,0.1032905529286886,0.24072858298853383,0.03132297597220882,55.508796147672555,0.6960949177877429,0.3846153846153846,1.0557050228907603,0.705105698794738,0.473081141429749,0.25437710437710437,0.37659033078880405,0.3974609375,0.8058468807253372,0.4274168776156541,0.3912825149390194,Staffing & Employment Services,Industrials,PAYX
2019Q2,2019,Q2,2018-12-21,2018-11-30,235800000.0,858900000.0,307200000.0,0.65,594000000.0,0.6915822563744324,7002400000.0,2424500000.0,5290000000.0,4306800000.0,4577900000.0,0.0,1302600000.0,25409916000.0,24956616000.0,6.751601225285436,1.228290145815919,0.00818290871701131,0.023633738915240256,0.09436660088157596,6.751601225285436,0.09725716642606723,29.584254278728608,26.940114503816798,10.480476799340071,0.8536895674300254,0.0,0.007922104110851843,0.12265794584713813,0.3135042258753599,0.033674168856392094,135.8092784607162,0.6915822563744324,-0.02985074626865674,0.509820550115048,0.4296028085501771,0.39948834759523716,-0.0055248618784530384,-0.03201970443349754,-0.04089915704027474,0.25185320595357297,0.19425096980176554,0.3105002216867334,Staffing & Employment Services,Industrials,PAYX
2019Q1,2019,Q1,2018-10-05,2018-08-31,243600000.0,862800000.0,320300000.0,0.67,597300000.0,0.6922809457579973,7050000000.0,2387000000.0,5076200000.0,4397400000.0,4663000000.0,0.0,1268100000.0,26304075000.0,25920675000.0,6.647173489278752,1.1543639423295584,0.008042553191489362,0.02375366568914956,0.09897419331580294,6.647173489278752,0.10205278592375366,30.486874130737135,26.995150862068968,11.019721407624633,0.8267651888341544,0.0,0.0076566083392021955,0.12238297872340426,0.2472597443944149,0.0345531914893617,105.51173285198556,0.6922809457579973,0.06349206349206354,0.5221489432015747,0.44381736267520816,0.38881976414637853,-0.01240079365079365,0.06608315098468272,0.007866582756450597,0.17148122977617805,0.20000739515917504,0.3403475245580509,Staffing & Employment Services,Industrials,PAYX
2018Q4,2018,Q4,2018-07-20,2018-05-31,228500000.0,871100000.0,317800000.0,0.63,604800000.0,0.6942945700838021,7463700000.0,2024500000.0,5784400000.0,5287200000.0,5439200000.0,0.0,930300000.0,23543220000.0,23185020000.0,5.639275766016713,1.0940384324406114,0.0,0.0,0.1119864241869444,5.639275766016713,0.11286737466040998,27.02700034439215,25.758446389496715,11.629152877253643,0.8796498905908097,0.0,0.008537489774126054,0.1167115505714324,0.18682856710546225,0.030614842504387903,92.14567514677104,0.6942945700838021,-0.12499999999999996,0.8790635255376497,0.5115123687255113,0.1592038925915846,0.015105740181268883,-0.12250384024577574,0.0864957264957265,0.43052368379217165,0.27001925152454853,0.1442786950590059,Staffing & Employment Services,Industrials,PAYX
2018Q3,2018,Q3,2018-03-28,2018-02-28,260400000.0,866500000.0,292500000.0,0.72,595800000.0,0.6875937680323139,6842800000.0,2045500000.0,5048700000.0,4623700000.0,4797300000.0,0.0,961400000.0,23394696000.0,23128496000.0,5.694599109131403,1.0919177282263122,0.008432220728356813,0.028208262038621364,0.12284537150342206,5.694599109131403,0.12730383769249573,26.999072129255627,22.460345622119814,11.437152774382792,0.6904761904761905,0.0,0.007685502731046388,0.12662944993277606,0.2169690940156152,0.038054597533173556,52.80969751693002,0.6875937680323139,0.2,0.8251539368531378,0.4791784991799668,0.2900524041982716,0.03115264797507788,0.2,-0.11950632149307645,0.5543080122954592,0.24400002909268448,0.10484957074600729,Staffing & Employment Services,Industrials,PAYX
2018Q2,2018,Q2,2017-12-21,2017-11-30,217000000.0,826500000.0,332200000.0,0.6,577800000.0,0.6990925589836661,7684600000.0,1968900000.0,5993000000.0,5501700000.0,5715700000.0,0.0,881000000.0,24171021000.0,24047221000.0,5.482873851294904,1.0892996710107785,0.017359394112901126,0.067753567982122,0.10269475250776054,5.482873851294904,0.11021382497841434,29.24503448275862,27.846798387096776,12.2764086545787,0.8285714285714286,0.0,0.007438659707424026,0.10755276787340916,0.17612737881018595,0.028238294771360903,245.8903458799593,0.6990925589836661,-0.04761904761904766,0.48559363249231924,0.49599060217580043,0.1739329480219215,-0.011800923550538737,-0.04741000877963126,-0.03710144927536232,0.2679579488219585,0.23536328622828692,0.08503691218451176,Staffing & Employment Services,Industrials,PAYX
2018Q1,2018,Q1,2017-10-06,2017-08-31,227800000.0,816800000.0,345000000.0,0.63,584700000.0,0.7158423114593536,7619500000.0,1943800000.0,5973500000.0,5455700000.0,5675700000.0,0.0,843700000.0,20468067000.0,20290867000.0,5.41599331290053,1.0949099107355609,0.007507054268652799,0.029426895771169873,0.11315431307682372,5.41599331290053,0.1171931268649038,25.058847943192948,22.462760096575945,10.529924374935693,0.786215978928885,0.0,0.008750215640783274,0.10719863508104206,0.17207691038730136,0.029896974867117263,62.86261363636363,0.7158423114593536,0.1666666666666666,0.504914046275733,0.4287979171531752,0.18763173407206254,0.030853314527503527,0.16641065028161803,0.15423218467714955,0.34539294923500613,0.23928995198452643,0.10133690183365938,Staffing & Employment Services,Industrials,PAYX
2017Q4,2017,Q4,2017-07-21,2017-05-31,195300000.0,798600000.0,298900000.0,0.54,567200000.0,0.7102429251189581,6833700000.0,1955300000.0,5272000000.0,4725100000.0,4878400000.0,0.0,901700000.0,21281339000.0,21096739000.0,5.441970498190927,1.1157435821464097,0.0,0.0,0.0993505513790625,5.441970498190927,0.09988237099166368,26.648308289506637,27.241857398873528,10.883925228865134,0.8469022017409115,0.0,0.0077720673497095275,0.11686202203784188,0.18344585299782015,0.02857895430001317,130.08153422982886,0.7102429251189581,-0.03571428571428574,0.598489357855197,0.3793167243492979,0.22982767381990032,0.014669051878354204,-0.035555555555555556,-0.02511415525114155,0.3542353601655188,0.21676980675275553,0.11319993027146998,Staffing & Employment Services,Industrials,PAYX
2017Q3,2017,Q3,2017-03-31,2017-02-28,202500000.0,795800000.0,306600000.0,0.56,559000000.0,0.7024377984418195,7310300000.0,1896700000.0,5751800000.0,5273700000.0,5413600000.0,0.0,871900000.0,22049780000.0,21915280000.0,5.2832869080779945,1.0906574132013578,0.007578348357796533,0.029208625507460326,0.10333001706664079,5.2832869080779945,0.1067643802393631,27.707690374465948,27.22195061728395,11.625338746243475,0.8167901234567901,0.0,0.007501208628838928,0.1088601015006224,0.16417316115820013,0.02770064156053787,65.64388210777017,0.7024377984418195,0.0,0.5101494385767128,0.43877975975242073,0.2004459722817307,0.025499908273711246,0.0019792182088075212,-0.01446480231436837,0.2831552007015115,0.2683847730997555,0.07603908506990581,Staffing & Employment Services,Industrials,PAYX
2017Q2,2017,Q2,2016-12-23,2016-11-30,202100000.0,771400000.0,311100000.0,0.56,545100000.0,0.7066372828623282,5776100000.0,1815600000.0,4215700000.0,3784100000.0,3960500000.0,0.0,834900000.0,21233790000.0,21171890000.0,5.040533037201555,1.1140561824476098,0.017849413964439675,0.05678563560255563,0.10502789348557316,5.040533037201555,0.11131306455166336,27.526302826030594,26.26643988124691,11.695191672174488,0.8174171202375062,0.0,0.007780052454130892,0.13355031941967763,0.2266589149335377,0.03498900642301899,230.30140997830802,0.7066372828623282,-0.06666666666666654,0.4482504971122405,0.4506756889993617,0.17193120721232022,-0.027301927194860815,-0.0703771849126035,-0.03684210526315789,0.2900886121167018,0.280041709469805,0.04481396573213322,Staffing & Employment Services,Industrials,PAYX
2017Q1,2017,Q1,2016-09-30,2016-08-31,217400000.0,785500000.0,323000000.0,0.6,560400000.0,0.713430935709739,6096900000.0,1988100000.0,4521000000.0,3913200000.0,4108800000.0,0.0,958900000.0,21901870000.0,21823170000.0,5.507202216066482,1.1553204538485127,0.00841411208975053,0.025803531009506563,0.10610722238768373,5.507202216066482,0.10935063628590111,27.882711648631446,25.18614305427783,11.016483074292037,0.764949402023919,0.0,0.007592958957385831,0.12883596581869475,0.259378513748339,0.03565746526923518,79.81731049562683,0.713430935709739,0.22448979591836732,0.4648936150421651,0.427737464370308,0.29585437709301626,0.05022488755622189,0.2206625491297024,0.169019182048498,0.3512870336970059,0.30754461456018395,0.1506411402019481,Staffing & Employment Services,Industrials,PAYX
2016Q4,2016,Q4,2016-07-22,2016-05-31,178100000.0,753900000.0,276300000.0,0.49,533600000.0,0.7077861785382676,6440800000.0,1911700000.0,4863600000.0,4365900000.0,4529100000.0,0.0,926200000.0,19535466000.0,19403966000.0,5.305856230918679,1.113997113997114,0.0,0.0,0.09323063829461527,5.305856230918679,0.09316315321441648,25.912542777556705,27.422046603032005,10.218897316524558,0.8506457046603032,0.0,0.0077551259847090425,0.1170506769345423,0.18250532536246822,0.027651844491367532,98.02040140491721,0.7077861785382676,-0.020000000000000018,0.5049649075261318,0.4840460796775937,0.28373209169399943,0.013100436681222707,-0.012749445676274944,-0.013214285714285715,0.4593160670201732,0.30342972632436704,0.09066650605680249,Staffing & Employment Services,Industrials,PAYX
2016Q3,2016,Q3,2016-03-30,2016-02-29,180400000.0,752600000.0,280000000.0,0.5,526700000.0,0.6998405527504651,7067500000.0,1874100000.0,5503600000.0,5039200000.0,5193400000.0,0.0,899600000.0,18526095000.0,18272995000.0,5.198613037447989,1.0921574853151295,0.0,0.0,0.09567863193194406,5.198613037447989,0.09625953791153087,24.61612410310922,25.673634977827053,9.885328957899793,0.8392461197339246,0.0,0.008172256484704413,0.10648744251857092,0.14133195745356406,0.025525291828793775,52.96196397941681,0.6998405527504651,-0.03846153846153849,0.3862981693368703,0.45364502086850117,0.2810640218966642,0.018368136117556073,-0.046511627906976744,-0.04826648538409246,0.25987109406869535,0.2801100032190247,0.17769190050661826,Staffing & Employment Services,Industrials,PAYX
2016Q2,2016,Q2,2015-12-23,2015-11-30,189200000.0,722400000.0,294200000.0,0.52,517200000.0,0.7159468438538206,6016800000.0,1858300000.0,4602500000.0,4009900000.0,4158500000.0,0.0,913900000.0,19567975000.0,19155675000.0,5.151926808982534,1.1477842340207984,0.0,0.0,0.10126277017421281,5.151926808982534,0.10181348544368508,27.0874515503876,25.856203752642703,10.530040897594576,0.8017970401691332,0.0,0.007752462888980592,0.12006382130035899,0.1880844908850595,0.031445286531046404,171.19838145231847,0.7159468438538206,-0.10344827586206887,0.4169121405912868,0.4488055447740503,0.28558256420074696,-0.00019331142470520006,-0.09516977522716404,-0.006416751097602162,0.28952774383368834,0.3017662494143244,0.10307418899190286,Staffing & Employment Services,Industrials,PAYX
2016Q1,2016,Q1,2015-09-30,2015-08-31,209100000.0,723000000.0,296100000.0,0.58,517300000.0,0.7154910096818811,5983000000.0,1790800000.0,4588200000.0,4046400000.0,4192200000.0,0.0,876400000.0,16126725999.999998,15670825999.999998,4.959291055109388,1.133896797153025,0.0,0.0,0.11621398257761895,4.959291055109388,0.11676345767254859,22.3052918395574,19.28111669057867,9.00531941031941,0.7264466762314682,0.0,0.00941914682496621,0.12084238676249373,0.19187425860023724,0.03494902222965068,62.725499805523135,0.7154910096818811,0.31818181818181807,0.5874869748718692,0.43026690582060756,0.2479329474791612,0.05873925501432665,0.29714640198511166,0.17686804451510335,0.3729602974871216,0.2570117768251262,0.08748499033750617,Staffing & Employment Services,Industrials,PAYX
2015Q4,2015,Q4,2015-07-21,2015-05-31,161200000.0,692200000.0,251600000.0,0.44,488600000.0,0.7058653568332852,6482500000.0,1785500000.0,5103200000.0,4573000000.0,4697000000.0,0.0,894300000.0,17901243000.0,17731243000.0,4.928236268285951,1.1159413951454187,0.0,0.0,0.08957082420868423,4.928236268285951,0.0902828339400728,25.861373880381393,27.762473635235732,10.025899187902548,0.8523573200992556,0.0,0.007675444660462964,0.10677979174701119,0.16424666520883446,0.024866949479367528,104.3195979020979,0.7058653568332852,-0.04347826086956525,0.3927091411537285,0.43188706787210124,0.2710962393960251,-0.009527670788566795,-0.048406139315230225,-0.048051456678017405,0.3084629403162054,0.1856463655740425,0.11372918097880066,Staffing & Employment Services,Industrials,PAYX
2015Q3,2015,Q3,2015-03-25,2015-02-28,169400000.0,704300000.0,264300000.0,0.46,493300000.0,0.7004117563538265,7344200000.0,1872000000.0,5957400000.0,5348000000.0,5472200000.0,0.0,978300000.0,18100072000.0,17834772000.0,5.154185022026431,1.1139491398653703,0.0,0.0,0.08994693879519002,5.154185022026431,0.09049145299145299,25.699378105920772,26.712030696576154,9.668841880341882,0.8158205430932703,0.0,0.007635328743443672,0.09589880449878815,0.14985041136873598,0.02306582064758585,69.16343905235001,0.7004117563538265,-0.021276595744680753,0.5049808629802047,0.41931284962315646,0.33332146709354016,0.0337384744341995,-0.020809248554913295,-0.021835677276091783,0.24869655255435022,0.2586259509621034,0.17111199102706626,Staffing & Employment Services,Industrials,PAYX
2015Q2,2015,Q2,2014-12-19,2014-11-30,173000000.0,676300000.0,270200000.0,0.47,477200000.0,0.7056040218837794,6274500000.0,1834300000.0,4859900000.0,4279300000.0,4440200000.0,0.0,964300000.0,17169899999.999998,17029499999.999998,5.053168044077135,1.1356763956721894,0.0,0.0,0.09382775305167115,5.053168044077135,0.09431390721256065,25.387993494011532,24.81199421965318,9.360464482363843,0.7971098265895954,0.0,0.008031496980180432,0.10778548091481394,0.18016965391536,0.027571918081122002,142.01736972704714,0.7056040218837794,0.0,0.36856299477601895,0.3939352054508387,0.31172792922311177,0.009947089947089947,0.0099241097489784,0.010093457943925233,0.23015704833886655,0.26202270796323474,0.17486886454965928,Staffing & Employment Services,Industrials,PAYX
2015Q1,2015,Q1,2014-09-24,2014-08-31,171300000.0,666800000.0,267500000.0,0.47,472500000.0,0.7086082783443312,6286600000.0,1785600000.0,4872000000.0,4344000000.0,4501000000.0,0.0,943700000.0,15123115000.0,14660515000.0,4.917653538969981,1.1215469613259668,0.0,0.0,0.09543466862206441,4.917653538969981,0.09593413978494623,22.68013647270546,22.071096030356102,8.469486447132615,0.8073555166374781,0.0,0.009144941369552503,0.10606687239525339,0.1744475138121547,0.027248433175325295,63.48914777497901,0.7086082783443312,0.17499999999999988,0.37847766970599706,0.36348979679836413,0.3014471789120577,0.07142857142857142,0.17409184372858122,0.17170389837932545,0.14758499814762022,0.20497686986856328,0.15713253544788358,Staffing & Employment Services,Industrials,PAYX
2014Q4,2014,Q4,2014-07-22,2014-05-31,145900000.0,664000000.0,228300000.0,0.4,441000000.0,0.6641566265060241,6370100000.0,1777000000.0,5011400000.0,4438900000.0,4593100000.0,0.0,957500000.0,14943485000.0,14790985000.0,4.888583218707015,1.128973394309401,0.0,0.0,0.0816042505100117,4.888583218707015,0.08210467079347214,22.505248493975902,25.605697395476355,8.409389420371413,0.8718300205620287,0.0,0.008512070644832849,0.10423698215098665,0.16600959697222284,0.02290387905998336,97.1618010403121,0.6641566265060241,-0.09090909090909087,0.27394509259555144,0.5691942712103021,0.31630587103383245,-0.04005224205485416,-0.0886945658963148,-0.08934982050259274,0.22201797078446048,0.29557204641395685,0.18277444537624613,Staffing & Employment Services,Industrials,PAYX
2014Q3,2014,Q3,2014-03-26,2014-02-28,160100000.0,636500000.0,250700000.0,0.44,459400000.0,0.7217596229379418,7069400000.0,1788200000.0,5719300000.0,5138900000.0,5281200000.0,0.0,983700000.0,15208992000.0,14937692000.0,4.909939593629874,1.1129424585027925,0.0,0.0,0.08899887011522625,4.909939593629874,0.08953137232971703,23.89472427336999,23.749206745783884,8.505196286768816,0.7976264834478451,0.0,0.008396348686356072,0.09003592949896738,0.1449142812664189,0.022646900727077264,52.4991094235416,0.7217596229379418,0.023255813953488393,0.21274266476532444,0.19299527638887362,0.3308873117232742,0.037488708220415536,0.008821676118462508,0.008447304907481898,0.21780226101304073,0.21690839360653816,0.20992790149522436,Staffing & Employment Services,Industrials,PAYX
2014Q2,2014,Q2,2013-12-20,2013-11-30,158700000.0,610500000.0,248600000.0,0.43,442800000.0,0.7253071253071253,6019400000.0,1760400000.0,4663800000.0,4119100000.0,4259000000.0,0.0,993200000.0,15957076999.999998,15744076999.999998,4.8243354343655795,1.1322376247238475,0.0,0.0,0.08968099850710563,4.8243354343655795,0.09014996591683708,26.13771826371826,25.13717233774417,9.064460917973188,0.8052930056710775,0.0,0.008008985605571747,0.10142206864471542,0.16435629142288363,0.026364753962188923,142.85655326768128,0.7253071253071253,-0.02272727272727275,0.11893778537587908,0.15167224925891676,0.3549053895231217,-0.0009025270758122744,-0.025184275184275184,-0.025480203841630734,0.17481909066516643,0.21029240887914488,0.20383727258367043,Staffing & Employment Services,Industrials,PAYX
2014Q1,2014,Q1,2013-09-30,2013-08-31,162800000.0,607900000.0,255100000.0,0.44,443200000.0,0.7290672808027636,6031200000.0,1748400000.0,4698300000.0,4150400000.0,4282800000.0,0.0,1034200000.0,14129804000.0,14018204000.0,4.786203120722694,1.132011372397841,0.0,0.0,0.0926777443607546,4.786203120722694,0.09311370395790437,23.243632176344793,21.698101965601964,8.081562571493937,0.7856265356265356,0.0,0.009051788687231613,0.10079254543042844,0.1789225134926754,0.026992969889905825,58.4842880794702,0.7290672808027636,0.29411764705882343,0.08075716331712439,0.1236543514619861,0.38069684649383395,0.06898215147129763,0.31821862348178137,0.204438149197356,0.22176689862227544,0.18874513384159594,0.20437790428206407,Staffing & Employment Services,Industrials,PAYX
2013Q4,2013,Q4,2013-07-22,2013-05-31,123500000.0,585300000.0,211800000.0,0.34,414600000.0,0.7083546899026141,6163700000.0,1773700000.0,4832600000.0,4268200000.0,4390000000.0,0.0,1088500000.0,13574057999.999998,13466757999.999998,4.864783324190894,1.1322337285038189,0.0,0.0,0.06917123774609231,4.864783324190894,0.06962846028076901,23.191624807790873,27.477850202429146,7.652961605683036,0.0,0.0,0.0,0.09495919658646593,0.15727941521015884,0.02003666628810617,305.72202702702697,0.7083546899026141,-0.15,-0.09838125827441223,0.1149731345528839,0.4660875561944491,-0.01566951566951567,-0.1453287197231834,-0.058666666666666666,0.0602640006458604,0.2031156210385256,0.254730384711488,Staffing & Employment Services,Industrials,PAYX
2013Q3,2013,Q3,2013-03-27,2013-02-28,144500000.0,593300000.0,225000000.0,0.4,421200000.0,0.7099275240182032,7507500000.0,1605900000.0,6319600000.0,5756500000.0,5901600000.0,0.0,964900000.0,12043598999.999998,11943198999.999998,4.414238592633315,1.0978198558151655,0.0,0.0,0.08942427845024652,4.414238592633315,0.08998069618282582,20.299340974212033,20.836676470588234,7.499594619839342,1.6629757785467127,0.0,0.019952507551936928,0.07902763902763903,0.12524971771041432,0.019247419247419247,46.197157652474104,0.7099275240182032,-0.02439024390243891,0.006910393488419979,0.10682999966070976,0.3839742380019597,0.06605922551252848,-0.022988505747126436,-0.021739130434782608,0.2816474087191981,0.19365257621150003,0.14190682935879156,Staffing & Employment Services,Industrials,PAYX
2013Q2,2013,Q2,2012-12-20,2012-11-30,147900000.0,559400000.0,230000000.0,0.41,395100000.0,0.7062924562030747,5724200000.0,1698200000.0,4268800000.0,3888600000.0,4026000000.0,0.0,1060800000.0,11831544000.0,11708944000.0,4.67051705170517,1.09777297742118,0.0,0.0,0.08637865250520946,4.67051705170517,0.08709221528677423,21.150418305327136,19.999229208924948,6.967108703332941,0.8113590263691683,0.0,0.010142378712364168,0.09772544635058174,0.128966723242298,0.02583767163970511,156.0889709762533,0.7062924562030747,-0.023809523809523832,0.022814715875307187,0.12076006032247626,0.38835934804856775,-0.04565217391304348,-0.033964728935336384,-0.03361344537815126,0.16807200147905144,0.15108769646715245,0.2123973727363613,Staffing & Employment Services,Industrials,PAYX
2013Q1,2013,Q1,2012-09-24,2012-08-31,153100000.0,578200000.0,238000000.0,0.42,414000000.0,0.716015219647181,5710900000.0,1655400000.0,4300400000.0,3919700000.0,4055500000.0,0.0,1033000000.0,12073380000.0,11924380000.0,4.560330578512397,1.0971247799576498,0.0,0.0,0.09175272025218112,4.560330578512397,0.09248519995167331,20.880975441023867,19.71485956890921,7.2933309169989124,0.760287393860222,0.0,0.009641045009765285,0.10124498765518569,0.14490904916192565,0.026808383967500744,61.69330608073582,0.716015219647181,0.23529411764705868,0.062368378320840225,0.195229578823063,0.05550782607162304,0.0029069767441860465,0.24168694241686942,0.2149055640632976,0.2323588460683076,0.18264394461913586,0.20688237170007348,Staffing & Employment Services,Industrials,PAYX
2012Q4,2012,Q4,2012-07-20,2012-05-31,123300000.0,584300000.0,195900000.0,0.34,412800000.0,0.7064863939756975,6479600000.0,1604500000.0,5075900000.0,4745700000.0,4875100000.0,0.0,1002100000.0,10867122000.0,10758322000.0,4.424986210700497,1.0695787765766904,0.0,0.0,0.07614670612952663,4.424986210700497,0.07684636958554067,18.59853157624508,22.03390510948905,6.7729024618261136,0.9424168694241687,0.0,0.01069280348559628,0.09017531946416446,0.10310386244389658,0.01902895240446941,92.9608383233533,0.7064863939756975,-0.081081081081081,0.06853882388092612,0.2582532794837818,-0.13746622988792603,0.08232826428945988,-0.08936484490398819,-0.06891634980988594,0.07928243802453588,0.3842710498843827,0.19147717606602946,Staffing & Employment Services,Industrials,PAYX
2012Q3,2012,Q3,2012-03-28,2012-02-29,135400000.0,558500000.0,210400000.0,0.37,381400000.0,0.6829006266786034,6094900000.0,1595400000.0,4872200000.0,4372400000.0,4499500000.0,0.0,995000000.0,11346250000.0,11199750000.0,4.401103448275862,1.114307931570762,0.0,0.0,0.0842284776278972,4.401103448275862,0.08486899837031465,20.315577439570276,20.949501477104874,7.111852826877273,0.8559822747415067,0.0,0.010214828687892476,0.09163398907283138,0.151084072820419,0.02221529475463092,45.93623481781376,0.6829006266786034,-0.05128205128205133,0.12549359917197805,0.21110721327152085,-0.11777237113168942,0.03136830719307734,-0.03561253561253561,-0.03441945846718678,0.030452362961420183,0.05170859729911882,0.1929622809395077,Staffing & Employment Services,Industrials,PAYX
2012Q2,2012,Q2,2011-12-20,2011-11-30,140400000.0,535000000.0,217900000.0,0.39,369800000.0,0.691214953271028,4932000000.0,1558700000.0,3740000000.0,3248200000.0,3373300000.0,0.0,975800000.0,10549464000.0,10453364000.0,4.3010485651214125,1.1514069330706238,0.0,0.0,0.08945923486831552,4.3010485651214125,0.09007506255212677,19.71862429906542,18.784658119658122,6.768117020594085,0.8262108262108262,0.0,0.01099581931366371,0.10847526358475264,0.20334339018533343,0.02846715328467153,122.52571428571429,0.691214953271028,-0.04878048780487796,0.1118745097357972,0.2354740867440907,-0.10395870773952902,-0.039480519480519484,-0.05708529214237743,-0.051371353939921635,-0.003260211228065492,0.016208188962741888,0.2079412720707787,Staffing & Employment Services,Industrials,PAYX
2012Q1,2012,Q1,2011-09-27,2011-08-31,148900000.0,552000000.0,229700000.0,0.41,385000000.0,0.697463768115942,4991500000.0,1539300000.0,3833400000.0,3337100000.0,3452200000.0,0.0,951500000.0,9772156000.0,9659056000.0,4.2498619547211485,1.1487219442030505,0.0,0.0,0.09610469257922252,4.2498619547211485,0.09673228090690573,17.70318115942029,16.40724647414372,6.348441499382837,0.7548690396239086,0.0,0.011502067711567438,0.11058799959931884,0.2112912408977855,0.029830712210758288,58.51590419161677,0.697463768115942,0.2424242424242423,0.15756882864370997,0.2618829123849543,-0.07395647901622276,0.1237594862813777,0.2523128679562658,0.2565645514223195,-0.0030585659126164716,0.029060476835793627,0.22597617587771862,Staffing & Employment Services,Industrials,PAYX
2011Q4,2011,Q4,2011-07-15,2011-05-31,118900000.0,510400000.0,182800000.0,0.33,342600000.0,0.6712382445141066,5393800000.0,1496200000.0,4257900000.0,3788300000.0,3897600000.0,0.0,919500000.0,11692599999.999998,11573599999.999998,4.133149171270718,1.1239606155795476,0.0,0.0,0.07886399435936223,4.133149171270718,0.07946798556342735,22.908699059561126,24.58494533221194,7.814864322951477,0.945332211942809,0.0,0.009612917571797549,0.09462716452222923,0.17276878811076207,0.022043828098928398,82.98509581263306,0.6712382445141066,-0.08333333333333326,0.01784583501755938,0.2175049619400635,-0.05000980831140463,-0.029461756373937678,-0.08958652373660031,-0.08094519859225742,-0.12572930468558727,-0.02072506539351423,0.24559680546578494,Staffing & Employment Services,Industrials,PAYX
2011Q3,2011,Q3,2011-03-23,2011-02-28,130600000.0,519600000.0,198900000.0,0.36,353000000.0,0.6793687451886066,5962800000.0,1468200000.0,4864800000.0,4390500000.0,4494600000.0,0.0,913000000.0,12167334000.0,11931334000.0,4.05804311774461,1.108028698325931,0.0,0.0,0.08828664697576649,4.05804311774461,0.08895245879307996,23.416732101616628,23.291221286370597,8.28724560686555,0.8591117917304747,0.0,0.00922141202008591,0.08714026967196618,0.14419769957863568,0.021902461930636614,61.20389336016097,0.6793687451886066,-0.027027027027027053,0.19662454544699004,0.26636353239584876,-0.02520083579848443,0.03519061583577713,-0.024645257654966394,-0.024521824423737126,-0.08491742459689268,-0.025302509148995424,0.2722980450201112,Staffing & Employment Services,Industrials,PAYX
2011Q2,2011,Q2,2010-12-20,2010-11-30,133900000.0,500000000.0,203900000.0,0.37,341000000.0,0.682,5022700000.0,1449500000.0,4013900000.0,3485700000.0,3573200000.0,0.0,894500000.0,10322918000.0,10089718000.0,4.007464749792645,1.1515334079238029,0.0,0.0,0.09170207098912327,4.007464749792645,0.09237668161434978,20.645836,19.27355862584018,7.121709555018972,0.8379387602688574,0.0,0.010869019786847092,0.0995480518446254,0.2054967438391141,0.026658968283990683,105.33589795918367,0.682,0.027777777777777804,0.2467908261583508,0.31131978371348695,-0.000798662086467268,-0.014450867052023121,0.015163002274450341,0.015438247011952191,-0.06913921114955357,0.007014105848757234,0.19126021503731208,Staffing & Employment Services,Industrials,PAYX
2011Q1,2011,Q1,2010-09-27,2010-08-31,131900000.0,506200000.0,200800000.0,0.36,346000000.0,0.6835242986961675,5039000000.0,1437000000.0,3999900000.0,3520200000.0,3602000000.0,0.0,873000000.0,9000224000.0,8727324000.0,3.974004424778761,1.1362706664394069,0.0,0.0,0.09115291983036976,3.974004424778761,0.0917884481558803,17.77997629395496,17.058802122820317,6.263203897007656,0.849128127369219,0.0,0.012444134723757985,0.1004564397697956,0.1935969547184819,0.026175828537408217,50.82001129305477,0.6835242986961675,0.12685029691314206,0.20125232205871546,0.3135308230780081,0.0325526729626412,0.08327776055804459,0.1417738612558647,0.15658875436312739,-0.08119585997987865,0.050445654916640936,-0.08019984538806427,Staffing & Employment Services,Industrials,PAYX
2010Q4,2010,Q4,2010-07-16,2010-05-31,115522000.0,482484000.0,173614000.0,0.3194745575221239,319401000.0,0.6619929365533365,5226299000.0,1401979000.0,4159117000.0,3742178000.0,3824320000.0,0.0,856290000.0,10204352000.0,9920036000.0,3.877154314159292,1.1114161325303071,0.0,0.0,0.08179571254831182,3.877154314159292,0.08239923707844411,21.14961739663906,22.083135679783936,7.278534129255859,0.9709665691383459,0.0,0.01099217275139078,0.0923184838831456,0.15554337607671254,0.022103978360212457,133.95581343450124,0.6619929365533365,0.03056308878104482,0.19254005316222492,0.33355677587398536,0.05992012971777756,-0.030007713752953396,0.03138196719847867,0.03188726233142545,0.0039019706433650954,0.041872268606046266,-0.24425153691751117,Staffing & Employment Services,Industrials,PAYX
2010Q3,2010,Q3,2010-03-24,2010-02-28,112007000.0,493790000.0,168249000.0,0.31,329282000.0,0.6668462301788209,5788031000.0,1397120000.0,4716531000.0,4312423000.0,4390911000.0,0.0,852936000.0,10947320930.0,10668059930.0,3.8656731697734195,1.0937078760594683,0.0,0.0,0.07961157201550437,3.8656731697734195,0.08016992098030233,22.169993175236435,24.434457065183427,7.835633968449382,1.0013302740007322,0.0,0.010245063675136088,0.08531225903938662,0.13374105462288835,0.019351485850715035,53.273708611527454,0.6668462301788209,-0.11428571428571424,0.2639428268789547,0.3828597034983087,0.09868725600651589,0.027798586660673707,-0.10999602701628923,-0.12853702121047317,-0.06616754287159189,0.07399222689039837,-0.2251025874238243,Staffing & Employment Services,Industrials,PAYX
2010Q2,2010,Q2,2009-12-16,2009-11-30,125850000.0,483024000.0,193065000.0,0.35,320376000.0,0.6632713902414786,4657132000.0,1392190000.0,3562206000.0,3186729000.0,3264942000.0,0.0,853084000.0,11329639200.0,11104335200.0,3.8522988887413114,1.1178252057203484,0.0,0.0,0.08986326601592286,3.8522988887413114,0.09039714406797923,23.455644440027825,22.506235995232423,8.13799783075586,0.8909177592371871,0.0,0.009896343389293455,0.10371705161030437,0.16886688513519663,0.027023069133535402,135.32936609371828,0.6632713902414786,0.029411764705882214,0.5164427539747171,0.4557952862486389,0.12983662469401244,-0.008568908694239428,0.018039152240737745,0.01684336930588254,-0.0005719354967174386,0.11855726612980755,-0.1974471289551921,Staffing & Employment Services,Industrials,PAYX
2010Q1,2010,Q1,2009-09-23,2009-08-31,123620000.0,486491000.0,189867000.0,0.34,323145000.0,0.66423633736287,4707743000.0,1364862000.0,3603869000.0,3259654000.0,3342881000.0,0.0,839366000.0,10218574320.0,9903251320.0,3.7786040176297315,1.1055986310203476,0.0,0.0,0.0901435904981119,3.7786040176297315,0.09057325942109898,21.004652336836653,20.665293480019415,7.486891949515774,0.9069082672706682,0.0,0.010971393512358386,0.10333847875723037,0.16986312044161742,0.026258867571997878,59.28588439380138,0.66423633736287,0.07914238515342166,0.4751715313810462,0.4761977674437978,0.13808228102421027,0.2741959015326864,0.08625355875013181,0.08922404396663493,-0.03632198673326422,0.11518232514585476,-0.17664342838192787,Staffing & Employment Services,Industrials,PAYX
2009Q4,2009,Q4,2009-07-20,2009-05-31,113804000.0,420479000.0,174314000.0,0.3150650040973622,253607000.0,0.603138325576307,5127415000.0,1341478000.0,4239826000.0,3701893000.0,3785937000.0,0.0,829501000.0,10279979680.0,9807210680.0,3.7138656951119575,1.1453129520491272,0.0,0.0,0.08443516869324845,3.7138656951119575,0.08483478670541,24.448259437451096,22.58264138343116,7.663174260032592,0.9837351938420442,0.0,0.010890391176337423,0.08200604008062543,0.18859513227421754,0.022195199725397692,90.15390810948284,0.603138325576307,-0.12481943306288272,0.9400420731901529,0.33222042699512594,0.17022517705123105,-0.28375386214336956,-0.12987231439712515,-0.11695482798972649,-0.02364245593553296,0.005207209839754506,-0.14638068034684612,Staffing & Employment Services,Industrials,PAYX
2009Q3,2009,Q3,2009-03-25,2009-02-28,130790000.0,528581000.0,197401000.0,0.36,354078000.0,0.6698651673064299,5775468000.0,1331149000.0,4872887000.0,4365647000.0,4444319000.0,0.0,827726000.0,7959711260.0,7531304260.0,3.6892226339376033,1.1161889635144573,0.0,0.0,0.09772523527793418,3.6892226339376033,0.09825346373696708,15.058640511104258,15.214678606927135,5.979579491101297,0.855868185641104,0.0,0.01406319856883854,0.09152176066078108,0.15500085096206817,0.02264578385682338,36.04011310485971,0.6698651673064299,-0.07692307692307698,0.6998981094945018,0.6145738481448226,0.16523644747812907,0.001677581792721049,-0.06739778383080675,-0.0684237848041529,0.20161689645101807,0.2917472872100519,-0.11379671536993835,Staffing & Employment Services,Industrials,PAYX
2009Q2,2009,Q2,2008-12-17,2008-11-30,140242000.0,524160000.0,211900000.0,0.39,353485000.0,0.674383775946276,5111860000.0,1284723000.0,4220354000.0,3751508000.0,3827137000.0,0.0,808875000.0,9388328240.0,9057695240.0,3.560643770162855,1.124975343248635,0.0,0.0,0.10817498810628061,3.560643770162855,0.10916127445371493,17.91118788156288,16.735942584960284,7.307667287033858,0.7981631750830707,0.0,0.011922889479202954,0.1025380194293271,0.1735051611245398,0.027434632403860827,103.35698350837792,0.674383775946276,-0.04878048780487796,0.8174141993327096,0.7560413555933292,0.163432488015719,-0.0331822645008301,-0.056936701880854555,-0.043707832208858904,0.30905728967315016,0.3780660086780219,-0.11220678381156114,Staffing & Employment Services,Industrials,PAYX
2009Q1,2009,Q1,2008-09-24,2008-08-31,148709000.0,534085000.0,221585000.0,0.41,365617000.0,0.6845670632951684,5229610000.0,1250125000.0,4375400000.0,3903682000.0,3979485000.0,0.0,780570000.0,12290236320.0,12228654320.0,3.4665126764625143,1.120839248688802,0.0,0.0,0.1173396567820203,3.4665126764625143,0.11895530446955305,23.011760899482294,20.661554310768008,9.831205935406459,0.7525032109690738,0.0,0.00910511377376021,0.10212711846581293,0.17695908631901883,0.028435963676067624,61.964245553180334,0.6845670632951684,0.09133100587523241,0.9341090035060926,0.8046301011854291,0.17767307408441013,0.04088767419680859,0.09761300227333117,0.12022507128268387,0.35798343402127786,0.38962072460567815,-0.09930726105330973,Staffing & Employment Services,Industrials,PAYX
2008Q4,2008,Q4,2008-07-18,2008-05-31,135484000.0,519228000.0,197804000.0,0.37568803396288153,351255000.0,0.6764947190829462,5309791000.0,1196642000.0,4465911000.0,4037272000.0,4113149000.0,0.0,745351000.0,12459731949.999998,12295494949.999998,3.3182079089590686,1.1061704537123087,0.0,0.0,0.11141158989667131,3.3182079089590686,0.11322016108410034,23.996648774719386,22.991150154261756,10.412246895897018,0.7985149537952821,0.0,0.008682851319285404,0.09778689971036525,0.15160856142464516,0.025515881886876528,106.83494203693857,0.6764947190829462,-0.036697348813124316,0.9844796182567481,1.2916335895465139,0.16062173158596202,-0.027471295237515125,-0.04906158316605135,-0.05986245181773678,0.40237467255426285,0.43897905597443343,-0.09288228625559036,Staffing & Employment Services,Industrials,PAYX
2008Q3,2008,Q3,2008-03-26,2008-02-29,142474000.0,532172000.0,210399000.0,0.39,361177000.0,0.6786847109581113,5872015000.0,1151991000.0,5048274000.0,4647850000.0,4720024000.0,0.0,718053000.0,11362659880.0,11202869880.0,3.1895381224770056,1.08615252213389,0.0,0.0,0.12159747225266987,3.1895381224770056,0.123676313443421,21.35148012296776,19.938128851579936,9.863497093293264,0.7591771130171119,0.0,0.009519161986920268,0.09062851508383409,0.12850264100605657,0.0242632213984467,54.83697482722675,0.6786847109581113,-0.025000000000000022,1.075771737880881,0.9268831802213015,0.15056949425718305,0.04585612481576181,-0.03152699983685899,0.004406232694914931,0.608811528130542,0.49133475612860383,-0.09348133331255332,Staffing & Employment Services,Industrials,PAYX
2008Q2,2008,Q2,2007-12-19,2007-11-30,147112000.0,507793000.0,209476000.0,0.4,345341000.0,0.6800822382348714,5026355000.0,1244411000.0,4229604000.0,3711740000.0,3781944000.0,0.0,815147000.0,14426646000.0,14373720000.0,3.364054888433528,1.1395205483142676,0.0,0.0,0.11413026545900574,3.364054888433528,0.11821817711350993,28.410486162668647,24.516433057806296,11.593152101677017,0.7532288324541846,0.0,0.007680856659267858,0.10102609147185188,0.19379186042125796,0.029268127698899103,167.54129697589073,0.6800822382348714,0.0,1.0041032996834103,0.9211167953642553,0.26493771156110996,-0.007112976726133146,-0.026232003971537316,-0.005280452827321595,0.7318037130975305,0.49518893642009476,-0.013359936441743138,Staffing & Employment Services,Industrials,PAYX
2008Q1,2008,Q1,2007-09-26,2007-08-31,151075000.0,507130000.0,210588000.0,0.4,347815000.0,0.685849782107152,5557937000.0,1644122000.0,4259861000.0,3845490000.0,3913815000.0,0.0,1235588000.0,16907347770.0,16796733770.0,4.320508541831455,1.107755058523101,0.0,0.0,0.08684169010641403,4.320508541831455,0.09188794992099127,33.3392774436535,27.978401075624692,10.283511667625639,0.7611318881350323,0.0,0.006801066705685916,0.09124428722383864,0.18088930149343777,0.027181848228938182,72.73917246749672,0.685849782107152,0.25694137076796053,0.9654350770232458,0.9828676195254298,0.6708723038463145,0.05601367475695731,0.24752270850536748,0.3171463954666567,0.711214982734113,0.46065356953999753,0.3012991553310619,Staffing & Employment Services,Industrials,PAYX
2007Q4,2007,Q4,2007-07-20,2007-05-31,121100000.0,487348000.0,159882000.0,0.31823282239139744,329366000.0,0.6758332854551573,6246519000.0,1952248000.0,4861319000.0,4237470000.0,4294271000.0,0.0,1595105000.0,15373775600.0,15294422600.0,5.130217927728827,1.1472220452298187,0.0,0.0,0.057744008132498234,5.130217927728827,0.06203105343173613,31.545785762945574,31.737769611891,7.874909130397366,0.6626672171758877,0.0,0.005219862842280591,0.07801913353661455,0.19611277483970388,0.019386797670830746,188.82758637630963,0.6758332854551573,-0.03565811396546235,0.742339416927459,0.970780208383962,1.0874142228241612,0.008024630903704429,-0.04344391785150079,-0.07574110900430098,0.9595482090374419,0.4656462249878314,0.6165124631968916,Staffing & Employment Services,Industrials,PAYX
2007Q3,2007,Q3,2007-03-28,2007-02-28,126600000.0,485287000.0,172984000.0,0.33,326744000.0,0.6733005417412788,5771814000.0,1903036000.0,4443641000.0,3811484000.0,3868778000.0,0.0,1554254000.0,15499329250.000002,15418408250.000002,4.9886257290779215,1.165855871361391,0.0,0.0,0.06272037402598991,4.9886257290779215,0.06652527855489859,31.938480218922003,30.606890304107427,8.144527612719886,0.6332701421800948,0.0,0.005172610937341046,0.08407876622496845,0.2230391102258333,0.02193417875212195,66.85038774902849,0.6733005417412788,-0.05714285714285704,0.8578420818766499,0.9643769001425468,1.1150624965762137,0.07451534932666853,-0.04572384785853195,-0.051248299767452064,0.5563518308864251,0.40207339074574544,0.5756513225509676,Staffing & Employment Services,Industrials,PAYX
2007Q2,2007,Q2,2006-12-20,2006-11-30,132666000.0,454955000.0,182328000.0,0.35,304085000.0,0.6683847853084371,5871239000.0,1827607000.0,4586017000.0,3985453000.0,4043632000.0,0.0,1507826000.0,,,,,,,,,,,,,,,,,,,,,,,,,,,,,,,Staffing & Employment Services,Industrials,PAYX
2007Q1,2007,Q1,2006-09-26,2006-08-31,135081000.0,459374000.0,186354000.0,0.35,311290000.0,0.6776395703718538,5864740000.0,1745574000.0,4711249000.0,4064845000.0,4119166000.0,0.0,1455176000.0,,,,,,,,,,,,,,,,,,,,,,,,,,,,,,,Staffing & Employment Services,Industrials,PAYX
