Quarters,Year,Quarter,FillingDate,Date,NetIncome,Revenue,OperatingIncome,EPSDiluted,GrossProfit,GrossProfitRatio,TotalAssets,CommonStockEquity,CurrentAssets,CurrentLiability,TotalLiability,Inventory,RetainedEarnings,MarketCap,EnterpriseValue,bookValuePerShare,currentRatio,debtToAssets,debtToEquity,roic,shareholdersEquityPerShare,roe,priceToSalesRatio,peRatio,pbRatio,payoutRatio,inventoryTurnover,dividendYield,assetTurnover,quickRatio,returnOnAssets,priceToFreeCashFlowsRatio,grossProfitMargin,epsdilutedGrowth,fiveYNetIncomeGrowthPerShare,fiveYRevenueGrowthPerShare,fiveYShareholdersEquityGrowthPerShare,grossProfitGrowth,netIncomeGrowth,operatingIncomeGrowth,threeYNetIncomeGrowthPerShare,threeYRevenueGrowthPerShare,threeYShareholdersEquityGrowthPerShare,Industry,Sector,Symbol
2023Q1,2023,Q1,2023-03-29,2023-03-31,747212000.0,5698369000.0,1302516000.0,1.09,2044646000.0,0.3588124953,56926791000.0,28080745000.0,6403756000.0,6163795000.0,28846046000.0,117296000.0,747212000.0,34843871905.842995,52303344905.842995,41.08321177921578,1.0389307236856515,0.3213938934305993,0.6515469229894008,0.018523307431139537,41.08321177921578,0.0266094079768895,6.1147096486456025,11.657960493756457,1.240845707827303,0.0,31.14959589414814,0.0,0.10009995118115828,0.996948470869002,0.013125840871655668,95.63244309306108,0.35881249529470627,0.15957446808510653,0.2873415616856278,0.5402398930917884,0.5519868361854372,0.023772149477585523,0.16350103548683453,1.7583697758388834,2.1356751921749666,0.4096691886637997,0.33859275869628674,Utilities—Regulated Water,Utilities,SBS
2022Q4,2022,Q4,2022-12-31,2022-12-31,642210000.0,5932191000.0,472205000.0,0.94,1997169000.0,0.3366663346,57207765000.0,27333533000.0,7284664000.0,6657342000.0,29874232000.0,124247000.0,0.0,39070143164.42219,56161329164.42219,39.989960993525905,1.0942300996403669,0.331400309031475,0.6936048479353182,0.0114232446663477,39.989960993525905,0.023495316174458675,6.586123603306466,15.209255214190915,1.429385040141799,0.0,31.67096187433097,0.0,0.103695556014118,1.0599772401658198,0.011225923613691253,28.61786765396033,0.3366663345802588,-0.40506329113924056,0.04831016664631579,0.4762842766235265,0.5607572447606168,-0.10043348500504021,-0.4059441659112353,-0.7355293166176787,-0.39241677554491955,0.26306937694061316,0.26334845380913646,Utilities—Regulated Water,Utilities,SBS
2022Q3,2022,Q3,2022-09-30,2022-09-30,1081060000.0,5987739000.0,1785472000.0,1.58,2220146000.0,0.3707820264,55994109000.0,27355286000.0,7138423000.0,4836659000.0,28638823000.0,120059000.0,2479057000.0,33600922750.94096,50590615750.94096,40.02178643012395,1.4758995827491663,0.3353647613180165,0.6864651680117693,0.02527363960109735,40.02178643012395,0.039519235880041616,5.6116211396223115,7.770364908270808,1.228315534735808,0.0,31.38117925353368,0.0,0.10693515991119709,1.4279474736589866,0.0193066738502795,42.66106681598598,0.3707820264042905,1.5483870967741937,0.2004784950828097,0.6931539046227583,0.5846036246003075,0.28073253083218486,1.5589762769316713,0.9659696384783344,-0.1057194381483381,0.10666963861447348,0.25472125504021836,Utilities—Regulated Water,Utilities,SBS
2022Q2,2022,Q2,2022-06-30,2022-06-30,422458000.0,5265400000.0,908189000.0,0.62,1733497000.0,0.3292241805,53953038000.0,26274226000.0,6209715000.0,4775714000.0,27678812000.0,122879000.0,1397997000.0,29023334756.244995,46106369756.244995,38.56009382998735,1.3002694466209659,0.3285561788012753,0.6746765442300755,0.014785628658786867,38.56009382998735,0.016078799048162257,5.512085455282599,17.175278226619568,1.1046313888083705,0.0,28.742934105909065,0.0,0.09759228016038689,1.2493811396578607,0.00783010587837519,25.621039992518487,0.3292241804991074,-0.5664335664335665,0.2771655158402983,0.5114021819583637,0.6107438054615856,-0.011691535481104947,-0.5669491429865952,0.6955560658590181,-0.06734279227524065,0.32114746672453537,0.2798608869791659,Utilities—Regulated Water,Utilities,SBS
2022Q1,2022,Q1,2022-03-31,2022-03-31,975539000.0,4870390000.0,535629000.0,1.43,1754004000.0,0.3601362519,54094546000.0,25907398000.0,7000002000.0,5214658000.0,28187148000.0,117506000.0,975539000.0,31217500587.53763,48354098587.53763,37.97652285998153,1.3423702954249348,0.32587555129864665,0.6804268803837421,0.008141572710133476,37.97652285998153,0.03765484283678353,6.409651093144005,8.000064730251077,1.2049647204067977,0.0,26.521079774649806,0.0,0.0900347698638602,1.294621814124723,0.018033962240851416,51.32119180494681,0.3601362519223307,0.7228915662650602,0.4493982646111598,0.3711762966709516,0.6129002655346628,0.03174521010143315,0.7192295762634202,-0.3209623151953712,0.5100149894247115,0.2581594563264597,0.2850811996537785,Utilities—Regulated Water,Utilities,SBS
2021Q4,2021,Q4,2021-12-31,2021-12-31,567428000.0,5063808000.0,788806000.0,0.83,1700036000.0,0.3357228394,53165485000.0,24931859000.0,6502998000.0,5092927000.0,28233626000.0,113506000.0,0.0,27945484174.70989,44951391174.709885,36.476223871465415,1.2768684883957693,0.33337109592811953,0.7108910731446059,0.018345722761727874,36.476223871465415,0.022759153258487465,5.518669778694194,12.312348075310828,1.120874467271369,0.0,29.63519109121985,0.0,0.09524615453051918,1.2362541226292856,0.010672864171181736,43.461771061307154,0.33572283941255276,0.2108303670420727,0.0,0.0,0.0,-0.07057011661911185,0.21107888272067377,2.3102741455376603,-0.6236203827462999,0.032916536074985736,0.27517010180419466,Utilities—Regulated Water,Utilities,SBS
2021Q3,2021,Q3,2021-09-30,2021-09-30,468531000.0,5153917000.0,-602016000.0,0.68548,1829117000.0,0.3548984199784358,53076356000.0,24505769000.0,7061474000.0,6137903000.0,28570587000.0,105974000.0,1738441000.0,25960639866.120792,41476271866.12079,35.85283857839951,1.150470119843862,0.3375827082024998,0.7311608952161428,-0.009295168390556026,35.85283857839951,0.01911921229650047,5.037069837585819,13.852146318024205,1.0593685048659685,0.0,31.373733179836563,0.0,0.09710382152082934,1.1152393578067297,0.008827489965588443,20.5983530182832,0.3548984199784358,-0.39391688770999117,-0.18358421724208776,0.375914575262117,0.5785419223364829,0.1935572910005403,-0.3939204607193307,0.0493593610348759,-0.17098658484456145,0.35244977735340705,0.30439687720502506,Utilities—Regulated Water,Utilities,SBS
2021Q2,2021,Q2,2021-06-30,2021-06-30,773052000.0,4595919000.0,-633274000.0,1.131,1532492000.0,0.33344625960553265,50921444000.0,24037238000.0,5661267000.0,5932223000.0,26884206000.0,108866000.0,1269910000.0,25517989852.62612,41756685852.62612,35.167360546186934,0.9543247109894554,0.3238051929556436,0.6859618397088717,-0.010385405500392216,35.167360546186934,0.03216060014881909,5.5523149673930545,8.252352316734877,1.0616024125827652,0.0,28.139428287987066,0.0,0.09025507996199009,0.9115798580060123,0.015181266265740618,16.202947652880454,0.33344625960553265,0.5558796016067793,-0.030694710101516632,0.3365694931396942,0.588557005624217,-0.05945964523798711,0.5558811571917932,-0.20764165533601964,3.250134986089433,0.25151283052360135,0.31912783812055256,Utilities—Regulated Water,Utilities,SBS
2021Q1,2021,Q1,2021-03-31,2021-03-31,496858000.0,4677417000.0,-524389000.0,0.72692,1629374000.0,0.3483490995136846,50906743000.0,23290562000.0,6279873000.0,6203068000.0,27616181000.0,105934000.0,523234000.0,28594800779.0033,44749740779.003296,34.07494618047717,1.0123817762436265,0.33432549397238004,0.7307432942150559,-0.008500464024882134,34.07494618047717,0.021333018928439768,6.113374278796032,14.387813408963577,1.2277419831691179,0.0,28.773037929276718,0.0,0.09188207149689384,0.9668841289503839,0.009760160849418317,74.22247112066017,0.3483490995136846,-0.4024771336942592,-0.20981760177102332,0.5448022056633072,0.6235566884007028,-0.13693839716086656,-0.40247592384141,-1.0868112933862777,-0.1439843840180831,0.2642802002774303,0.28723791606239624,Utilities—Regulated Water,Utilities,SBS
2020Q4,2020,Q4,2020-12-31,2020-12-31,831528000.0,4884165000.0,6040562000.0,1.2165559529031467,1887900000.0,0.386534852938015,50418636000.0,22793704000.0,6440838000.0,5900130000.0,27624932000.0,104848000.0,0.0,30483460895.31685,47345683895.31685,33.348024708623484,1.0916434044673593,0.34230644399027377,0.7571662771438991,0.10962204443423136,33.348024708623484,0.03648060008149619,6.241284005621606,9.164893092991713,1.3373631988603891,0.0,28.57722607965817,0.0,0.09687221605915718,1.0512144647660306,0.01649247314028884,28.38646738982808,0.386534852938015,0.9724309363195088,0.8040264333197368,0.515373531387959,0.6617635725381826,0.26197367629462764,0.9724272728997856,12.849071778293892,0.35734301280122954,0.2154726632933678,0.3015309309970669,Utilities—Regulated Water,Utilities,SBS
2020Q3,2020,Q3,2020-09-30,2020-09-30,421576000.0,4438480000.0,-509792000.0,0.61678,1495990000.0,0.3370500711955444,47786228000.0,21696617000.0,4524996000.0,4217527000.0,26089611000.0,97332000.0,141790000.0,32008377564.644672,47275002564.64467,31.742946201702903,1.0729026749562007,0.3218586535015905,0.7088852146857734,-0.008725205550422258,31.742946201702903,0.019430494625037625,7.211562869415808,18.981380323265956,1.4752704333880564,0.0,30.231475773640735,0.0,0.09288199102050909,1.0424336346868674,0.008822123395050138,31.74385601249257,0.3370500711955444,0.1148103965585801,1.7266764204447391,0.3883332090215761,0.6242755462342687,-0.07291314203982782,0.11480854664692194,-0.2106571801076737,-0.5318549182811032,0.2550696920139674,0.2568151522804275,Utilities—Regulated Water,Utilities,SBS
2020Q2,2020,Q2,2020-06-30,2020-06-30,378160000.0,4432546000.0,-421087000.0,0.55326,1613646000.0,0.36404495294577877,48739402000.0,21275024000.0,5981001000.0,6680810000.0,27464378000.0,84745000.0,-279786000.0,38191721912.40347,51212677912.40347,31.126140184524534,0.8952508752681186,0.33622408826435746,0.7702628678585745,-0.008066572122946461,31.126140184524534,0.01777483306246799,8.616204301636909,25.248388190450783,1.7951435407266036,0.0,33.26331936987433,0.0,0.09094379122665477,0.8782858665341478,0.0077588149317055636,18.46592366911537,0.36404495294577877,1.5747558695200499,0.12109816724264534,0.5702501724648247,0.5264290014709524,-0.0041300025056500555,1.574758414824317,0.31786784597689977,0.13968883589630418,0.2683788354855866,0.3002104639891192,Utilities—Regulated Water,Utilities,SBS
2020Q1,2020,Q1,2020-03-31,2020-03-31,-657946000.0,4042350000.0,-617310000.0,-0.9626,1620338000.0,0.4008406001459547,46967744000.0,20977837000.0,5158498000.0,6950358000.0,25989907000.0,67899000.0,-576973000.0,26474518989.87185,38701520989.87185,30.691344706831146,0.7421916971758865,0.3097949094595644,0.6936066859514639,-0.01152429607529862,30.691344706831146,-0.03136386272807821,6.549289148607085,-10.059533377310542,1.2620232958179554,0.0,35.670805166497296,0.0,0.08606651407399939,0.7131337695123042,-0.014008465043583954,33.70969913451,0.4008406001459547,-1.622471335989994,-3.06785247094822,0.6374778109257901,0.5399292049885002,-0.11928770673397819,-1.6224707684360604,-1.0855799615541057,-1.9756569913488602,0.13586647278244934,0.3034915863618352,Utilities—Regulated Water,Utilities,SBS
2019Q4,2019,Q4,2019-12-31,2019-12-31,1056991000.0,4696647000.0,7213254000.0,1.546416588755941,1839804000.0,0.39172711936834936,46457800000.0,21635783000.0,4896138000.0,6453424000.0,24822017000.0,70454000.0,0.0,41332354069.07682,52323853069.07682,31.65394382915633,0.7586884109892671,0.28509117952206087,0.6121668441581245,0.17950830219972916,31.65394382915633,0.04885383625820244,8.800396127083177,9.775947493658133,1.910370152495836,0.0,40.54905328299316,0.0,0.10109490763660785,0.7437394474623084,0.02275163696946476,35.95108744678039,0.39172711936834936,-0.12563166059451158,32.58281805227928,0.6516463012570719,0.6262039552595926,-0.3929804568374674,-0.12562993233294178,16.271802254803365,0.0,0.0,0.0,Utilities—Regulated Water,Utilities,SBS
2019Q3,2019,Q3,2019-09-30,2019-09-30,1208860000.0,5410593000.0,-472325000.0,1.76861,3030881000.0,0.5601753818851279,45838049000.0,21801883000.0,5120870000.0,4355080000.0,24036166000.0,95189000.0,2310526000.0,33726011892.066654,44759588892.06665,31.896954219398403,1.1758383313280123,0.29815804333207985,0.6268716789279165,-0.008597897653403182,31.896954219398403,0.05544750423621666,6.23333004202435,6.974755532498936,1.5469311477392413,0.0,24.99986342959796,0.0,0.11803715729698705,1.1488202283310525,0.026372413886987207,16.33897419612801,0.5601753818851279,1.660484077199633,12.211373009170963,0.9162401689976671,0.584494663943307,1.113686781302587,1.6604896836313618,0.2497549879995743,1.1064398794204222,0.4444380399434418,0.4043707953574152,Utilities—Regulated Water,Utilities,SBS
2019Q2,2019,Q2,2019-06-30,2019-06-30,454375000.0,3997910000.0,-629561000.0,0.66477,1433931000.0,0.35867015515606904,43984577000.0,20593023000.0,5227461000.0,4450522000.0,23391554000.0,120393000.0,1101666000.0,32437217124.53422,42679599124.534225,30.1283477151959,1.174572555758628,0.29342726201504676,0.6267304222405812,-0.012907176245989296,30.1283477151959,0.022064511849474455,8.113543607668563,17.847162104282926,1.5751556789177685,0.0,21.296744827357074,0.0,0.09089345112947204,1.1419779522491968,0.010330325559343222,59.65289687941913,0.35867015515606904,-0.29803275572591637,0.5024347618442238,0.45157515656428576,0.5066465961877012,-0.06972228511594322,-0.2980359683666234,-0.574906502895596,-0.4302736541686415,0.16265855475653831,0.36093801432721295,Utilities—Regulated Water,Utilities,SBS
2019Q1,2019,Q1,2019-03-31,2019-03-31,647291000.0,3878504000.0,-399745000.0,0.94701,1541401000.0,0.39742153160084404,43313455000.0,20198979000.0,4927761000.0,4874771000.0,23114476000.0,70572000.0,647291000.0,28358131385.802834,38333808385.80283,29.551846895132396,1.010870254212967,0.28122346739598586,0.6030384010993823,-0.007900299704457171,29.551846895132396,0.0320457286479678,7.311615866788544,10.952620763228143,1.4039388518500282,0.0,33.11657597914187,0.0,0.08954501551538661,0.991061118563313,0.014944340043988641,78.44746601806634,0.39742153160084404,-0.5706468154860913,0.35533914310721,0.3891838262420617,0.5064436162231893,-0.36327976388409833,-0.5706443475567248,-1.0617496875017378,0.029424815001534748,0.28094662799445924,0.4080462057684714,Utilities—Regulated Water,Utilities,SBS
2018Q4,2018,Q4,2018-12-31,2018-12-31,1507587000.0,4902411000.0,6473636000.0,2.205666649642195,2420845000.0,0.4938070267874317,43565118000.0,19551688000.0,5602242000.0,5398632000.0,24013430000.0,65596000.0,0.0,21401675142.9132,31525280142.9132,28.604986754203576,1.0377151100501016,0.3019111758173133,0.6727192046026921,0.15233715835578243,28.604986754203576,0.07710776685880012,4.365540780426856,3.5489950402386725,1.094620328583046,0.0,37.831056771754376,0.0,0.11253064894716916,1.0196557201898555,0.03460536936913611,-554.7349700081182,0.4938070267874317,1.6675212849118293,1.5521086352255447,0.5804691008898328,0.5120319016950861,0.6165996212333689,1.6675212858568487,18.439235367486415,2.2707751168787285,0.5210425754642183,0.42541351088721896,Utilities—Regulated Water,Utilities,SBS
2018Q3,2018,Q3,2018-09-30,2018-09-30,565164000.0,3810781000.0,-371211000.0,0.82686,1497492000.0,0.39296196763865465,42246075000.0,18786951000.0,5954364000.0,4484101000.0,23459124000.0,66946000.0,1327481000.0,16083069473.341587,26190784473.341587,27.48614260348629,1.3278835601606653,0.32492883658422705,0.730665023824249,-0.00734415975336097,27.48614260348629,0.030082795233776893,4.220412947724256,7.114337375231609,0.8560766179323929,0.0,34.554551429510354,0.0,0.09020437993352046,1.307374878487349,0.013377905521400509,28.788654053165768,0.39296196763865465,2.1072113035962574,0.1899149497498315,0.37456932466793325,0.5018346519695577,-0.014723627678683045,2.107242998361611,0.17130043041094423,1.974186174668735,0.19199852612605278,0.4064563827019825,Utilities—Regulated Water,Utilities,SBS
2018Q2,2018,Q2,2018-06-30,2018-06-30,181886000.0,3672234000.0,-447944000.0,0.26611,1519870000.0,0.41388157726332253,40970555000.0,18221787000.0,5198520000.0,4254856000.0,22748768000.0,64843000.0,762317000.0,15854173061.561476,26207684061.561478,26.659554540439512,1.2217851790988932,0.32184689711916276,0.7236527350473365,-0.010857303556309013,26.659554540439512,0.009981787186953727,4.317310133711924,21.791359782448176,0.8700668634509598,0.0,33.193467297935015,0.0,0.08963105332598008,1.2033025324476316,0.0044394321726908504,22.317813601078683,0.41388157726332253,-0.6866307893404303,-0.49708961700129217,0.3132657461156739,0.0,-0.025993459499330632,-0.6866363099145291,-1.412786175832034,-0.4607700104119629,0.30092619338248566,0.3073871985276191,Utilities—Regulated Water,Utilities,SBS
2018Q1,2018,Q1,2018-03-31,2018-03-31,580431000.0,3699668000.0,1085172000.0,0.84919,1560431000.0,0.4217759539504626,40685614000.0,18093440000.0,5340677000.0,4968725000.0,22592174000.0,75492000.0,580431000.0,23911953685.237484,33430567685.237484,26.47136613619254,1.0748586407981926,0.30680318601066214,0.6898895953450532,0.022759368391097195,26.47136613619254,0.03207963770294648,6.463270132681496,10.29922320018981,1.3215813955354807,0.0,28.337267525035767,0.0,0.09093307526340882,1.0568347010550996,0.01426624654109927,55.70583776793573,0.4217759539504626,-0.05253670388932691,0.169748269759842,0.39871574522892633,0.5394770637762972,-0.018314697998103858,-0.05253544232511447,-0.7938097631278186,0.8242312857969288,0.4986639597739424,0.3281930198383717,Utilities—Regulated Water,Utilities,SBS
2017Q4,2017,Q4,2017-12-31,2017-12-31,612615000.0,4018329000.0,5262965000.0,0.8962774637138093,1589543000.0,0.3955731350021365,39546444000.0,17513009000.0,4574085000.0,4771880000.0,22033435000.0,85671000.0,0.0,23648712641.67258,33466631641.67258,25.622153046394743,0.9585498797119794,0.3059937829049813,0.6909701239804079,0.17240810833423587,25.622153046394743,0.034980567873858795,5.885210653899315,9.650723799479518,1.3503511955982312,0.0,28.350153494181228,0.0,0.1016103748797237,0.9366522209276008,0.015491026196944535,101.8476235337777,0.3955731350021365,-0.3197135000274691,-0.19962998141118984,0.3435948609210132,0.49484285617645457,0.06743351469251091,-0.3197135004580661,16.358653052052844,18.464045592315863,0.4131044390897041,0.316324021145655,Utilities—Regulated Water,Utilities,SBS
2017Q3,2017,Q3,2017-09-30,2017-09-30,900525000.0,3536444000.0,-342671000.0,1.3175,1489126000.0,0.42108004537891736,38373427000.0,17263187000.0,4113112000.0,3724837000.0,21110240000.0,123238000.0,1906695000.0,22741905497.825302,32528676497.825302,25.25665460358823,1.1042394606797559,0.309791747294293,0.6886197201015085,-0.007585153959542018,25.25665460358823,0.05216446997880519,6.43072688209549,6.3135130889829,1.3173642559641683,0.0,16.612716856813645,0.0,0.09215867011304463,1.0670654850131698,0.023467411445946697,79.20310899379837,0.42108004537891736,1.713976722628489,1.4892520830430833,0.304632243090546,0.5137461120638703,0.1882664428116362,1.7139942376314012,0.3052736362788548,8.84163741863473,0.25248201568284145,0.25463497778439287,Utilities—Regulated Water,Utilities,SBS
2017Q2,2017,Q2,2017-06-30,2017-06-30,331808000.0,3494635000.0,-493246000.0,0.48545,1253192000.0,0.3586045466837023,37136341000.0,16362662000.0,3329030000.0,3814174000.0,20773679000.0,66677000.0,1006170000.0,21490594120.2666,31747800120.2666,23.939309093873753,0.8728049638008124,0.3130305971716492,0.7104474198635894,-0.011977948446302565,23.939309093873753,0.02027836301941579,6.1495962011101595,16.192040366918974,1.3133922903416693,0.0,33.61643445265984,0.0,0.09410283581788524,0.8473016700339313,0.008934859791383325,37.45794006244549,0.3586045466837023,-0.5079665930145345,0.13316993592885149,0.41009260774136136,0.48178269283556135,-0.16309304939398656,-0.5079675307920671,-0.05987794920280201,0.09716132513044302,0.2688514438759803,0.19714758015682474,Utilities—Regulated Water,Utilities,SBS
2017Q1,2017,Q1,2017-03-31,2017-03-31,674362000.0,3558825000.0,-465380000.0,0.98662,1497409000.0,0.4207593798514959,37298458000.0,16093573000.0,3988042000.0,4369417000.0,21204885000.0,64085000.0,674362000.0,22396948592.52003,32154595592.52003,23.54548738783463,0.9127171885860288,0.31479770557806974,0.7295750297339193,-0.010672350302696481,23.54548738783463,0.04190256570122744,6.293354855189572,8.303014031232495,1.3916703638477317,0.0,32.166903331512835,0.0,0.0954148024028232,0.8930157043834452,0.018080157630109,96.48658521279496,0.4207593798514959,0.0,0.37089313763627935,0.3749109076751576,0.4580365535845086,0.0,0.0,0.0,0.41202212795182436,0.27468274634392675,0.20026167204153644,Utilities—Regulated Water,Utilities,SBS
2016Q3,2016,Q3,2016-09-30,2016-09-30,573887000.0,3745807000.0,1063064000.0,0.84,1509067000.0,0.40286832717222215,35290512000.0,15524287000.0,3218731000.0,3887333000.0,19766225000.0,51886000.0,2000207000.0,20629065783.062,31202556783.062,22.712629972685072,0.8280049586696071,0.3397217926450033,0.7722709584021475,0.025005101076449435,22.712629972685072,0.03696704396150367,5.507242039715875,8.986553878665138,1.328825329180142,0.0,43.10873838800447,0.0,0.10614204180432406,0.8099167218244487,0.01626179297143663,288.0229225676389,0.40286832717222215,-0.28205128205128205,7.443972697033862,0.4446941393220406,0.5008796187585128,0.2882175582489214,-0.2804204476064253,0.2664554843275145,0.2082758284073113,0.3511274686146964,0.24101134242148275,Utilities—Regulated Water,Utilities,SBS
2016Q2,2016,Q2,2016-06-30,2016-06-30,797531000.0,3438589000.0,839401000.0,1.17,1171438000.0,0.3406740381010932,34417220000.0,15131473000.0,3212799000.0,3845795000.0,19285747000.0,49757000.0,1426320000.0,19771804694.208,30184187694.208,22.137927957056892,0.8354056833502566,0.34246760778470775,0.7789580697133716,0.02052314186396791,22.137927957056892,0.052706765560761995,5.749976136784013,6.19781697959327,1.3066675461277302,0.0,45.564463291597164,0.0,0.09990896998653581,0.815530468992757,0.023172441004822585,108.16085718932166,0.3406740381010932,0.27182207535274033,0.6627663589856022,0.4685179346277568,0.47259892012509414,0.07811030346983064,0.2683602925623699,2.833141516871477,1.2051226129946129,0.22969208828046733,0.0,Utilities—Regulated Water,Utilities,SBS
2016Q1,2016,Q1,2016-03-31,2016-03-31,628789000.0,3027842000.0,-457903000.0,0.91994,1086566000.0,0.3588582231173225,33973592000.0,14345395000.0,3340819000.0,3959221000.0,19628197000.0,56714000.0,628789000.0,16017568488.00801,26778868488.00801,20.987838874935104,0.8438071529727691,0.3589015845012797,0.84997143682694,-0.010974911451165173,20.987838874935104,0.04383211476574887,5.290093897900885,6.3684194888937355,1.1165651756544877,0.0,34.22922029833904,0.0,0.08912339913895476,0.8227744801313187,0.018508169521786216,50.24914587956573,0.3588582231173225,0.36417570692721246,2.4398870888359725,0.3189209869894525,0.4542268265633608,-0.001195000119500012,0.3641746035189725,-1.1476944464155545,0.2672046200048262,0.14472171001977568,0.22057533411618674,Utilities—Regulated Water,Utilities,SBS
2015Q4,2015,Q4,2015-12-31,2015-12-31,460930000.0,3223084000.0,3100340000.0,0.6743559464727257,1087866000.0,0.33752331617792153,33706614000.0,13716606000.0,3450333000.0,3740316000.0,19990008000.0,64066000.0,0.0,12431036120.386679,23913422120.38668,20.067851564279756,0.9224709890822059,0.3892885829469552,0.9566214849358508,0.08022852609151908,20.067851564279756,0.03360379382479893,3.8568762465969484,6.7423665851575505,0.9062763864753918,0.0,33.32841132582025,0.0,0.09562170795322247,0.8975474264741268,0.013674764246565971,57.803716801143324,0.33752331617792153,1.794509639210535,-0.17158488586085155,-0.16794016548318316,0.4167341906461328,0.16283017274644507,1.7945096389861828,13.430895808440855,-0.39780447097552724,0.07768994915409172,0.17079483895652162,Utilities—Regulated Water,Utilities,SBS
2015Q3,2015,Q3,2015-09-30,2015-09-30,-580144000.0,3196992000.0,-249406000.0,-0.84877,935533000.0,0.2926291338858527,32456526000.0,13357750000.0,2612733000.0,2990989000.0,19098776000.0,56739000.0,75349000.0,10608097455.68,22351726455.68,19.54283328053295,0.8735348073831097,0.3892456635685532,0.9457851808874997,-0.0063955868542308735,19.54283328053295,-0.04343126649323426,3.3181495154445177,-4.571320851236934,0.7941530164645991,0.0,39.857223426567266,0.0,0.09850074527384724,0.8447583725650613,-0.017874494639383155,42.46262321044584,0.2926291338858527,-2.7198986828774063,-2.2897555736656368,0.741618534257549,0.15135694402982214,0.30398233727278684,-2.719887938573737,-0.06930599680159148,-2.6036451535360596,0.17940302579169676,0.17129082855321237,Utilities—Regulated Water,Utilities,SBS
2015Q2,2015,Q2,2015-06-30,2015-06-30,337315000.0,2822852000.0,-233241000.0,0.4935,717443000.0,0.2541553719429853,31120003000.0,13937894000.0,2463266000.0,2892090000.0,17182109000.0,55330000.0,655493000.0,11137347052.24243,21425751052.24243,20.391475892117906,0.8517252229356624,0.35640854533336647,0.795775531080951,-0.004817625989327481,20.391475892117906,0.024201288946522338,3.9454236538941574,8.254411345657939,0.7990695762388802,0.0,38.05185252123622,0.0,0.09070860308079019,0.8256191888910788,0.010839169906249687,-49.77785498519462,0.2541553719429853,0.050000000000000044,0.011030743773807397,0.5950047029615023,0.24981051661869805,0.010534336952296173,0.06014557888980382,-1.205471885604344,0.1519607853144625,0.13901061824203492,0.26218078975580517,Utilities—Regulated Water,Utilities,SBS
2015Q1,2015,Q1,2015-03-31,2015-03-31,318178000.0,2468641000.0,1135148000.0,0.47,709964000.0,0.28759305220969755,31612765000.0,13622581000.0,3370252000.0,3560588000.0,17990184000.0,59877000.0,318178000.0,11719191048.652002,21828247048.652,19.930360829191716,0.9465436607661432,0.3747545334930368,0.8696609695328661,0.09422325515665346,19.930360829191716,0.023356660532978295,4.7472236945963395,9.208046320496704,0.8602768483191254,0.0,29.371494897873976,0.0,0.07809000573028016,0.9235817230187823,0.010064858293793662,-225.87728251357868,0.28759305220969755,9.206773905128042,0.09485339384928289,0.40903719244950476,0.25922051430311605,0.010207885712659542,9.109233017728918,5.141213258963109,-0.3531833179986546,-0.046267868382203425,0.23417256718603946,Utilities—Regulated Water,Utilities,SBS
2014Q4,2014,Q4,2014-12-31,2014-12-31,31474000.0,2843601000.0,184841000.0,0.04604785061064835,702790000.0,0.24714789451825345,30355440000.0,13304403000.0,3215445000.0,3480576000.0,17051037000.0,66487000.0,0.0,11410653157.923843,20473429157.923843,19.4649285698628,0.9238255392210944,0.35531578524310636,0.8106915432432406,-0.005486372837787198,19.4649285698628,0.002365682999830958,4.012747624552054,90.63554964354582,0.8576599158882848,0.0,32.19894114638952,0.0,0.09367681707133878,0.8990488930567814,0.0010368487493510224,-32.08330823777922,0.24714789451825345,-0.6560256173104627,-0.946757077795005,-0.2259256730091904,0.5766192997462348,-0.16094193606926507,-0.6560256172063693,1.53636957184104,-0.9361598772546358,0.048689551186735874,0.26157458758646795,Utilities—Regulated Water,Utilities,SBS
2014Q3,2014,Q3,2014-09-30,2014-09-30,91501000.0,2823532000.0,-344615000.0,0.13387,837594000.0,0.2966476030730305,29760013000.0,13759448000.0,3404656000.0,2630823000.0,16000565000.0,52858000.0,871509000.0,13757205086.691023,22189588086.691025,20.13067948112678,1.2941410349537008,0.3458356352196486,0.7480004285055621,-0.008288734903622363,20.13067948112678,0.006650048751955747,4.8723390018923185,37.587581246901735,0.9998369910399766,0.0,37.5711907374475,0.0,0.09487670586703037,1.2662265762462925,0.003074629033260167,-1707.908763090133,0.2966476030730305,-0.6974415766396963,-0.5325059090860743,0.7333265375659823,0.22088849351542678,-0.09353260751931776,-0.6974393397305751,0.28157013663332486,0.3463188737024004,0.0889924993126717,0.33026103015456,Utilities—Regulated Water,Utilities,SBS
2014Q2,2014,Q2,2014-06-30,2014-06-30,302422000.0,2754153000.0,-479678000.0,0.44246,924020000.0,0.3355006058123859,28983529000.0,13667947000.0,3314589000.0,2452310000.0,15315582000.0,58394000.0,780008000.0,16120428150.900976,24115441150.900978,19.99695734316878,1.3516190856784012,0.33876909882161005,0.7183759199534502,-0.01434453148612333,19.99695734316878,0.022126366161648123,5.853134575639398,13.326104045754752,1.1794330304983607,0.0,31.341113813062986,0.0,0.09502476389262329,1.3194628737802316,0.010434271133787745,-83.3980607408416,0.3355006058123859,-0.3667654172570234,-0.3491548752739673,0.6963173498553091,0.23421306644652454,-0.1699522014205727,-0.3667695451709221,-0.19707617516994919,-0.36947558341012293,0.17622909966959716,0.3301831068589669,Utilities—Regulated Water,Utilities,SBS
2014Q1,2014,Q1,2014-03-31,2014-03-31,477586000.0,2791930000.0,-400708000.0,0.69873,1113213000.0,0.39872525457300145,28790511000.0,13408387000.0,3388070000.0,2967797000.0,15382124000.0,54111000.0,477586000.0,14293461322.126604,21684935322.126602,19.61696181448991,1.14161110075925,0.32559151173107,0.6991106387367847,-0.011151887645282795,19.61696181448991,0.0356184528385107,5.119562926766289,7.48214003453127,1.0660090078043394,0.0,31.023581157250835,0.0,0.09697396478999626,1.0906746654168058,0.016588312725675482,49.46673076793852,0.39872525457300145,-0.1915211362603581,0.8640070178890505,0.6886293571437011,0.24744587162289872,-0.06970993540192039,-0.19152566761183293,-1.4749238797673667,1.6127077846603821,0.21615826427054718,0.359240095957164,Utilities—Regulated Water,Utilities,SBS
2013Q4,2013,Q4,2013-12-31,2013-12-31,590725000.0,3101886000.0,843731000.0,0.8642526494360094,1196630000.0,0.3857749769011498,28274294000.0,12930801000.0,3254087000.0,2972381000.0,15343493000.0,58401000.0,6736389000.0,18283056655.37904,25951129655.37904,18.918242877108298,1.0947745258767299,0.33422846915293447,0.7308189183330561,0.0332305831832061,18.918242877108298,0.04568355819566011,5.894174271839468,7.7375498985903075,1.4139152443362974,0.0,32.62368795054879,0.0,0.10970693025969101,1.0716503032417446,0.020892652527415893,-115.30613868088017,0.3857749769011498,0.24372584068846784,1.7106372381059427,0.6898620372280706,0.35430304442870914,0.058811870500096,0.24372584027421026,3.9617066835158665,0.061694437444321105,-0.1992260823566652,0.3355750327879671,Utilities—Regulated Water,Utilities,SBS
2013Q3,2013,Q3,2013-09-30,2013-09-30,474964000.0,2772359000.0,-284880000.0,0.69489,1130163000.0,0.40765391495113007,27560792000.0,12509395000.0,3129492000.0,2716136000.0,15051397000.0,45747000.0,1332834000.0,15064202067.874561,22320615067.87456,18.30171022318603,1.1521853103084676,0.3296415792405385,0.7262687763876671,-0.008494853056160608,18.30171022318603,0.03796858281315763,5.433712613653052,7.929128348608821,1.2042310653612394,0.0,35.89734846000831,0.0,0.10059068694397462,1.1314867885849604,0.017233321887121386,74.2733842544636,0.40765391495113007,0.3132441319877536,1.0553511432029619,0.6143989511093557,0.19379813321243688,0.06185094326681593,0.31325604350939673,0.18177666592947678,0.055925928849928204,0.5102961259595502,0.07823675567436336,Utilities—Regulated Water,Utilities,SBS
2013Q2,2013,Q2,2013-06-30,2013-06-30,361669000.0,2796278000.0,-348169000.0,0.52914,1064333000.0,0.3806248877972791,,,,,,,,15544448736.952774,,,0.0,0.0,0.0,0.0,,0.0,5.558978305072948,10.744941325461108,0.0,0.0,0.0,0.0,0.0,0.0,0.0,74.2081182452596,0.3806248877972791,-0.27111686594302714,0.004589821459586235,0.718324659537955,0.0,-0.039564076857758285,-0.27112400015316374,-1.472441404315313,0.08404621552571184,0.5800179078668383,0.0,Utilities—Regulated Water,Utilities,SBS
2013Q1,2013,Q1,2013-03-31,2013-03-31,496201000.0,2645043000.0,736957000.0,0.72596,1108177000.0,0.4189636992668928,26999760000.0,11752963000.0,3438300000.0,3390179000.0,15246797000.0,46586000.0,496201000.0,21068741234.79215,27771269234.79215,17.195037691083858,1.0141942357615925,0.32702375872970724,0.7512627241317785,0.022987805957713752,17.195037691083858,0.042219225909245185,7.9653681376038685,10.61502356645399,1.7926323119363305,0.0,32.989868200747004,0.0,0.09796542635934542,0.9971635715990218,0.01837797817462081,112.26064586919094,0.4189636992668928,-0.3517223826122402,0.6337156136794153,0.7174809271987047,0.1650732778418997,-0.06235922827906095,-0.35172038065773725,-0.8129634310751601,0.707432159596921,0.5097229480029325,0.08640001003465024,Utilities—Regulated Water,Utilities,SBS
2012Q4,2012,Q4,2012-12-31,2012-12-31,765412000.0,2990719000.0,3940176000.0,1.1198288827636254,1181878000.0,0.3951818943872694,26675793000.0,11715577000.0,3336865000.0,3797370000.0,14960216000.0,53090000.0,0.0,19474371856.99468,26622513856.99468,17.14036558460179,0.8787305424543829,0.33998314501840676,0.7741249107918458,0.15647116695283592,17.14036558460179,0.06533284702921589,6.51160201175526,6.360748151647307,1.6622631439317652,0.0,34.07121868525146,0.0,0.11211359302420738,0.8476387605105639,0.028693130134875466,-107.15040526990491,0.3951818943872694,1.1128846844596705,9.253435664249857,0.9282268332886833,0.19742128122161814,0.05644237146631818,1.1157771364757134,4.9510824746939255,0.29480445443642045,-0.18587968779050504,0.3883344646447791,Utilities—Regulated Water,Utilities,SBS
2012Q3,2012,Q3,2012-09-30,2012-09-30,361764000.0,2710673000.0,662094000.0,0.53,1118734000.0,0.41271448086877316,25953815000.0,11404241000.0,3169152000.0,3626811000.0,14549574000.0,39754000.0,5076298000.0,18896964814.224,25705386814.224,16.684868355600813,0.8738122830221923,0.3308233490914534,0.7528890348774636,0.021679323440049247,16.684868355600813,0.03172188311348383,6.971318493312915,13.058903604438253,1.657012054920972,0.0,40.044750213814964,0.0,0.10444217930966988,0.8432711271692955,0.013938760062826986,270.58284621873474,0.41271448086877316,0.23716153127917838,-0.056805069919130716,0.8106165345970605,0.1676123170986859,0.23151761466900186,0.23548215237080447,0.03460432003175253,0.8483091244437404,0.6640400596450151,0.011906419267696595,Utilities—Regulated Water,Utilities,SBS
2012Q2,2012,Q2,2012-06-30,2012-06-30,292812000.0,2478285000.0,639949000.0,0.4284,908419000.0,0.3665514660339711,25344935000.0,11042477000.0,3145758000.0,3392246000.0,14302458000.0,33409000.0,4714534000.0,17947156948.50364,24764411948.50364,16.15574888924039,0.9273378168918174,0.338124362915115,0.7760704414417163,0.031031753734701545,16.15574888924039,0.02651687660295783,7.241764748002606,15.323105737216745,1.6252836160314066,0.0,46.989314256637435,0.0,0.09778225905886127,0.8907083979168964,0.011553077567569221,43.51785957266606,0.3665514660339711,-0.40499999999999997,-0.007859587025800434,0.7141002321245983,0.14998411775775944,-0.16115714308139947,-0.40474840063181905,-0.09937880331680186,-0.3698367059890498,0.5264066394074547,-0.002866484378382144,Utilities—Regulated Water,Utilities,SBS
2012Q1,2012,Q1,2012-03-31,2012-03-31,491913000.0,2588397000.0,710564000.0,0.72,1082943000.0,0.41838365598476585,25392325000.0,11037809000.0,3547971000.0,3388392000.0,14354516000.0,41655000.0,0.0,15892665548.928,22168686548.928,16.148763438028524,1.047095790569686,0.3266847364311854,0.7515336603487159,0.02399499780393127,16.148763438028524,0.04456618156737447,6.139964444761758,8.076969682102323,1.4398387894670037,0.0,36.14101548433561,0.0,0.10193619528735554,1.009717293630725,0.019372507243822692,7253.612756242811,0.41838365598476585,-0.0018016526914043087,0.6915420991201071,0.7798971170491557,0.181119074198648,-0.036404130066485386,-0.0022332023025715296,0.10538220533833627,0.9199302145862442,0.5655317697351947,0.02690255876951176,Utilities—Regulated Water,Utilities,SBS
2011Q4,2011,Q4,2011-12-31,2011-12-31,493014000.0,2711582000.0,642822000.0,0.7212995312417704,1123856000.0,0.4144650613553269,25214984000.0,10545896000.0,3725833000.0,3968668000.0,14669088000.0,44611000.0,4217953000.0,11824503852.84,18270809852.84,15.429074714560766,0.9388119641149121,0.34092010528342986,0.8151317820695368,0.031517140215814685,15.429074714560766,0.046749370560832386,4.360739912287366,5.996028435723935,1.1212422209397854,0.0,35.590459752079084,0.0,0.10753851757351898,0.8884837431601736,0.019552421687041324,265.48055349887744,0.4144650613553269,6.2129953124177035,5.766311336046686,0.886549421320676,0.16936802811493912,0.17420840481528924,6.254046259784592,0.01313180664785891,1.593093127412756,0.4772336388315197,0.10452344831306101,Utilities—Regulated Water,Utilities,SBS
2011Q3,2011,Q3,2011-09-30,2011-09-30,67964000.0,2592799000.0,634490000.0,0.1,957118000.0,0.36914469652294685,24548478000.0,10343444000.0,3663433000.0,2956368000.0,14205034000.0,35820000.0,4015501000.0,9650437490.61,16060426490.61,15.132879205510397,1.2391667749075894,0.3534190592182538,0.8387825176991338,0.01834099756870186,15.132879205510397,0.006570732146855535,3.72201527793323,35.498342838156965,0.9330004097871076,0.0,45.66390284757119,0.0,0.10561954187139423,1.1941172411553636,0.0027685626783053516,-1138.6946891575221,0.36914469652294685,-0.8574956571801526,-0.6557757560953194,0.8454369247156754,0.12796938324396964,0.060612575075907005,-0.8583041278273397,-0.02038617001238239,-0.7058930441480661,0.5098412243647752,-0.012900831378003972,Utilities—Regulated Water,Utilities,SBS
2011Q2,2011,Q2,2011-06-30,2011-06-30,479647000.0,2341566000.0,647694000.0,0.701733,902420000.0,0.3853916566947077,23793066000.0,10275480000.0,3445262000.0,2922935000.0,13517586000.0,37062000.0,0.0,10574997303.931458,16514321303.931458,15.03323658228428,1.178699492120078,0.3410179671674092,0.7896334769762581,0.02437302553717046,15.03323658228428,0.04667879262088,4.516207232224698,5.5118646128983695,1.0291487408794,0.0,38.8307700609789,0.0,0.09841379837302179,1.1274342398992794,0.020159108540278078,33.2533490892871,0.3853916566947077,1.6314954606306746,1.7329147785304293,0.7833911984580874,0.15773137671674117,-0.0267949002767275,1.6239899777343771,0.508443589462922,0.3322639829183218,0.43887261374622666,0.0027405849297737392,Utilities—Regulated Water,Utilities,SBS
2011Q1,2011,Q1,2011-03-31,2011-03-31,182793000.0,2295690000.0,429379000.0,0.266667,927266000.0,0.40391603395928893,24117337000.0,9864593000.0,4149616000.0,3675517000.0,14252744000.0,34888000.0,0.0,10814872313.784,16898522313.784,14.432300719230792,1.1289883844912159,0.3517591515182626,0.8599943251586761,0.011296057123866127,14.432300719230792,0.018530212042199814,4.710946301017994,14.79114669842937,1.0963323386767199,0.0,39.223343269892226,0.0,0.095188370092436,1.039951386430807,0.007579319391689057,71.21560054117911,0.40391603395928893,-0.6724119148090303,-0.44424636386829985,0.7021875189359451,0.13110982385982303,-0.07849891081394794,-0.6714701912483353,-0.5798237012942533,-0.3981628117540538,0.4906410037472348,-0.022119741297621877,Utilities—Regulated Water,Utilities,SBS
2010Q4,2010,Q4,2010-12-31,2010-12-31,556397000.0,3873601000.0,1021902000.0,0.8140314378178456,1006256000.0,0.25977275408592676,23350584000.0,9681800000.0,3590121000.0,3506114000.0,13668784000.0,36096000.0,3353857000.0,10011860763.416569,16287296763.416569,14.164867126646651,1.0239601450494764,0.35393611568772754,0.8536238096221777,0.04931131341756724,14.164867126646651,0.0574683426635543,2.5846391415679024,4.498523879269913,1.0340908470962598,0.0,79.43664117907801,0.0,0.16588882744859829,0.9146719131209082,0.023827969356141156,37.71499679205822,0.25977275408592676,0.23696629445323433,0.5589705726978133,0.5095911420055347,0.14137874610317555,-0.005856642665760375,0.23696829973744296,0.4863812889994327,6.45347713817085,1.4974534182762997,-0.010446232351043177,Utilities—Regulated Water,Utilities,SBS
2010Q3,2010,Q3,2010-09-30,2010-09-30,449807000.0,1835635000.0,687510000.0,0.658087,1012184000.0,0.5514080958360459,23539694000.0,11601687000.0,3422671000.0,3140001000.0,11938007000.0,29994000.0,1109866000.0,8710842624.036,15003593624.036,16.97373988307379,1.0900222643241197,0.32540533449585196,0.66024380764625,0.02335249007236096,16.97373988307379,0.038770827035757814,4.745411056139156,4.84143345036649,0.7508255156371655,0.0,27.453857438154298,0.0,0.07798041045053516,0.8365299883662457,0.01910844720411404,720.3210637588687,0.5514080958360459,0.34821569418807363,1.353262411209712,0.5014892419415815,0.37291407488654293,0.023917065655344592,0.3482170421813321,0.3988166691760225,0.1727415716181975,0.22612763785416948,0.18782763713286152,Utilities—Regulated Water,Utilities,SBS
2010Q2,2010,Q2,2010-06-30,2010-06-30,333631000.0,1769788000.0,491494000.0,0.488117,988541000.0,0.5585646416406936,22879326000.0,11151880000.0,3139112000.0,3227786000.0,11727446000.0,31101000.0,680889000.0,8427417829.740001,14812468829.740002,16.31565394991719,0.9725279185175225,0.3248526639289986,0.6664714828351812,0.017952313486283306,16.31565394991719,0.029917018475808563,4.761823353836731,6.314924145043476,0.7556948092823812,0.0,25.119674608533487,0.0,0.07735315279829484,0.7255378764267519,0.014582204038702888,-31.017135794878214,0.5585646416406936,0.14803246647866652,-0.011749720903368073,0.4293797992917715,0.32960986653045404,-0.03978346728211225,0.14802898710307902,0.04294259820013284,0.1304372852262845,0.22405806170728113,0.16136633726290922,Utilities—Regulated Water,Utilities,SBS
2010Q1,2010,Q1,2010-03-31,2010-03-31,290612000.0,1752003000.0,471257000.0,0.425177,1029498000.0,0.5876120075136858,21997035000.0,10818249000.0,2622932000.0,3094700000.0,11178786000.0,34706000.0,329649000.0,7395009351.697297,13108358351.697296,15.827538229252621,0.8475561443758685,0.29848895544331316,0.6069255754789893,0.01671709487065811,15.827538229252621,0.02686312729536915,4.2208885211368345,6.361582928180268,0.683568047999015,0.0,20.817870108914885,0.0,0.07964723427498296,0.7110424273758361,0.013211416902323426,42.10130119157233,0.5876120075136858,-0.5083882171664628,0.9262766738988653,0.5171319723890507,0.34556750758767785,0.015613547196279661,-0.508388015718754,-0.3897168328166238,-0.000672003973278544,0.20475533264853576,0.1576246919411678,Utilities—Regulated Water,Utilities,SBS
2009Q4,2009,Q4,2009-12-31,2009-12-31,591141000.0,3673559000.0,772194000.0,0.8648633227409189,1013671000.0,0.275937040891408,20243124000.0,8438584000.0,2271123000.0,3081130000.0,11804540000.0,39877000.0,2110641000.0,7767630974.88,13554592974.880001,12.345991561181435,0.7371071652283415,0.3239603729147734,0.7771410464125261,0.039933845262134365,12.345991561181435,0.070052155669719,2.1144701840585656,3.285016169949301,0.92048985645933,0.0,66.70230960202623,0.0,0.18147194079332815,0.6782388279624683,0.029202063871169293,-44.358833497307394,0.275937040891408,2.020227627545054,1.5163021209542422,2.1156480905751804,0.06124512487317007,0.16933659561852488,2.0202322622836912,1.5270691725927696,7.113043543392226,1.5558329438819705,-0.0642985354528173,Utilities—Regulated Water,Utilities,SBS
2009Q3,2009,Q3,2009-09-30,2009-09-30,195727000.0,1628971000.0,305569000.0,0.286357,866877000.0,0.5321623282427986,21039782000.0,11270055000.0,2082714000.0,3539524000.0,9769727000.0,37104000.0,2756466000.0,7686466741.78346,13374315741.783459,16.488548780701908,0.5884164085340289,0.2886968125430197,0.5389608125248724,0.011284885131161916,16.488548780701908,0.017366995990702797,4.718602566763595,9.817841613297423,0.6820256637419657,0.0,20.53940275981026,0.0,0.07742337824602935,0.47254348324802997,0.009302710455840274,-193.02061026024458,0.5321623282427986,-0.5787771228687467,-0.17026287109335686,0.49656569908728687,0.4394999811805135,0.09241752148599945,-0.5787782596063831,-0.5246133980522107,-0.008681381514751611,0.15942779702206705,0.22901781915922934,Utilities—Regulated Water,Utilities,SBS
2009Q2,2009,Q2,2009-06-30,2009-06-30,464665000.0,1623623000.0,642780000.0,0.679823,793540000.0,0.48874646392666277,20826892000.0,11074328000.0,2181153000.0,3325041000.0,9752564000.0,39146000.0,2539061000.0,6705711082.2994995,12482034082.2995,16.20219222013495,0.6559777759131391,0.3104268750229271,0.583803098481461,0.026492405309028653,16.20219222013495,0.04195875361466628,4.130091211013578,3.6078201942794808,0.6055185544711607,0.0,21.204797425024267,0.0,0.07795800736855024,0.5833786711201456,0.02231081814799827,-57.4192840030783,0.48874646392666277,0.8135867680405493,7.337901098680915,0.5632281554360863,0.4612390355272722,-0.030112066215501047,0.813581615368403,0.607854418110187,1.647587622398039,0.23660624228123678,0.24775434765331744,Utilities—Regulated Water,Utilities,SBS
2009Q1,2009,Q1,2009-03-31,2009-03-31,256214000.0,1653366000.0,399775000.0,0.37485,818177000.0,0.49485534358393723,20762026000.0,10748643000.0,2332983000.0,3036288000.0,10013383000.0,42228000.0,2189350000.0,5610967909.482348,11483958909.48235,15.725701820607805,0.7683668347666625,0.3214765745886264,0.6209625717404513,0.014705379303441606,15.725701820607805,0.02383686945412551,3.393663538189577,5.474884188102863,0.5220163986730556,0.0,19.77808563038742,0.0,0.07963413589791285,0.6947509590658066,0.01234051050701892,13.304802678243757,0.49485534358393723,1.3082227967456594,1.2115076553323056,0.515634910392756,0.39993395180676117,-0.13793256045020108,1.3082240312586089,2.639409808368156,-0.22102125284968557,0.22592291181868976,0.23247818642513876,Utilities—Regulated Water,Utilities,SBS
2008Q4,2008,Q4,2008-12-31,2008-12-31,-831259000.0,1835581000.0,-243853000.0,-1.216165721542396,949087000.0,0.5170499149860452,20113911000.0,9547915000.0,2238412000.0,3016919000.0,10565996000.0,47678000.0,966960000.0,6409486908.72,12648862908.720001,13.968987926988419,0.7419529659231819,0.3413114436073621,0.719016455425085,-0.014759013420586699,13.968987926988419,-0.08706183496606328,3.491802818137691,-1.9276443649692816,0.6712970223048698,0.0,18.593355425982633,0.0,0.09125927821794579,0.6530748753944007,-0.04132756677704301,115.81805368027322,0.5170499149860452,-4.597197530642692,-3.7906633924244524,0.6524191265595766,0.26012760027361964,0.07260254620865801,-4.597184597941892,-1.4980769584283962,-3.3291073087924836,-0.28465094416444503,0.12559516315144933,Utilities—Regulated Water,Utilities,SBS
2008Q3,2008,Q3,2008-09-30,2008-09-30,231086000.0,1717266000.0,489589000.0,0.338087,884845000.0,0.5152637972218631,19537510000.0,10478627000.0,2004278000.0,2827042000.0,9058883000.0,40164000.0,1875668000.0,6207243726.599999,11868843726.599998,15.330657431953979,0.708966474498787,0.3140882845357469,0.5856209024331146,0.01869465620416888,15.330657431953979,0.022053080045696827,3.614608177533358,6.7152961739352435,0.5923718562174223,0.0,20.725550243999603,0.0,0.0878958475261177,0.6355788134735882,0.011827812244241974,24.923184543976227,0.5152637972218631,-0.358131313802511,6.966925087405325,0.6586498932983008,0.36939679986392837,0.09157244807954454,-0.3581283210052803,0.062340108362861524,0.20897628884567715,0.40466728110547684,0.24001401639142225,Utilities—Regulated Water,Utilities,SBS
2008Q2,2008,Q2,2008-06-30,2008-06-30,360019000.0,1627339000.0,460859000.0,0.526723,810615000.0,0.49812300940369525,18702069000.0,10247254000.0,1784196000.0,2351353000.0,8454815000.0,42266000.0,1622890000.0,9272419766.567076,14721064766.567076,14.992149323782604,0.7587954679709937,0.3102023631716897,0.5661444519673271,0.022442382483641322,14.992149323782604,0.03513321715261474,5.697902997818571,6.438840565752832,0.9048687352306359,0.0,19.323427814318837,0.0,0.08701384857472187,0.6896548497822318,0.01925022306355516,51.05114665290467,0.49812300940369525,0.18809788578788422,0.08718265495724434,0.6894513564340903,0.3555661864304289,-0.07391730529317413,0.18534529590912832,-0.004062765403391544,0.06641432369920756,0.31433001760644325,0.221753643622749,Utilities—Regulated Water,Utilities,SBS
2008Q1,2008,Q1,2008-03-31,2008-03-31,303725000.0,1540069000.0,462739000.0,0.443333,875316000.0,0.5683615474371603,18590181000.0,10087731000.0,1934502000.0,2270102000.0,8502450000.0,45436000.0,3916234000.0,8784448406.809278,14095843406.809278,14.758760687512071,0.8521652331040631,0.3061626995455289,0.5642121107313428,0.01880302788695722,14.758760687512071,0.030108356378654427,5.703931711377399,7.230593799332685,0.8708051797583896,0.0,14.630535258385422,0.0,0.08284314176392366,0.7895284000454605,0.016337925919064477,18.044958919841825,0.5683615474371603,3.0592687537408243,0.7698507886276801,0.5525364765005986,0.36923847173457786,0.021622758738595687,3.068690779768657,2.491854334560121,1.01319416534738,0.333609542669295,0.25470610436910385,Utilities—Regulated Water,Utilities,SBS
2007Q4,2007,Q4,2007-12-31,2007-12-31,74649320.0,1551020320.0,132519560.0,0.10921499089988705,856789840.0,0.5524040071892804,18663376000.0,9784006000.0,2224517000.0,2454737000.0,8879370000.0,53141000.0,0.0,9462381823.145437,15074783823.145437,14.314398661025182,0.9062139854493577,0.30461986084404025,0.5810743574768863,0.006126832675900446,14.314398661025182,0.007629729581114321,6.100746522228308,31.689444134070605,0.9671275572751526,0.0,13.063933309497376,0.0,0.08310502451432153,0.8232254616278648,0.003999775817622706,51.188562263950494,0.5524040071892804,-0.8053690958926628,-0.6630091655119039,0.5741804818224219,0.3501743468135408,0.030759538271997282,-0.8053735027311052,-0.7123385882437522,-0.6822412212250683,0.315463695683479,0.23044679880295613,Utilities—Regulated Water,Utilities,SBS
2007Q3,2007,Q3,2007-09-30,2007-09-30,383551680.0,1497099440.0,460678960.0,0.561139,831221840.0,0.5552215289052543,18403109600.0,9767146880.0,2131763280.0,2227494800.0,8635962720.0,40038400.0,770273680.0,10678891628.809824,15980457868.809824,14.28973308286077,0.9570227863158199,0.3123742087587198,0.5885707331555968,0.024984328067754597,14.28973308286077,0.039269572241755826,7.1330543205665915,6.960529822741112,1.0933481148601119,0.0,16.630974264705884,0.0,0.08135035179054739,0.9285780958949937,0.02084167775645916,25.334625854761263,0.5552215289052543,0.2997000544302773,1.5843372302257808,0.5711270502108509,0.0,0.079952746500767,0.2995828321804046,-0.0019257538110986098,0.6259742894466249,0.37541286494774045,0.247536746710403,Utilities—Regulated Water,Utilities,SBS
2007Q2,2007,Q2,2007-06-30,2007-06-30,295134462.0,1445836644.0,461567826.0,0.431745,769683528.0,0.5323447370033596,18188061588.0,9602379234.0,2099946690.0,2123025948.0,8585682354.0,39820050.0,631144422.0,9679454325.320673,15230488707.320673,14.048671316209905,0.9891290739890665,0.3332755507051563,0.6312639913800764,0.018888217161723106,14.048671316209905,0.03073555572091874,6.694708123140274,8.199190175663622,1.008026666042075,0.0,16.980217654171707,0.0,0.07949371828353191,0.9628013477299242,0.016226823324302017,26.73425003538807,0.5323447370033596,0.015165943639121108,1.8939928943133675,0.5145977228920933,0.0,-0.04395246661965053,0.014876650146844203,0.017643234847351606,5.02555180822399,0.3920550214317123,0.26701786064646693,Utilities—Regulated Water,Utilities,SBS
2007Q1,2007,Q1,2007-03-31,2007-03-31,290808210.0,1454243604.0,453565464.0,0.425295,805068264.0,0.5535993156755875,18134287248.0,9345237990.0,2151377184.0,2038343868.0,8789049258.0,41619732.0,3151899828.0,7910311202.346847,13610479478.346848,13.672426253030373,1.0554535070232811,0.339174581712791,0.6581629380205865,0.018808409152327697,13.672426253030373,0.031118331102020443,5.439467762202272,6.800281878516125,0.8464536923309373,0.0,15.597777996263888,0.0,0.08019303897154194,1.0107191109130367,0.01603637386035521,21.643922650922065,0.5535993156755875,2.9895747259253582,1.6108932785670402,0.6198764880139399,0.0,0.07265027893191009,2.9911515045962482,-0.3706997250951322,1.5101003217536797,0.33309649238230954,0.21714718576875136,Utilities—Regulated Water,Utilities,SBS
2016Q4,2016,Q4,2016-12-31,2016-12-31,,,,,,,36745034000.0,15419211000.0,3823635000.0,4302508000.0,21325823000.0,58002000.0,0.0,0.0,10077922000.0,0.0,0.8886991029418191,0.32559890950162135,0.7759244620233811,,0.0,,0.0,0.0,0.0,0.0,,,,0.8696218577629605,,0.0,0.0,0.0,-1.0,-1.0,-1.0,0.0,0.0,0.0,-1.0,-1.0,-1.0,Utilities—Regulated Water,Utilities,SBS
