Quarters,Year,Quarter,FillingDate,Date,NetIncome,Revenue,OperatingIncome,EPSDiluted,GrossProfit,GrossProfitRatio,TotalAssets,CommonStockEquity,CurrentAssets,CurrentLiability,TotalLiability,Inventory,RetainedEarnings,MarketCap,EnterpriseValue,bookValuePerShare,currentRatio,debtToAssets,debtToEquity,roic,shareholdersEquityPerShare,roe,priceToSalesRatio,peRatio,pbRatio,payoutRatio,inventoryTurnover,dividendYield,assetTurnover,quickRatio,returnOnAssets,priceToFreeCashFlowsRatio,grossProfitMargin,epsdilutedGrowth,fiveYNetIncomeGrowthPerShare,fiveYRevenueGrowthPerShare,fiveYShareholdersEquityGrowthPerShare,grossProfitGrowth,netIncomeGrowth,operatingIncomeGrowth,threeYNetIncomeGrowthPerShare,threeYRevenueGrowthPerShare,threeYShareholdersEquityGrowthPerShare,Industry,Sector,Symbol
2023Q1,2023,Q1,2023-05-02,2023-03-31,8562000.0,241398000.0,1433000.0,0.22,151072000.0,0.6258212578,1395298000.0,1024469000.0,786490000.0,146328000.0,370829000.0,344042000.0,52466000.0,10642151651.98,10780983651.98,26.828152327342586,5.374842818872669,0.16736209755908774,0.22794247556539046,0.0009507777827503962,26.828152327342586,0.00835750032455838,44.085500509449126,310.73790154111185,10.387968451929732,0.0,0.26254352666244235,0.0,0.17300820326553898,2.7777390519927834,0.006136323566721948,1152.3715919848403,0.6258212578397501,1.2,0.3820536241856003,1.0833397950035906,1.1884393734442646,0.09134778619777933,1.2084085633221564,1.8911691542288558,4.513818794330072,0.613108353561126,0.922833151228617,Medical Devices,Healthcare,PEN
2022Q4,2022,Q4,2023-02-23,2022-12-31,3877000.0,221216000.0,-1608000.0,0.1,138427000.0,0.6257549183,1370886000.0,998858000.0,755699000.0,144932000.0,372028000.0,334006000.0,43904000.0,8460230326.240001,8626145326.240002,26.26476373708321,5.214162503794883,0.17198585440364844,0.23604256060421,-0.0005948089284369654,26.26476373708321,0.00388143259602466,38.244206233907136,545.5397424709828,8.469902955415083,0.0,0.24786680478793793,0.0,0.16136717422163477,2.700673419258687,0.002828098032950953,-3802.350708422472,0.6257549182699262,2.669449081803005,-0.6228055947664386,1.0352295519951975,1.204447508093301,0.022907475965624008,2.7071774548656977,-1.2959146117040854,-0.6322129511779485,0.39971982263204386,0.8894856178216236,Medical Devices,Healthcare,PEN
2022Q3,2022,Q3,2022-11-03,2022-09-30,-2271000.0,213678000.0,5434000.0,-0.0599,135327000.0,0.6333221015,1321601000.0,973752000.0,723625000.0,138332000.0,347849000.0,320304000.0,40027000.0,7189338499.2,7352011499.2,25.680162259788453,5.231074516380881,0.1645859832127851,0.22338028574010632,-0.0028862440177178407,25.680162259788453,-0.0023322160057180886,33.64566543677871,-791.4287207397622,7.3831309195770585,0.0,0.24461449123332835,0.0,0.1616811730620664,2.6995416823294685,-0.001718370370482468,-373.3363711481539,0.6333221014797967,0.3862704918032787,-9.416754960191453,1.2461844674976832,1.2377506407942669,0.009639273324131756,0.3840520748576078,40.093525179856115,-1.1817163181277899,0.40738051957570104,0.914498375439871,Medical Devices,Healthcare,PEN
2022Q2,2022,Q2,2022-08-05,2022-06-30,-3687000.0,208344000.0,-139000.0,-0.0976,134035000.0,0.6433350612,1327900000.0,970015000.0,717961000.0,145604000.0,357885000.0,295883000.0,42298000.0,4702811465.88,4864489465.88,25.683842245502014,4.9309153594681465,0.16560885608856088,0.22670989623871796,-0.0003114924765489139,25.683842245502014,-0.0038009721499152075,22.57233933245018,-318.8779133360456,4.848184271253538,0.0,0.2511431883548565,0.0,0.15689735672866933,2.6905716875910004,-0.002776564500338881,-106.86750592828251,0.6433350612448643,-49.800000000000004,-1.0815178972266928,1.2739436389375915,1.2875452803771401,0.051931438258330846,-47.67088607594937,0.9656450815620365,-1.2041822018184714,0.42614609724252284,0.9623403211723616,Medical Devices,Healthcare,PEN
2022Q1,2022,Q1,2022-05-03,2022-03-31,79000.0,203895000.0,-4046000.0,0.002,127418000.0,0.6249196891,1301573000.0,959302000.0,690326000.0,130099000.0,342271000.0,274349000.0,45985000.0,8362333079.86,8513159079.86,25.482093480969965,5.306159155719875,0.16824949503408568,0.22827951990092796,4.481865932450246e-05,25.482093480969965,8.235154310112978e-05,41.01293842350229,26463.079366645572,8.717101684203723,0.0,0.27875807821424536,0.0,0.15665275785530278,2.9497382762357898,6.069578886470448e-05,-882.9408805680498,0.6249196890556414,1.003030303030303,1.021357734499772,1.33855676643355,1.1568842844110379,0.015711814551165035,1.0032070799334227,0.90120623138155,-0.9932311487910781,0.4551244239044095,1.0134034356353823,Medical Devices,Healthcare,PEN
2021Q4,2021,Q4,2022-02-22,2021-12-31,-24633000.0,204011000.0,-40954000.0,-0.66,125447000.0,0.614903118,1244250000.0,953927000.0,681474000.0,123197000.0,290323000.0,263504000.0,45906000.0,10760462981.4,10874631981.4,25.471237261237274,5.531579502747632,0.13948000803697005,0.18193006383088015,-0.018933562281373963,25.471237261237274,-0.025822730670166584,52.74452348843935,-109.2078003227378,11.280174459261557,0.0,0.2981510717104864,0.0,0.16396302993771347,3.1560427607815127,-0.01979746835443038,-619.7709354567446,0.6149031179691291,-3.7500000000000004,-2.3654231002963098,1.313358070219875,1.9667277839975466,0.04615884982320368,-3.7833898305084745,-5.663933492768478,-4.395697867005733,0.5503600434744693,1.0738460712634483,Medical Devices,Healthcare,PEN
2021Q3,2021,Q3,2021-11-03,2021-09-30,8850000.0,190117000.0,8781000.0,0.24,119912000.0,0.6307273941835817,973241000.0,690939000.0,667987000.0,116059000.0,288638000.0,258316000.0,70539000.0,9758686606.5,9866498606.5,18.868855095454386,5.7555812130037305,0.17888888774722808,0.25197882881122646,0.008720613928057975,18.868855095454386,0.012808656046336941,51.32990004313133,275.6691131779661,14.123803413181193,0.0,0.27177952585205717,0.0,0.19534421587253312,3.3345195116277067,0.009093328373958763,318.41185742952234,0.6307273941835817,-0.040000000000000036,7.687713017842421,1.364967558728432,1.2748102727616766,0.010329777732841279,-0.04127396815079623,-0.1484678044996121,1.4372601015086168,0.5903878046441265,0.5784066734445347,Medical Devices,Healthcare,PEN
2021Q2,2021,Q2,2021-08-09,2021-06-30,9231000.0,184258000.0,10312000.0,0.25,118686000.0,0.644129427216186,910218000.0,678928000.0,653112000.0,108046000.0,236842000.0,254977000.0,61689000.0,10009496394.66,10056185394.66,18.58904787450301,6.044758713881125,0.14168693653608255,0.18995534136167605,0.008952948483111121,18.58904787450301,0.013596434378903212,54.32326626067796,271.08375026161843,14.743089686476328,0.0,0.2571682936107963,0.0,0.20243282378507127,3.4763804305573553,0.010141526535401409,-1515.4423004784255,0.644129427216186,-0.21875000000000003,40.27297769291478,1.3409606803826526,1.2681806768507395,0.06600680815901273,-0.2200912470429199,-0.2340488746936047,-0.35643254228972165,0.5678306259119436,0.4895853107315459,Medical Devices,Healthcare,PEN
2021Q1,2021,Q1,2021-05-04,2021-03-31,11836000.0,169204000.0,13463000.0,0.32,111337000.0,0.6580045388997896,840824000.0,655091000.0,635127000.0,111862000.0,190353000.0,245321000.0,52458000.0,9864186552.96,9885338552.96,17.969502282660123,5.677772612683485,0.0913199432937214,0.11721119661237904,0.014590684212500118,17.969502282660123,0.018067718836009043,58.29759670551523,208.35135503886445,15.057734807774796,0.0,0.23588278215073313,0.0,0.20123593046820737,3.298921885895121,0.014076667649829216,-537.2943271942916,0.6580045388997896,2.1999999999999997,11.48306758313154,1.4032587855462457,1.2638521696212144,0.18050533860655477,2.244517543859649,8.715186246418337,1.001230440612421,0.5296058671112385,0.46581716984254523,Medical Devices,Healthcare,PEN
2020Q4,2020,Q4,2021-02-23,2020-12-31,3648000.0,166898000.0,-1745000.0,0.1,94313000.0,0.5650936500137809,822983000.0,641498000.0,617702000.0,105932000.0,185195000.0,219527000.0,40622000.0,6362561625.0,6370168625.0,17.644174880585144,5.831118075746706,0.0938986589030393,0.12046335296446754,0.011290650868887274,17.644174880585144,0.005686689592173319,38.12245578137545,436.0308131167763,9.918287547272167,0.0,0.3306426999867898,0.0,0.20279641256259243,3.5819204772873166,0.004432655352540696,-1090.2264607607951,0.5650936500137809,1.4166666666666665,0.836598912266891,1.521565162182991,1.268176960811352,0.03728429550278807,1.413840045377198,0.913433872407977,-0.6287550354010518,0.6061433281228371,0.4809064241819762,Medical Devices,Healthcare,PEN
2020Q3,2020,Q3,2020-11-02,2020-09-30,-8815000.0,151076000.0,-20158000.0,-0.24,90923000.0,0.6018361619317429,810303000.0,622406000.0,590199000.0,108055000.0,190591000.0,191547000.0,36974000.0,7038055836.08,7036149836.08,17.189871904651483,5.462023969274906,0.09651821602536335,0.12565592234008027,-0.012955080006857073,17.189871904651483,-0.01416278120712204,46.58619394265138,-199.60453307090188,11.307821319331754,0.0,0.31403780795313946,0.0,0.18644383644142992,3.531007357364305,-0.010878646629717525,-913.6772473166299,0.6018361619317429,0.2941176470588236,-3.1221318437848278,-0.3500171042521126,-0.4094028055745286,0.40032342522716774,0.2629598662207358,-0.1421610289534818,-35.2136442273355,0.6631466918248634,0.49791292129172476,Medical Devices,Healthcare,PEN
2020Q2,2020,Q2,2020-08-03,2020-06-30,-11960000.0,105109000.0,-17649000.0,-0.34,64930000.0,0.61773967976101,780200000.0,624794000.0,575895000.0,77612000.0,157039000.0,183442000.0,45789000.0,6330324920.44,6273532920.44,17.64927779919302,7.420179869092409,0.09944757754421943,0.1241833308258402,-0.017141539272444304,17.64927779919302,-0.019142309305146977,60.22628814316566,-132.32284532692307,10.131859333540334,0.0,0.2190283577370504,0.0,0.13472058446552165,4.843426274287482,-0.015329402717251986,-222.8359941016615,0.61773967976101,-9.5,-2.774212610655348,1.0938987817604602,4.24699499404471,-0.2622345441943438,-9.39298245614035,-29.932786885245903,-6.203552678372071,0.22390341783559345,0.571942458830497,Medical Devices,Healthcare,PEN
2020Q1,2020,Q1,2020-05-07,2020-03-31,1425000.0,137329000.0,610000.0,0.04,88009000.0,0.640862454397833,664240000.0,488933000.0,453740000.0,88074000.0,176123000.0,166152000.0,57749000.0,5653472992.96,5660811992.96,13.95240783642638,5.151804164679701,0.0,0.0,-0.0012767308810823328,13.95240783642638,0.002914509759005835,41.16736445295604,991.8373671859649,11.562878744040596,0.0,0.296836631518128,0.0,0.20674605564253884,3.0904126075799896,0.002145308924485126,-352.2193628409445,0.640862454397833,-0.8518518518518519,-0.6016318659126599,1.4659798782518294,0.0,-0.1031204141529431,-0.8529259985550625,-0.9423385953303715,1.4138691106277166,0.6920907659346354,0.1809755432596413,Medical Devices,Healthcare,PEN
2019Q4,2019,Q4,2020-02-26,2019-12-31,9689000.0,145263000.0,10579000.0,0.27,98128000.0,0.6755195748401176,665901000.0,485892000.0,463134000.0,91048000.0,180288000.0,152992000.0,57522000.0,5742064913.610001,5751582913.610001,13.900483543962455,5.086701520077322,0.0,0.0,0.014739424812914558,13.900483543962455,0.019940645246268717,39.52875070465294,148.15937954407062,11.817574509582377,0.0,0.3080880046015478,0.0,0.21814503957795528,3.2432343379316406,0.014550210917238448,-1784.9129355331056,0.6755195748401176,-0.15624999999999997,15.331760596210682,1.8771488033271817,28.543392363953256,0.022187962249213527,-0.15623095010014804,-0.18472564734895192,-0.42458105778123395,0.7648164507690585,0.6190399515312316,Medical Devices,Healthcare,PEN
2019Q3,2019,Q3,2019-11-07,2019-09-30,11483000.0,139502000.0,12976000.0,0.32,95998000.0,0.6881478401743344,614170000.0,467332000.0,451334000.0,86167000.0,147229000.0,140359000.0,47833000.0,4685681361.3,4623542361.3,13.413520005671582,5.237898499425534,0.0,0.0,0.02130724726292954,13.413520005671582,0.024571396780019343,33.58863214362518,102.01344076678568,10.026450919902768,0.0,0.3099480617559259,0.0,0.22713906573098652,3.438358072115775,0.018696777765113894,331.54187796646147,0.6881478401743344,-0.30434782608695654,45.96792565285349,2.0231024574378615,0.0,0.022038156886125544,-0.30775259223535084,0.013670806968205608,10.120131952516655,0.8238791909151892,0.6171205379677108,Medical Devices,Healthcare,PEN
2019Q2,2019,Q2,2019-08-06,2019-06-30,16588000.0,134201000.0,12801000.0,0.46,93928000.0,0.6999053658318493,585109000.0,454091000.0,434604000.0,69761000.0,130926000.0,132735000.0,36350000.0,5567382767.16,5540009767.16,13.08837308615139,6.229899227361993,0.0,0.0,0.03054036204833834,13.08837308615139,0.03653012281679223,41.485404484020236,83.90678151615626,12.26050013578776,0.0,0.30340904810336383,0.0,0.22936068322312594,4.103553561445507,0.02835027319695988,-3022.466214527687,0.6999053658318493,0.5333333333333334,6.34123752589756,1.7278734260711364,2.891072985794686,0.11938982242879276,0.5505702000373902,0.14786585365853658,77.0765157724234,0.794869444118488,0.5970045978600483,Medical Devices,Healthcare,PEN
2019Q1,2019,Q1,2019-05-07,2019-03-31,10698000.0,128439000.0,11152000.0,0.3,83910000.0,0.6533062387592554,568789000.0,436732000.0,423086000.0,69412000.0,132126000.0,121691000.0,19762000.0,4956280482.7699995,4910432482.7699995,12.65622826998327,6.095286117674178,0.0,0.0,0.02012269032130007,12.65622826998327,0.024495571654927963,38.58859445160737,115.82259494227893,11.348562694673163,0.0,0.3659185971024973,0.0,0.22581132898139733,4.171123148735089,0.018808380612142638,-1093.860181586846,0.6533062387592554,0.6666666666666666,2.037118893228184,1.3421443580199806,0.0,0.06603821526577905,0.606547529659108,0.6722147248463038,10.919933382973843,0.927266169501702,0.5944698621881633,Medical Devices,Healthcare,PEN
2018Q4,2018,Q4,2019-02-26,2018-12-31,6659000.0,120793000.0,6669000.0,0.18,78712000.0,0.6516271638257184,515006000.0,422240000.0,410726000.0,66062000.0,92591000.0,115741000.0,9064000.0,4201042313.0,4133192313.0,12.282125281226607,6.217280736278042,0.0,0.0,0.01389230933198914,12.282125281226607,0.015770651762031074,34.77885567044448,157.72046527256344,9.949418134236453,0.0,0.3635790255829827,0.0,0.2345467819792391,4.280600042384426,0.012929946447225858,935.4358301046537,0.6516271638257184,1.3272727272727272,10.412664617282386,1.4326132785098535,25.33666387317784,0.0493254412627313,1.351769677760169,1.3198714566645882,2.5454928279485407,0.9300516617339643,0.578879929564208,Medical Devices,Healthcare,PEN
2018Q3,2018,Q3,2018-11-05,2018-09-30,-18930000.0,111806000.0,-20849000.0,-0.55,75012000.0,0.6709121156288571,501005000.0,409419000.0,397595000.0,65052000.0,91717000.0,109706000.0,2403000.0,5056788662.6,5009046662.6,11.954368549568501,6.111956588575294,0.0,0.0,-0.05501096273848004,11.954368549568501,-0.04623625185934214,45.22824054701895,-66.782734582673,12.351133344080269,0.0,0.33538730789564836,0.0,0.22316344148261993,4.217441431470209,-0.03778405405135677,562.6781643039947,0.6709121156288571,-2.4864864864864864,-79.76586291059,1.464784469285438,0.0,0.03819963461219067,-2.4146924744040055,-3.2459334266939566,-5.817929463189826,-0.4914527163300621,-0.5892804457377723,Medical Devices,Healthcare,PEN
2018Q2,2018,Q2,2018-08-07,2018-06-30,13381000.0,109638000.0,9283000.0,0.37,72252000.0,0.6590050894762765,499314000.0,425199000.0,392499000.0,49687000.0,74115000.0,97556000.0,21333000.0,4707077607.45,4647372607.45,12.47934424472392,7.899430434520096,0.0,0.0,0.033011410203358536,12.47934424472392,0.03146997053144528,42.93290289361352,87.94330781425155,11.07029322140927,0.0,0.3832260445282709,0.0,0.219577260000721,5.654376396240465,0.026798767909571933,-2181.222246269694,0.6590050894762765,1.4666666666666668,5.387258199203117,1.2692708081746338,2.7100133799254364,0.08556575566807398,1.4368967401201966,1.2949320148331274,5.387258199203117,1.2692708081746338,2.7100133799254364,Medical Devices,Healthcare,PEN
2018Q1,2018,Q1,2018-05-08,2018-03-31,5491000.0,102701000.0,4045000.0,0.15,66557000.0,0.6480657442478651,489707000.0,414921000.0,387938000.0,50253000.0,74786000.0,94616000.0,7951000.0,3914306322.3,3861501322.3,12.259033836116387,7.719698326468071,0.0,0.0,0.013943617112535316,12.259033836116387,0.01323384451497996,38.113614495477165,178.2146386040794,9.43385927031893,0.0,0.38200727149742114,0.0,0.2097192811211602,5.582711479911647,0.011212827262015859,496.42439090678505,0.6480657442478651,-0.4,0.5893230670317313,0.9093825936900604,0.0,0.04440817863699845,-0.39546405372674226,0.04901452282157676,0.5893230670317313,0.9093825936900604,0.0,Medical Devices,Healthcare,PEN
2017Q4,2017,Q4,2018-02-27,2017-12-31,9083000.0,96051000.0,3856000.0,0.25,63727000.0,0.6634704479911714,476667000.0,400408000.0,382234000.0,51582000.0,76259000.0,94901000.0,1996000.0,3162413336.2999997,3111776336.2999997,11.914442798322954,7.410220619595983,0.0,0.0,0.02196616470076634,11.914442798322954,0.022684361950810174,32.92431454435664,87.04209336948145,7.897977403798126,0.0,0.3406075805312905,0.0,0.20150545349268986,5.284750494358497,0.01905523142990809,-476.69781976183293,0.6634704479911714,36.46247058823529,14.924440947180171,0.9787459398528935,24.608112031082644,0.16338974387060262,37.16386554621849,4.645680819912152,14.924440947180171,0.9787459398528935,24.608112031082644,Medical Devices,Healthcare,PEN
2017Q3,2017,Q3,2017-11-07,2017-09-30,238000.0,83911000.0,683000.0,0.006673345245908847,54777000.0,0.6527987987272229,459094000.0,383832000.0,371781000.0,51080000.0,75262000.0,90529000.0,-7087000.0,3020249742.2999997,2954628742.2999997,11.475881982397082,7.2784064212999215,0.0,0.0,0.0006102348571928654,11.475881982397082,0.0006200629442047563,35.993490034679596,3172.5312419117645,7.868676249765522,0.0,0.3218195274442444,0.0,0.18277520507782719,5.222944400939703,0.0005184123512831795,443.3068754293262,0.6527987987272229,1.133466904918177,0.014029582672104534,0.8941701221980624,0.0,0.07555616642777199,1.152759948652118,1.5143072289156627,0.014029582672104534,0.8941701221980624,0.0,Medical Devices,Healthcare,PEN
2017Q2,2017,Q2,2017-08-08,2017-06-30,-1558000.0,80589000.0,-1328000.0,-0.05,50929000.0,0.6319596967328047,417003000.0,372978000.0,364717000.0,37511000.0,44025000.0,81141000.0,-7325000.0,2915009984.25,2838433984.25,11.2276869296627,9.722934605848952,0.0,0.0,-0.005155491096966342,11.2276869296627,-0.004177190075554054,36.171313507426575,-467.74871377567393,7.815501140147676,0.0,0.3655365351671781,0.0,0.19325760246329163,7.127455946255765,-0.0037361841521523827,-1917.7697264802632,0.6319596967328047,0.5,0.4760623293577022,0.7108366160651843,2.3379052550997317,0.06749250665492884,0.4983902124919511,0.3509286412512219,0.4760623293577022,0.7108366160651843,2.3379052550997317,Medical Devices,Healthcare,PEN
2017Q1,2017,Q1,2017-05-09,2017-03-31,-3106000.0,73213000.0,-2046000.0,-0.1,47709000.0,0.6516465655006625,418365000.0,373472000.0,372362000.0,38564000.0,44893000.0,79187000.0,-5767000.0,2638008131.4500003,2528625131.4500003,11.81430717685819,9.655689243854372,0.0,0.0,-0.00971768656768638,11.81430717685819,-0.008316553851426612,36.03196333233169,-212.3316268069865,7.063469634805287,0.0,0.32207306754896636,0.0,0.1749979085248527,7.299657711855617,-0.007424139208585805,-2638.0081314500003,0.6516465655006625,-1.2075941156803744,-1.9625461863610307,0.45735673753277184,0.0,0.024237870330613996,-1.2076897358742895,-0.7760416666666666,-1.9625461863610307,0.45735673753277184,0.0,Medical Devices,Healthcare,PEN
2016Q4,2016,Q4,2017-02-28,2016-12-31,14955000.0,73105000.0,-1152000.0,0.48170922221112744,46580000.0,0.6371657205389508,308254000.0,266547000.0,263827000.0,35800000.0,41707000.0,73012000.0,-2661000.0,1980715660.0,1967479660.0,8.58563343715877,7.369469273743017,0.0,0.0,0.04266310546461685,8.58563343715877,0.05610642775945705,27.094120238013815,33.11126145101973,7.431018394504534,0.0,0.36329644442009534,0.0,0.2371583174914194,4.933631284916201,0.048515185528817145,-212.68287984537744,0.6371657205389508,13.042730555278187,27.3823826397456,0.6302821758451987,18.01217585020288,0.08643933386201427,14.521699819168173,0.15480557593543653,27.3823826397456,0.6302821758451987,18.01217585020288,Medical Devices,Healthcare,PEN
2016Q3,2016,Q3,2016-11-03,2016-09-30,-1106000.0,67187000.0,-1363000.0,-0.04,42874000.0,0.6381294000327444,297279000.0,253854000.0,267223000.0,37344000.0,43425000.0,70092000.0,-17616000.0,2325627140.16,2309771140.16,8.294693988939624,7.155714438731791,0.0,0.0,-0.005438064237610433,8.294693988939624,-0.004356835031159643,34.61424293628232,-525.6842541048824,9.161278294452716,0.0,0.3468726816184443,0.0,0.22600654603924258,4.9156491002570695,-0.0037204107925551417,-2645.7646645733785,0.6381294000327444,-8.068904648648648,-6.149917336436444,0.6575124451751236,0.0,0.03385579937304075,-6.978378378378379,-1.0343283582089553,-6.149917336436444,0.6575124451751236,0.0,Medical Devices,Healthcare,PEN
2016Q2,2016,Q2,2016-08-09,2016-06-30,185000.0,65106000.0,-670000.0,0.005658585309627389,41470000.0,0.6369612631708291,283979000.0,247591000.0,260252000.0,32189000.0,36388000.0,68406000.0,-16510000.0,1797514159.0,1783600159.0,8.19557633314865,8.085122246730249,0.0,0.0,0.0013071123054547355,8.19557633314865,0.0007472000193868113,27.609040011673272,2429.073187837838,7.2600141321776634,0.0,0.3455252463234219,0.0,0.22926343145091715,5.5209232967784025,0.0006514566217924565,-155.6154583152974,0.6369612631708291,-0.7170707345186306,1.0684102956318664,0.5198171850381426,1.4364820182788702,0.03921814308983836,-0.7628205128205128,-1.3651226158038148,1.0684102956318664,0.5198171850381426,1.4364820182788702,Medical Devices,Healthcare,PEN
2016Q1,2016,Q1,2016-05-09,2016-03-31,780000.0,57919000.0,1835000.0,0.02,39905000.0,0.6889794367996686,275121000.0,238048000.0,253651000.0,33979000.0,37073000.0,66564000.0,-16695000.0,1379540276.0,1361934276.0,7.937577605019485,7.464934224079578,0.0,0.0,0.0028348198540016087,7.937577605019485,0.0032766500873773357,23.818440857058995,442.16034487179485,5.795218930635838,0.0,0.27062676521843637,0.0,0.21052191581158836,5.186791842020071,0.0028351161852421297,-293.5816718450734,0.6889794367996686,-0.6,-0.7452067225840092,0.21526771708214323,0.0,0.09454715014537275,-0.5223515003061849,0.008241758241758242,-0.7452067225840092,0.21526771708214323,0.0,Medical Devices,Healthcare,PEN
2015Q4,2015,Q4,2016-03-08,2015-12-31,1633000.0,54416000.0,1820000.0,0.05,36458000.0,0.6699867685974713,263848000.0,232522000.0,244361000.0,28148000.0,31326000.0,56761000.0,-17475000.0,1608431696.64,1588884696.64,7.77901159628816,8.681291743640756,0.0,0.0,0.006813349839341153,7.77901159628816,0.0070229913728593425,29.558065580711556,246.23877780771588,6.917331248828068,0.0,0.3163792040309367,0.0,0.20623995633849793,6.354057126616456,0.0061891695218459115,-151.5244179594913,0.6699867685974713,0.6666666666666669,2.2189219302090293,0.26038765010278875,16.413878799444294,0.0883959757590232,0.8124306326304107,-0.16590284142988085,2.2189219302090293,0.26038765010278875,16.413878799444294,Medical Devices,Healthcare,PEN
2015Q3,2015,Q3,2015-09-30,2015-09-30,901000.0,50416000.0,2182000.0,0.03,33497000.0,0.6644120913995557,259325000.0,228590000.0,249077000.0,28277000.0,30735000.0,50324000.0,-19108000.0,314934573.0,155836573.0,29.105915278472775,8.80846624465113,0.0,0.0,0.004126906171599085,29.105915278472775,0.00394155474867667,6.246718759917487,87.38473168701442,1.3777268165711538,0.0,0.33620141483188937,0.0,0.19441241685144126,6.559076281076493,0.0034744047045213535,-54.924062260202305,0.6644120913995557,2.6187341498947823,15.348488186134873,3.8467164183796045,0.0,0.22363470319634704,1.3373268438786972,1.5722528193023866,15.348488186134873,3.8467164183796045,0.0,Medical Devices,Healthcare,PEN
2015Q2,2015,Q2,2015-06-30,2015-06-30,-2671000.0,42311000.0,-3813000.0,-0.018533,27375000.0,0.6469948713100612,129070000.0,100368000.0,118187000.0,26889000.0,28702000.0,44179000.0,-20009000.0,1232335708.1,1195571708.1,3.363692517188369,4.395366134850683,0.0,0.0,-0.0242871741803471,3.363692517188369,-0.02661206759126415,29.125657821843017,-115.34403857169599,12.27817340287741,0.0,0.33807917788994774,0.0,0.3278143642984427,2.315333407713191,-0.020694196947392888,-165.54751586512626,0.6469948713100612,-1.9030796218692136,0.0,0.0,0.0,0.02420682430410057,-2.0675459632294166,-1.955639097744361,0.0,0.0,0.0,Medical Devices,Healthcare,PEN
2015Q1,2015,Q1,2015-03-31,2015-03-31,2502000.0,38952000.0,3990000.0,0.020522,26728000.0,0.6861778599301704,,,,,,,,1012295420.4999999,,,0.0,0.0,0.0,0.0,,0.0,25.988278406757033,101.14862315147882,0.0,0.0,0.0,0.0,0.0,0.0,0.0,-255.63015669191915,0.6861778599301704,0.20915944656249996,0.0,0.0,0.0,0.11874764555690427,5.014423076923077,11.391304347826088,0.0,0.0,0.0,Medical Devices,Healthcare,PEN
2014Q4,2014,Q4,2014-12-31,2014-12-31,416000.0,35403000.0,322000.0,0.016972120639955023,23891000.0,0.6748298166822021,121381000.0,-12370000.0,115301000.0,20823000.0,133751000.0,33451000.0,-19840000.0,1012295420.4999999,1009005420.4999999,-0.5046757988371241,5.53719444844643,0.0,0.0,-0.02596829569489114,-0.5046757988371241,-0.033629749393694425,28.593492655989603,608.3506132812499,-81.83471467259498,0.0,0.34414516755851843,0.0,0.2916683830253499,3.4629496230130146,0.0034272250187426367,-135.22514300026714,0.6748298166822021,1.4186046511627906,0.0,0.0,0.0,0.14877145742174352,1.4186046511627908,0.03536977491961415,0.0,0.0,0.0,Medical Devices,Healthcare,PEN
2014Q3,2014,Q3,2014-09-30,2014-09-30,172000.0,32464000.0,311000.0,0.0070173191107506345,20797000.0,0.6406172991621488,,,,,,,,1012295420.4999999,,,0.0,0.0,0.0,0.0,,0.0,31.182091562962047,1471.3596228197673,0.0,0.0,0.0,0.0,0.0,0.0,0.0,-255.3077983606557,0.6406172991621488,0.0,0.0,0.0,0.0,0.0,0.0,0.0,0.0,0.0,0.0,Medical Devices,Healthcare,PEN
