Quarters,Year,Quarter,FillingDate,Date,NetIncome,Revenue,OperatingIncome,EPSDiluted,GrossProfit,GrossProfitRatio,TotalAssets,CommonStockEquity,CurrentAssets,CurrentLiability,TotalLiability,Inventory,RetainedEarnings,MarketCap,EnterpriseValue,bookValuePerShare,currentRatio,debtToAssets,debtToEquity,roic,shareholdersEquityPerShare,roe,priceToSalesRatio,peRatio,pbRatio,payoutRatio,inventoryTurnover,dividendYield,assetTurnover,quickRatio,returnOnAssets,priceToFreeCashFlowsRatio,grossProfitMargin,epsdilutedGrowth,fiveYNetIncomeGrowthPerShare,fiveYRevenueGrowthPerShare,fiveYShareholdersEquityGrowthPerShare,grossProfitGrowth,netIncomeGrowth,operatingIncomeGrowth,threeYNetIncomeGrowthPerShare,threeYRevenueGrowthPerShare,threeYShareholdersEquityGrowthPerShare,Industry,Sector,Symbol
2023Q1,2023,Q1,2023-05-04,2023-03-31,-5104000.0,50794000.0,-2292000.0,-0.047,18187000.0,0.3580541009,157728000.0,-72724000.0,80313000.0,61682000.0,230452000.0,34234000.0,-863578000.0,63249743.0656,217013743.0656,-0.6696384134884424,1.3020492201938978,1.041438425644147,-2.2587316429239315,-0.026144775611465117,-0.6696384134884424,0.0701831582421209,1.2452207557113044,-3.098047759874608,-0.8697231046917112,0.0,0.9524741485073319,0.0,0.3220354027186042,0.5852923056969619,-0.03235950497058227,12.269591283336567,0.35805410087805645,0.6642857142857144,0.645496925442992,-0.39229337041021395,0.1731441968006771,0.15027512491303524,0.6510562658098038,0.7952840300107181,0.7653119865572096,-0.2522399664332731,-3.181813257031953,Communication Equipment,Technology,INSG
2022Q4,2022,Q4,2023-03-03,2022-12-31,-14627000.0,52915000.0,-11196000.0,-0.14,15811000.0,0.2987999622,159017000.0,-70118000.0,78356000.0,56963000.0,229135000.0,37976000.0,-857752000.0,91104743.44500001,251066743.445,-0.6484230432596879,1.3755595737584045,1.0508624864008251,-2.383196896659916,-0.11429605125601018,-0.6484230432596879,0.20860549359650873,1.7217186704148164,-1.5571331005161686,-1.2993060761145496,0.0,0.9770381293448493,0.0,0.3327631636869014,0.5688253778768675,-0.09198387593779281,-7.949803092931938,0.29879996220353394,0.06666666666666654,-1.1370575197442008,-0.3650199980982604,0.14069017313143833,-0.1194586767654266,0.07088864892333101,0.05987068603577127,0.1664707893699839,-0.24777873286455268,-0.4008305720059748,Communication Equipment,Technology,INSG
2022Q3,2022,Q3,2022-11-03,2022-09-30,-15743000.0,69167000.0,-11909000.0,-0.15,17956000.0,0.2596035682,184400000.0,-55800000.0,100039000.0,71013000.0,240200000.0,42406000.0,-842418000.0,223037258.76,368166258.76,-0.5178775987571235,1.4087420613127173,0.8849891540130151,-2.9245878136200716,-0.1094948964940747,-0.5178775987571235,0.2821326164874552,3.224619526074573,-3.541848103283999,-3.9970834903225803,0.0,1.2076357119275574,0.0,0.37509219088937096,0.6580626082548265,-0.08537418655097614,-21.719472077125328,0.25960356817557506,-0.25,0.37477989894628155,-0.3408200821448443,0.3751355949978188,0.003577017661524704,-0.27205882352941174,-0.1869829562443935,-0.3199101070574806,-0.18575307341169275,-0.07728135130643318,Communication Equipment,Technology,INSG
2022Q2,2022,Q2,2022-08-09,2022-06-30,-12376000.0,61856000.0,-10033000.0,-0.12,17892000.0,0.2892524573,191276000.0,-43690000.0,104252000.0,69938000.0,234966000.0,46977000.0,-825984000.0,203197037.39999998,341626037.4,-0.4063745271908182,1.4906345620406647,0.8339728978021289,-3.6511558709086747,-0.08341126775432722,-0.4063745271908182,0.28326848249027237,3.285001251293326,-4.104658964932126,-4.650882064545662,0.0,0.9358622304532005,0.0,0.3233861017587151,0.6231376361920559,-0.06470231497940149,-9.984621758144561,0.28925245732022764,0.5,0.4450174689799098,-0.4433159911597697,0.32941802585792407,0.17339979013641132,0.5093367164889189,0.5390729085312629,0.15798742202751598,-0.18837259543045026,0.14024569009397114,Communication Equipment,Technology,INSG
2022Q1,2022,Q1,2022-05-04,2022-03-31,-25223000.0,61384000.0,-21767000.0,-0.24,15248000.0,0.2484034928,204180000.0,-34190000.0,115322000.0,72581000.0,238370000.0,37474000.0,-812931000.0,427880146.95,546098146.95,-0.32361749192392625,1.5888731210647415,0.782339112547752,-4.672067856098274,-0.16882514292341122,-0.32361749192392625,0.7377303305059959,6.970548464583604,-4.2409719992665424,-12.514774698742322,0.0,1.231146928537119,0.0,0.3006366931139191,0.9439247185902647,-0.12353315701831717,-94.49649888471731,0.24840349276684479,-1.3999999999999997,0.14764189158919683,-0.3970477864952334,0.2919879193293273,-0.160352422907489,-1.3531112976956805,0.045767392924466264,-1.3720147085766223,-0.11013377178456674,0.2589246231196274,Communication Equipment,Technology,INSG
2021Q4,2021,Q4,2022-03-01,2021-12-31,-10719000.0,72892000.0,-22811000.0,-0.1,18160000.0,0.2491357076,215843000.0,-24854000.0,127619000.0,74830000.0,240697000.0,37402000.0,-787047000.0,613347143.86,566873143.86,-0.23624275657028898,1.705452358679674,0.0,0.0,0.8965549696952154,-0.23624275657028898,0.4312786674177195,8.414464466059377,-14.3051390955313,-24.67800530538344,0.0,1.4633442061921822,0.0,0.3377084269584837,1.0995456367766938,-0.04966109625978141,57.31145055690525,0.24913570762223564,-0.11111111111111122,0.7957890337809925,-0.2809494221327146,0.26958248270306273,-0.04133452990550599,-0.49082058414464536,-1.2872756442394464,-0.78877885840138,-0.09034118043954409,0.5223230539067822,Communication Equipment,Technology,INSG
2021Q3,2021,Q3,2021-11-05,2021-09-30,-7190000.0,66217000.0,-9973000.0,-0.09,18943000.0,0.2860745729948503,220529000.0,-15332000.0,130041000.0,68854000.0,235861000.0,33701000.0,-774931000.0,688844352.78,790349352.78,-0.14823540265359741,1.8886484445348128,0.723800497893701,-10.41084007304983,-0.06825761553318221,-0.14823540265359741,0.46895382207148445,10.402832396212453,-23.951472627955493,-44.928538532481085,0.0,1.4027476929467968,0.0,0.30026436432396647,1.1790019461469197,-0.032603421772193227,-70.3548516780717,0.2860745729948503,0.3571428571428572,0.7982832174182146,-0.43344431327656663,-2.0366625649675916,-0.06909430438842204,0.44874645403664803,0.051996197718631176,-1.4390370986588772,-0.13406885424561193,0.6945607008298479,Communication Equipment,Technology,INSG
2021Q2,2021,Q2,2021-08-05,2021-06-30,-13043000.0,65693000.0,-10520000.0,-0.14,20349000.0,0.30975903064253424,224740000.0,-8914000.0,128906000.0,65188000.0,233646000.0,27544000.0,-764150000.0,1038616299.17,1168532299.17,-0.08659815956275332,1.9774498373933853,0.7153021269021981,-18.03421584025129,-0.06976262810991526,-0.08659815956275332,1.4632039488445143,15.810151753915942,-19.907542343977614,-116.51517827798968,0.0,1.646238745280279,0.0,0.29230666548011036,0.7796526968153648,-0.058035952656402955,-48.24938674951222,0.30975903064253424,0.22222222222222213,-1.5155701795463932,-0.4551625957352186,-1.220306219159994,0.10155361879499811,0.24049379840447213,0.3504569029389973,-0.16947055506391898,-0.20034227764012097,0.9175542586709946,Communication Equipment,Technology,INSG
2021Q1,2021,Q1,2021-05-06,2021-03-31,-17173000.0,57597000.0,-16196000.0,-0.18,18473000.0,0.32072851016546,251389000.0,-1470000.0,162416000.0,84712000.0,252852000.0,35535000.0,-750221000.0,1013704330.0,1119789330.0,-0.01450126981306275,1.9172726414203418,0.6369212654491645,-108.921768707483,-0.10247186030302109,-0.01450126981306275,11.682312925170068,17.599950171015852,-14.75723999883538,-689.5947823129252,0.0,1.100999015055579,0.0,0.22911503685523232,0.9072150344697327,-0.06831245599449459,-121.72242195004803,0.32072851016546,-0.28571428571428553,0.2421736218879756,-0.5480351388996179,-1.035315426635663,-0.3014822657490736,-0.3474303648489604,-0.8791043044436709,-0.27785509263266706,-0.26174308991821305,0.9820941289251516,Communication Equipment,Technology,INSG
2020Q4,2020,Q4,2021-03-01,2020-12-31,-12745000.0,86063000.0,-8619000.0,-0.14,26446000.0,0.30728652266363016,227394000.0,-27808000.0,114108000.0,75712000.0,255293000.0,33952000.0,-732422000.0,1531759837.79,1658510837.79,-0.2808467420197355,1.5071322907861369,0.7333790689288195,-5.997051208285385,-0.06410305743124334,-0.2808467420197355,0.4583213463751438,17.798122744849703,-30.046289481953707,-55.08342339578539,0.0,1.755920122525919,0.0,0.3784752456089431,0.9239618554522401,-0.056048092737715154,-236.85786884026595,0.30728652266363016,-1.3333333333333337,0.5272408362842013,-0.2085548683915418,-1.4878549330766717,0.050695272149384185,-1.3419698640205806,-1.506980802792321,-1.033627964628011,0.12789440785776238,0.6278134039648462,Communication Equipment,Technology,INSG
2020Q3,2020,Q3,2020-11-06,2020-09-30,-5442000.0,90240000.0,-3438000.0,-0.06,25170000.0,0.2789228723404255,223739000.0,-27131000.0,115239000.0,74491000.0,250961000.0,24241000.0,-718829000.0,1011533355.36,1133835355.3600001,-0.2767994930828081,1.5470191029788833,0.7343198995257867,-6.055655891784306,-0.025856121304787476,-0.2767994930828081,0.20058235966237883,11.209367856382979,-46.46882374862183,-37.283305272935024,0.0,2.6842952023431375,0.0,0.4033270909407837,1.0744385227745634,-0.024322983476282634,4640.061263119266,0.2789228723404255,0.923076923076923,0.8530383475101628,-0.06915261575827762,-1.309925792419342,0.1440909090909091,0.9272751570225846,0.35581787521079256,0.7624196396816558,-0.05461071079413271,0.6660173157418017,Communication Equipment,Technology,INSG
2020Q2,2020,Q2,2020-08-10,2020-06-30,-74830000.0,80689000.0,-5337000.0,-0.78,22000000.0,0.2726517864888647,211912000.0,-41834000.0,114705000.0,67936000.0,253840000.0,20173000.0,-712558000.0,1119253190.3999999,1254573190.3999999,-0.433569816161589,1.6884273433820065,0.8372343236815282,-4.241047951427069,-0.038979798035335994,-0.433569816161589,1.7887364344791319,13.871199177087334,-3.739319759454764,-26.754629975617917,0.0,2.909284687453527,0.0,0.3807665446034203,1.2166745171926518,-0.3531182755105893,-272.05959902771025,0.2726517864888647,-2.9000000000000004,-3.492003927474324,-0.18527654779648217,-1.3663944186548935,0.2770650722702734,-3.1119903286075394,0.31046511627906975,-2.7390388139122033,-0.19085479916352244,0.28454151577878595,Communication Equipment,Technology,INSG
2020Q1,2020,Q1,2020-05-07,2020-03-31,-18198000.0,56840000.0,-7740000.0,-0.2,17227000.0,0.30307881773399015,173341000.0,27891000.0,79840000.0,92201000.0,145538000.0,14259000.0,-636893000.0,566147181.8100001,627990181.8100001,0.30691829895625,0.865934208956519,0.532961042107753,3.3123229715678892,-0.0640792747277898,0.30691829895625,-0.6524685382381413,9.960365619458129,-7.777601684388395,20.298561608045606,0.0,2.778105056455572,0.0,0.3279085732746436,0.632628713354519,-0.10498381802343358,-120.66222971227623,0.30307881773399015,-0.1764705882352941,-0.18376887890214053,-0.4590811737103457,-0.5588973144144261,0.14609806400106445,-0.3939486786671773,0.11299564519825808,0.2850513875286014,-0.35090601024514795,1.6714774969302335,Communication Equipment,Technology,INSG
2019Q4,2019,Q4,2020-03-16,2019-12-31,-13055000.0,52333000.0,-8726000.0,-0.17,15031000.0,0.2872183899260505,161373000.0,-37238000.0,64137000.0,44530000.0,198731000.0,25290000.0,-618303000.0,589681487.07,726767487.07,-0.46288470298813716,1.440309903435886,0.9243181944935026,-4.005585692035018,-0.07571969109559663,-0.46288470298813716,0.35058273806326873,11.267870885865516,-11.292253678092687,-15.835476853483001,0.0,1.47497034400949,0.0,0.32429836465827616,0.7125533348304514,-0.08089953090046043,-54.79292762218919,0.2872183899260505,-0.5454545454545455,-0.827377026500541,-0.4705907305307273,-1.6827344794221022,-0.19296644295302012,-0.4825119236883943,-1.7492123503465657,0.6747435338550553,-0.32488232482376717,-0.4311511618800943,Communication Equipment,Technology,INSG
2019Q3,2019,Q3,2019-11-12,2019-09-30,-8806000.0,62716000.0,-3174000.0,-0.11,18625000.0,0.29697365903437717,158693000.0,-38242000.0,71796000.0,191067000.0,197013000.0,25960000.0,-605018000.0,381842136.0,514724136.0,-0.4807264120269849,0.3757634756394354,0.9252266955694328,-3.839417394487736,-0.02966045359280359,-0.4807264120269849,0.23027038334815125,6.0884325530964984,-10.840396774926186,-9.984889284033262,0.0,1.6984206471494607,0.0,0.3952033170965323,0.18568355603008369,-0.05549079039403124,-27.00821445749045,0.29697365903437717,0.21428571428571436,0.5216287924398889,-0.32122469799983533,-1.702957165159723,0.19736419157827065,0.18304109843213656,0.38761335134092223,0.6787848037270388,-0.30232089973619797,-4.361889713377908,Communication Equipment,Technology,INSG
2019Q2,2019,Q2,2019-08-09,2019-06-30,-10779000.0,55891000.0,-5183000.0,-0.14,15555000.0,0.27830956683544755,164654000.0,-37267000.0,76636000.0,193976000.0,201982000.0,29392000.0,-596081000.0,387127310.06,513704310.06,-0.47266355342287836,0.3950798036870541,0.8839080739004215,-3.905304961494083,-0.04810298382031868,-0.47266355342287836,0.28923712668044116,6.9264695578894635,-8.978738984599685,-10.387938660477097,0.0,1.372346216657594,0.0,0.33944513950465827,0.2055666680414072,-0.06546454990464853,-31.154620156124256,0.27830956683544755,-0.4000000000000001,0.7305799238554368,-0.3472341156234569,-1.780870951837546,0.05386178861788618,-0.4400801603206413,-1.1060544494108087,-1.7141201244111632,-0.3948244831298423,-2.2024588156964695,Communication Equipment,Technology,INSG
2019Q1,2019,Q1,2019-05-09,2019-03-31,-7485000.0,48556000.0,-2461000.0,-0.1,14760000.0,0.3039789109481835,177602000.0,-32475000.0,94800000.0,61394000.0,210198000.0,33288000.0,-585302000.0,349524331.3,461095331.3,-0.4366863372066481,1.5441248330455746,0.807699237621198,-4.41721324095458,-0.02228923805922133,-0.4366863372066481,0.2304849884526559,7.198375716698245,-11.674159362057448,-10.762873943033103,0.0,1.0152607546262917,0.0,0.273397822096598,0.9050070039417533,-0.042144795666715466,-37.17157623099011,0.3039789109481835,-0.6666666666666669,0.6170360001986351,-0.5379058147508037,-1.412267806250016,-0.2542818168039206,-0.7859699355762347,-4.023341523341523,0.549756866046423,-0.4806268951058933,-2.063476819838618,Communication Equipment,Technology,INSG
2018Q4,2018,Q4,2019-03-12,2018-12-31,-4191000.0,56043000.0,814000.0,-0.06,19793000.0,0.3531752404403761,162256000.0,-36390000.0,84352000.0,53681000.0,198781000.0,26431000.0,-577817000.0,305355630.5,413852630.5,-0.4945659582327564,1.5713567183919823,0.8598264470959471,-3.833800494641385,0.007260160601043028,-0.4945659582327564,0.11516900247320692,5.448595373195582,-18.214962449296113,-8.391196221489421,0.0,1.371495592296924,0.0,0.3453986293264964,0.9621281272703563,-0.02582955329849127,1615.6382566137565,0.3531752404403761,-1.4,0.9088811019247501,-0.60265458992431,-1.3752957992787709,0.12434673937741422,-1.386516646684497,-0.9509727157742577,0.7908006621260981,-0.3064652360677525,-1.8591035834009662,Communication Equipment,Technology,INSG
2018Q3,2018,Q3,2018-11-08,2018-09-30,10843000.0,50630000.0,16603000.0,0.15,17604000.0,0.34769899269207977,158909000.0,-33235000.0,79392000.0,49570000.0,192229000.0,13747000.0,-573626000.0,271183865.04,376875865.04,-0.4853186968944013,1.6016138793625176,0.8636326450987672,-4.129351587182187,0.15296180287019498,-0.4853186968944013,-0.3262524447119001,5.356189315425637,6.252510030434381,-8.159586732059577,0.0,2.402415072379428,0.0,0.31861002208811334,1.1895299576356668,0.06823402072884481,-49.459030647455776,0.34769899269207977,2.3636363636363638,2.0592031285849917,-0.7281945387848139,-1.2518591948819096,-0.003001642408110098,2.628078078078078,21.19829683698297,1.4191088172586273,-0.25248626985994194,-1.5433997730115854,Communication Equipment,Technology,INSG
2018Q2,2018,Q2,2018-08-08,2018-06-30,-6660000.0,49057000.0,-822000.0,-0.11,17657000.0,0.35992824673339174,142486000.0,-64564000.0,61417000.0,67172000.0,207129000.0,12937000.0,-584469000.0,123550939.28999999,240933939.29,-1.0503654666306828,0.9143244208896564,0.9560167314683548,-2.1098290068768972,-0.011958646732125433,-1.0503654666306828,0.10315346013258163,2.518518035958171,-4.637798021396396,-1.9136196532123162,0.0,2.4271469428770196,0.0,0.3442934744466123,0.6290418626808789,-0.046741434246171554,28.00338605847688,0.35992824673339174,0.15384615384615388,0.5343828374297515,-0.7029633500921773,-1.5087058534676567,0.13600977932188124,0.17267080745341615,0.6818885448916409,0.3724346322550794,-0.22246986781591882,-1.8876264679317398,Communication Equipment,Technology,INSG
2018Q1,2018,Q1,2018-05-10,2018-03-31,-8050000.0,46733000.0,-2584000.0,-0.13,15543000.0,0.3325915306100614,148796000.0,-49176000.0,55620000.0,59544000.0,198032000.0,15025000.0,-577809000.0,108084302.04,226303302.04000002,-0.8098611763954913,0.93409915356711,0.9027863652248717,-2.7316373840898,-0.03209685102555769,-0.8098611763954913,0.16369773873434196,2.3128046998908696,-3.356655342857143,-2.1979075573450464,0.0,2.075873544093178,0.0,0.31407430307266326,0.5873639661426844,-0.054100916691308905,-20.544440608249385,0.3325915306100614,-1.1666666666666667,0.5099819042364526,-0.6979835182477425,-1.3547811927932696,-0.11425803510371553,-1.1062271062271063,-4.279187817258883,0.2163217007014517,-0.33441983350378013,-2.1639317078010567,Communication Equipment,Technology,INSG
2017Q4,2017,Q4,2018-03-16,2017-12-31,-3822000.0,46534000.0,788000.0,-0.06,17548000.0,0.3771006146043753,158207000.0,-45565000.0,66437000.0,59965000.0,203822000.0,20403000.0,-569759000.0,97218426.76,208040426.76,-0.7545858583075059,1.107929625614942,0.8344763506039555,-2.8973993196532426,0.007170127041042545,-0.7545858583075059,0.08388017118402283,2.089191274337044,-6.3591330952380964,-2.1336206904422257,0.0,1.4206734303778856,0.0,0.2941336350477539,0.6148920203452014,-0.024158223087474007,-1388.834668,0.3771006146043753,0.7391304347826088,0.8584186529288839,-0.6362895152447908,-1.2945681637705848,0.0718299535792817,0.7228225397055624,1.1235690763681982,0.28725730760642276,-0.3728418055360228,-2.1129807915991083,Communication Equipment,Technology,INSG
2017Q3,2017,Q3,2017-11-07,2017-09-30,-13789000.0,57461000.0,-6377000.0,-0.23,16372000.0,0.2849236873705644,158901000.0,-48902000.0,72651000.0,66259000.0,207781000.0,20964000.0,-565937000.0,89096825.2,199080825.2,-0.8287839643471382,1.096469913521182,0.815419663815835,-2.64960533311521,-0.08146679440541389,-0.8287839643471382,0.28197210748026663,1.5505616887976192,-1.6153605265066358,-1.8219464479980367,0.0,1.9599790116390001,0.0,0.3616150936746779,0.6126865784270816,-0.08677730159029837,-111.3710315,0.2849236873705644,-0.09523809523809533,0.7579559055358968,-0.5464634440121635,-1.2805449029938207,-0.04974171455104765,-0.14678975382568196,-0.13570792520035618,-0.009895540338093667,-0.16154802577112312,-2.211915159083454,Communication Equipment,Technology,INSG
2017Q2,2017,Q2,2017-08-09,2017-06-30,-12024000.0,59913000.0,-5615000.0,-0.21,17229000.0,0.28756697210955884,161505000.0,-35130000.0,71104000.0,90013000.0,196607000.0,24041000.0,-552148000.0,72462541.25,178062541.25,-0.6060027600812302,0.7899303433948429,0.7086777499148633,-3.258041559920296,-0.07421269847361237,-0.6060027600812302,0.34227156276686593,1.2094627418089563,-1.5066230299817032,-2.062696875889553,0.0,1.7754669106942307,0.0,0.37096684313179157,0.3970648684078966,-0.07444970743939816,-5.389152257176856,0.28756697210955884,0.2500000000000001,-0.5060355063106485,-0.6703714519733914,-1.1546771723189555,0.06443840355863091,0.253167701863354,0.49000908265213444,0.5912392189082892,-0.04828830698433956,-2.001155999132946,Communication Equipment,Technology,INSG
2017Q1,2017,Q1,2017-05-15,2017-03-31,-16100000.0,55389000.0,-11010000.0,-0.28,16186000.0,0.2922240878152702,165560000.0,-26273000.0,75435000.0,84289000.0,191792000.0,29389000.0,-540124000.0,120133638.89999999,209405638.89999998,-0.4570790538169572,0.8949566372836313,0.5777784489007006,-3.6408860807673276,-0.161743540512446,-0.4570790538169572,0.6127964069577132,2.168907886042355,-1.8654291754658383,-4.572513184638221,0.0,1.3339344652761238,0.0,0.3345554481758879,0.43917948961311676,-0.09724571152452283,-24.274325904223073,0.2922240878152702,0.43999999999999995,0.7614516126962869,-0.6892558502912967,-1.1137704150416756,0.8018479349883113,0.41243020327725266,0.501900108577633,-0.06574482183063916,-0.31801890680888045,-1.4315202073995208,Communication Equipment,Technology,INSG
2016Q4,2016,Q4,2017-03-31,2016-12-31,-27401000.0,52919000.0,-22104000.0,-0.5,8983000.0,0.16974999527579887,158716000.0,-17763000.0,68447000.0,62377000.0,176443000.0,31142000.0,-524024000.0,134004326.64,218256326.64,-0.32343522844927747,1.09731150904981,0.5931727110058217,-5.3001182232730955,-0.2987426223600838,-0.32343522844927747,1.54258852671283,2.5322535694174113,-1.2226225926061092,-7.544014335416315,0.0,1.4108278209492005,0.0,0.33341944101413845,0.5145646632572903,-0.17264169963960785,-16.715021409504804,0.16974999527579887,-0.47058823529411753,-3.733655009744762,-0.7165654665582086,-1.062916212245131,-0.6081399406735299,-0.4757903807831098,-0.8546736029535157,0.20184718041519947,-0.49732498962829597,-1.24543517513726,Communication Equipment,Technology,INSG
2016Q3,2016,Q3,2016-11-07,2016-09-30,-18567000.0,60881000.0,-11918000.0,-0.34,22924000.0,0.3765378361065029,185584000.0,7704000.0,97022000.0,72190000.0,177825000.0,39970000.0,-496623000.0,168634368.35,242967368.35,0.142992915595666,1.3439811608255992,0.4930274161565652,11.87668743509865,-0.11517922215872693,0.142992915595666,-2.4100467289719627,2.769901419983246,-2.2706194908978294,21.88919630711319,0.0,0.9496372279209407,0.0,0.32805090956116906,0.618672946391467,-0.10004634020174152,-500.39871913946587,0.3765378361065029,-5.800000000000001,-3.4560851021797063,-0.680173208523411,-0.9726007382188374,-0.013512350460452707,-5.874120696038505,-1.5696420871065113,-1.3053583470468846,-0.5845689665325691,-0.9257929257079962,Communication Equipment,Technology,INSG
2016Q2,2016,Q2,2016-08-05,2016-06-30,-2701000.0,62811000.0,-4638000.0,-0.05,23238000.0,0.3699670439891102,182969000.0,21078000.0,94259000.0,58814000.0,161844000.0,34261000.0,-478054000.0,81506282.08,153190282.07999998,0.39308086668158326,1.6026626313462782,0.49311632025097146,4.280529461998292,-0.041515873673291646,0.39308086668158326,-0.12814308757946674,1.297643439524924,-7.544083865235098,3.866888797798653,0.0,1.1550450950059834,0.0,0.3432876607512748,0.9191008943448838,-0.014762063518956764,16.76049395023648,0.3699670439891102,0.7727272727272727,0.5858704827593367,-0.6819247667362617,-0.9218941662042733,0.09701175470896474,0.7731014784946236,0.2689155107187894,0.7835379167769813,-0.5640393830096436,-0.8096257501605681,Communication Equipment,Technology,INSG
2016Q1,2016,Q1,2016-05-10,2016-03-31,-11904000.0,66944000.0,-6344000.0,-0.22,21183000.0,0.3164286567877629,188862000.0,21866000.0,99650000.0,61618000.0,166946000.0,48335000.0,-475353000.0,94254270.0,177271270.0,0.4106213967812811,1.6172222402544711,0.4833052705149792,4.1744260495746826,-0.05767449898483079,0.4106213967812811,-0.5444068416720022,1.4079569490917783,-1.9794663558467742,4.3105401079301195,0.0,0.9467466639081411,0.0,0.35445987016975355,0.7169009055795384,-0.06303014899768085,-12.665180059123891,0.3164286567877629,0.18518518518518523,0.6771510042532543,-0.35091951508441044,-0.9201023357996714,0.2816432720232333,0.1729312860418259,0.5573232851859605,0.1737261498951833,-0.5066745806978279,-0.8201163937936952,Communication Equipment,Technology,INSG
2015Q4,2015,Q4,2016-03-15,2015-12-31,-14393000.0,58056000.0,-14331000.0,-0.27,16528000.0,0.28469064351660467,198718000.0,30432000.0,110976000.0,64212000.0,168290000.0,55837000.0,-463451000.0,88281210.0,161485210.0,0.575676749333182,1.7282750887684546,0.4316367918356666,2.8185462670872767,-0.12368481920164406,0.575676749333182,-0.4729560988433228,1.5206216411740388,-1.5334053011880775,2.900933556782334,0.0,0.7437362322474345,0.0,0.29215269879930356,0.764654581698125,-0.07242927163115571,-34.60651117208938,0.28469064351660467,0.28947368421052627,-8.471545870169823,-0.7062853298344034,-0.900950425269664,0.14238319048935583,0.30958890967525304,-0.9100359856057577,0.3909715373669358,-0.4816734534699459,-0.7752726994422552,Communication Equipment,Technology,INSG
2015Q3,2015,Q3,2015-11-09,2015-09-30,-20847000.0,54577000.0,-7503000.0,-0.38,14468000.0,0.26509335434340475,197677500.0,49283000.0,93858000.0,52540000.0,148741000.0,40197000.0,-449058000.0,121950010.0,192081010.0,0.8931153839183777,1.786410354015988,0.40647013443613966,1.6303796440963416,-0.058003987343195444,0.8931153839183777,-0.42300590467301097,2.2344579218352054,-1.4624407588621864,2.4744843049327354,0.0,0.9978107818991467,0.0,0.2760911079915519,0.8443852303007232,-0.1054596501878059,-16.260001333333335,0.26509335434340475,-1.2352941176470587,-0.6810595713287018,-0.586400510016367,-0.8462468533544275,-0.05579847288390002,-1.2610629067245118,0.08966270322737199,0.6087079710832346,-0.5393781950158274,-0.6976787926380257,Communication Equipment,Technology,INSG
2015Q2,2015,Q2,2015-08-10,2015-06-30,-9220000.0,54815000.0,-8242000.0,-0.17,15323000.0,0.279540271823406,214303400.0,63194000.0,187387000.0,57411000.0,151506000.0,39608000.0,-428211000.0,173559750.0,233884750.0,1.183341759826227,3.2639563846649597,0.3650805353531488,1.2380605753710796,-0.058746859015417534,1.183341759826227,-0.14589992720827927,3.166282039587704,-4.706066973969631,2.746459315757825,0.0,0.9970712987275298,0.0,0.2557822227738804,0.8940969500618349,-0.043023115825507205,-13.830564188381544,0.279540271823406,0.0,0.7620999782831013,-0.5506973853860434,-0.8025104491603314,0.212838372645243,-0.17812420138001533,-0.06830848995463383,-0.2535886664710889,-0.6726283538628263,-0.6979618421666552,Communication Equipment,Technology,INSG
2015Q1,2015,Q1,2015-05-11,2015-03-31,-7826000.0,53494000.0,-7715000.0,-0.17,12634000.0,0.23617601974053165,125503500.0,32189000.0,96905000.0,70541000.0,93804000.0,46320000.0,-418991000.0,222982840.0,220770840.0,0.695797847045091,1.3737400944131781,0.05703426597664607,0.22237410295442542,-0.19657831209535379,0.695797847045091,-0.24312653390909938,4.168371032265301,-7.123142090467672,6.927299387989687,0.0,0.8821243523316062,0.0,0.42623512491683496,0.610510199741994,-0.06235682670204416,-29.858441349758973,0.23617601974053165,-0.7000000000000001,-0.5566451355697793,-0.5008228558707195,-0.8958382456371305,0.010235087158164081,-0.9560109972506873,-0.4415171898355755,0.8559264045966032,-0.6271119618613669,-0.8268106814732199,Communication Equipment,Technology,INSG
2014Q4,2014,Q4,2015-03-10,2014-12-31,-4001000.0,55361000.0,-5352000.0,-0.1,12506000.0,0.22589909864344937,95020000.0,30546000.0,87781000.0,58384000.0,64474000.0,37803000.0,-411165000.0,145073880.0,132378880.0,0.6779864163004394,1.5035112359550562,0.05428330877709956,0.16886007987952595,-0.15183457797871103,0.6779864163004394,-0.13098278006940353,2.620506855006232,-9.064851287178206,4.74935769004125,0.0,1.1336401872867232,0.0,0.5826247105872447,0.7205056179775281,-0.042106924857924645,-19.843233483791547,0.22589909864344937,0.5652173913043478,-3.9090018448450095,-0.5676791600248933,-0.8998697336443409,0.19263780278466527,0.5469882246376812,-0.3737166324435318,0.15745252452508093,-0.638556265790906,-0.8681147459669388,Communication Equipment,Technology,INSG
2014Q3,2014,Q3,2014-11-07,2014-09-30,-8832000.0,44330000.0,-3896000.0,-0.23,10486000.0,0.2365441010602301,93045000.0,26101000.0,84776000.0,50602000.0,66944000.0,28139000.0,-406719000.0,140072890.0,119909890.0,0.6838630230303665,1.6753488004426702,0.0,0.0,-0.1496730318307618,0.6838630230303665,-0.3383778399295046,3.1597764493570946,-3.9649255548007245,5.366571778859048,0.0,1.2027435232239951,0.0,0.47643613305389865,1.0378443539781037,-0.09492181202643882,-12.808420811997074,0.2365441010602301,0.5490196078431373,-2.141365453389607,-0.6219199673210861,-0.8988332033848678,1.6300476548783547,0.49285099052540915,0.7760662145074146,-2.649204311822247,-0.671266076623408,-0.8689631446955818,Communication Equipment,Technology,INSG
2014Q2,2014,Q2,2014-08-08,2014-06-30,-17415000.0,37270000.0,-17398000.0,-0.51,3987000.0,0.10697612020391736,86863000.0,20774000.0,77280000.0,54305000.0,66089000.0,26022000.0,-397887000.0,65551200.0,56626200.0,0.6053030303030303,1.423073381824878,0.0,0.0,-0.8386449244328995,0.6053030303030303,-0.8383074997593145,1.7588194258116447,-0.9410163652024117,3.1554443053817267,0.0,1.2790331258166168,0.0,0.4290664609787827,0.8850750391308351,-0.20048812497841428,-12.888556822650413,0.10697612020391736,-0.9615384615384615,-18.365434331293706,-0.6057632127088132,-0.9067291139600591,-0.6039928486293206,-0.9390936421333927,-0.9489190097457152,-3.171913514909923,-0.7051142709796678,-0.8797252629464772,Communication Equipment,Technology,INSG
2014Q1,2014,Q1,2014-05-08,2014-03-31,-8981000.0,48284000.0,-8927000.0,-0.26,10068000.0,0.20851627868445033,96871000.0,36196000.0,85214000.0,48952000.0,60675000.0,25129000.0,-380472000.0,60142720.0,48613720.0,1.0592297787662415,1.7407664651086778,0.0030762560518627865,0.008232953917559951,-0.2452983791495163,1.0592297787662415,-0.24812133937451653,1.2456035125507414,-1.6741654604164347,1.6615847054923194,0.0,1.5207927096183693,0.0,0.498436064456855,1.168348586370322,-0.09271092483818687,12.319278984022942,0.20851627868445033,0.5873015873015873,-2.242483036663562,-0.3900542703014068,-0.8360617552276988,-0.16371791677049588,0.5784755467943302,0.583395557214859,0.6204328769435893,-0.2704626945370799,-0.7938977709436511,Communication Equipment,Technology,INSG
2013Q4,2013,Q4,2014-03-12,2013-12-31,-21306000.0,65335000.0,-21428000.0,-0.63,12039000.0,0.18426570750746155,111465000.0,44916000.0,95629000.0,54701000.0,66549000.0,27793000.0,-371491000.0,80779080.0,80434080.0,1.317803074756484,1.7482130125591855,0.02302067913694882,0.05712886276605219,-0.4459081126778141,1.317803074756484,-0.4743521239647342,1.2363829494145557,-0.947844269219938,1.7984477691691159,0.0,1.9176051523764976,0.0,0.5861481182433947,1.134787298221239,-0.19114520252994213,-3.604921456622635,0.18426570750746155,-3.2,-5.3698844280328135,-0.10545515002151548,-0.7977183397186062,-0.4093607417946328,-3.1833889652464165,-3.4054276315789473,-20.745666009321766,-0.4873444381855775,-0.7732619316584314,Communication Equipment,Technology,INSG
2013Q3,2013,Q3,2013-11-08,2013-09-30,-5093000.0,92673000.0,-4864000.0,-0.15,20383000.0,0.21994539941514787,144493000.0,65651000.0,124549000.0,76910000.0,78842000.0,27025000.0,-350185000.0,88922700.0,73225700.0,1.926944525975932,1.6194123000910154,0.016893551936772024,0.03718145953603144,-0.07620592470311921,1.926944525975932,-0.07757688382507502,0.9595319024958726,-4.364946986059297,1.3544759409605336,0.0,2.6749306197964846,0.0,0.6413667098060114,1.1716551813808347,-0.0352473822261286,-7.406521739130435,0.21994539941514787,0.3478260869565218,-3.344107677310407,0.05464628817847867,-0.7060589817980197,0.07143608074011774,0.35466294982260516,0.371900826446281,0.3348330743489364,0.13747272096539237,-0.6682693080703476,Communication Equipment,Technology,INSG
2013Q2,2013,Q2,2013-08-09,2013-06-30,-7892000.0,91124000.0,-7744000.0,-0.23,19024000.0,0.20877046661691762,150396000.0,70027000.0,121697000.0,77812000.0,80369000.0,28897000.0,-345092000.0,137694900.0,114414900.0,2.064779596048946,1.5639875597594202,0.010525545892177983,0.022605566424379168,-0.10958542702665174,2.064779596048946,-0.11269938737915375,1.511071726438699,-4.361850608210846,1.9663115655390062,0.0,2.495068692251791,0.0,0.605893773770579,1.1210481673777823,-0.05247479986169845,36.76766355140187,0.20877046661691762,0.14814814814814817,-8.67174708892845,-0.059143200290269045,-0.681615904170144,0.1291547958214625,0.13483885112913835,0.1568862275449102,0.679355001024548,0.1761051083758622,-0.6554060637000594,Communication Equipment,Technology,INSG
2013Q1,2013,Q1,2013-05-10,2013-03-31,-9122000.0,85921000.0,-9185000.0,-0.27,16848000.0,0.19608710326928225,155683000.0,76966000.0,127545000.0,76263000.0,78717000.0,30190000.0,-337200000.0,66422490.0,52972490.0,2.282706053326215,1.672436174816097,0.030973195531946326,0.06265104071927864,-0.11128992439934333,2.282706053326215,-0.11851986591481953,0.7730646756904599,-1.820392731857049,0.8630108099680379,0.0,2.287943027492547,0.0,0.551897124284604,1.2035718500452381,-0.058593423816344754,-68.54746130030959,0.19608710326928225,0.39999999999999997,-5.802966658992314,-0.05585562695294497,-0.6538121001011868,0.24266115946304764,0.38827789699570814,0.3716650704610754,-1.489518291265994,0.10008038227930481,-0.6582762245974701,Communication Equipment,Technology,INSG
2012Q4,2012,Q4,2013-03-04,2012-12-31,-14912000.0,70675000.0,-14618000.0,-0.45,13558000.0,0.1918358684117439,161531000.0,85447000.0,140731000.0,73532000.0,76084000.0,39016000.0,-328078000.0,44363480.0,28319480.0,2.5616680657153137,1.9138742316270467,0.0,0.0,-0.1750083939491361,2.5616680657153137,-0.17451753718679416,0.6277110718075699,-0.7437546942060087,0.5191929500157992,0.0,1.4639378716424032,0.0,0.4375321145786258,1.3158896806832399,-0.09231664510217853,-5.7577521090201165,0.1918358684117439,0.5360824742268041,-2.2650129876901097,-0.41575288535009963,-0.6171703574068657,-0.07428649460603577,0.5330222653681145,0.541079333186827,-15.644371239321968,-0.25453466756554727,-0.6216730902449287,Communication Equipment,Technology,INSG
2012Q3,2012,Q3,2012-11-09,2012-09-30,-31933000.0,71017000.0,-31853000.0,-0.97,14646000.0,0.20623231057352465,165602000.0,97707000.0,139883000.0,64136000.0,67895000.0,36527000.0,-313166000.0,66478739.99999999,50137739.99999999,2.954193626413497,2.1810371710116003,0.0,0.0,-0.3271013415091875,2.954193626413497,-0.326824076064151,0.9360961459932128,-0.5204548586102151,0.6803887131935275,0.0,1.5432693623894653,0.0,0.42884143911305417,1.5056910315579395,-0.19282979674158524,359.3445405405405,0.20623231057352465,-5.928571428571428,-4.386868318388185,-0.33797477785059477,-0.5254440372922993,-0.3700916089630554,-6.096222222222222,-6.166029246344207,-5.762189649064451,-0.30104432458437747,-0.5629734381005963,Communication Equipment,Technology,INSG
2012Q2,2012,Q2,2012-08-09,2012-06-30,-4500000.0,102446000.0,-4445000.0,-0.14,23251000.0,0.2269585928196318,200421000.0,128012000.0,147026000.0,68543000.0,72409000.0,39565000.0,-281233000.0,81358260.0,66161260.0,3.917855175368795,2.1450184555680374,0.0,0.0,-0.034607947365399606,3.917855175368795,-0.03515295441052401,0.7941575073697362,-4.519903333333334,0.6355518232665688,0.0,2.001642866169594,0.0,0.511154020786245,1.4534088090687598,-0.022452736988638915,-10.63645705320957,0.2269585928196318,0.8803418803418802,-1.5332854801268936,-0.007956889046153359,-0.3223594822475173,0.1078235182008767,0.881332243348013,0.8824913421630053,-4.256071341127502,0.13825019868019142,-0.3962993652949728,Communication Equipment,Technology,INSG
2012Q1,2012,Q1,2012-05-10,2012-03-31,-37921000.0,100150000.0,-37827000.0,-1.17,20988000.0,0.20956565152271592,213369000.0,129751000.0,153121000.0,79534000.0,83618000.0,43275000.0,-276733000.0,108191600.0,86411600.0,4.017556353728016,1.9252269469660774,0.0,0.0,-0.29295680824514486,4.017556353728016,-0.2922597899052801,1.0802955566650025,-0.7132696922549512,0.8338402016169433,0.0,1.8292778740612363,0.0,0.4693746514254648,1.2873990997560791,-0.17772497410589166,-5.578899602949518,0.20956565152271592,-10.100564042303173,-4.476036346900218,-0.15541644506651536,-0.198289482872652,-0.184171655134883,-10.140129259694477,-14.082535885167465,-13.4861994048957,0.33863004634854793,-0.3781980547496207,Communication Equipment,Technology,INSG
2011Q4,2011,Q4,2012-03-06,2011-12-31,-3404000.0,109794000.0,-2508000.0,-0.10540004954173891,25726000.0,0.23431152886314371,249179000.0,166025000.0,160187000.0,79074000.0,83154000.0,42279000.0,-238812000.0,101086480.0,54017480.0,5.140729502105524,2.0257859726332295,0.0,0.0,-0.0222122523768344,5.140729502105524,-0.020502936304773376,0.9206922054028454,-7.42409518213866,0.6088630025598555,0.0,1.9884103219092222,0.0,0.44062300595154485,1.4187343501024356,-0.013660862271700264,4.203704412192789,0.23431152886314371,-1.7528574967267065,-2.2179832685167034,0.32063094719898905,0.14574588965697016,-0.03611839640314725,-1.7567807914628724,0.5853174603174603,-0.07404134990771974,0.5864874907109241,-0.21090235812691047,Communication Equipment,Technology,INSG
2011Q3,2011,Q3,2011-11-09,2011-09-30,4498000.0,113263000.0,-6048000.0,0.14,26690000.0,0.23564623928379083,251226000.0,167301000.0,162584000.0,81650000.0,83925000.0,49149000.0,-235408000.0,96812140.0,74885140.0,5.218860155348286,1.9912308634415188,0.0,0.0,0.024389463188629796,5.218860155348286,0.02688567312807455,0.8547552157368249,5.380843708314806,0.5786704203800336,0.0,1.7614397037579606,0.0,0.45084107536640317,1.3415676668707899,0.017904197813920535,-9.31333718133718,0.23564623928379083,2.166666666666667,5.65179276508691,0.9011728950828116,0.20188150329854432,0.01940264303720113,2.153925089789636,-0.9503386004514672,5.077515427079549,0.36990649037807805,-0.2039018003697422,Communication Equipment,Technology,INSG
2011Q2,2011,Q2,2011-08-09,2011-06-30,-3898000.0,118021000.0,-3101000.0,-0.12,26182000.0,0.22184187559841045,256651000.0,161287000.0,154177000.0,82836000.0,95364000.0,50145000.0,-239906000.0,175623040.0,143610040.0,5.032669745381927,1.8612318315708147,0.0,0.0,-0.020685970596906522,5.032669745381927,-0.024168097862815974,1.4880660221486006,-11.263663417136994,1.0888852790367483,0.0,1.8314687406521089,0.0,0.4598501466972659,1.2029552368535419,-0.01518794004309354,10.654798277012679,0.22184187559841045,0.8260869565217391,-38.82950771211603,1.3833779430899649,0.17685465412096024,3.3680347013680345,0.8235240854762768,0.8594925237879475,-5.009958932399719,0.28955815481842495,-0.2239743120477284,Communication Equipment,Technology,INSG
2011Q1,2011,Q1,2011-05-10,2011-03-31,-22088000.0,61784000.0,-22070000.0,-0.69,5994000.0,0.09701540852000518,251254000.0,163945000.0,143657000.0,75057000.0,87309000.0,55378000.0,-236008000.0,174174000.0,160488000.0,5.139341692789968,1.9139720479102549,0.0,0.0,-0.13643688727030226,5.139341692789968,-0.13472811003690263,2.819079373300531,-1.9713645418326693,1.06239287565952,0.0,1.0074397775289827,0.0,0.2459025527951794,1.1088372836644151,-0.08791103823222715,-4.591137939215014,0.09701540852000518,-23.003271537622684,-14.111185120664038,0.416707927680261,0.23166924114565593,-0.7243250701375156,-23.087241003271536,-2.7305611899932387,-13.292328009481349,-0.2824150016221848,-0.2205838746093193,Communication Equipment,Technology,INSG
2010Q4,2010,Q4,2011-03-16,2010-12-31,-917000.0,119278000.0,-5916000.0,-0.028746081504702193,21743000.0,0.18228843541977566,302108000.0,185403000.0,190993000.0,103819000.0,116705000.0,43094000.0,-213920000.0,304645000.0,287325000.0,5.812006269592477,1.8396728922451575,0.0,0.0,-0.005373209976922394,5.812006269592477,-0.004945982535341931,2.5540753533761467,-83.05479825517995,1.6431503265858698,0.0,2.263308117139277,0.0,0.39481907132548627,1.355435902869417,-0.0030353383558197732,-23.54834969467419,0.18228843541977566,0.8693359931604445,-7.978645819839891,1.2561616231731905,0.41028493684301875,0.6484457922668688,0.870935960591133,0.0730178627389533,-1.081341412021262,0.03103732982045187,-0.13142209456562132,Communication Equipment,Technology,INSG
2010Q3,2010,Q3,2010-11-05,2010-09-30,-7105000.0,75602000.0,-6382000.0,-0.22,13190000.0,0.1744662839607418,254425000.0,183644000.0,201149000.0,58597000.0,70781000.0,15982000.0,-213003000.0,249126200.0,133092200.0,5.808761663767199,3.432752529993003,0.0,0.0,-0.029900843086330897,5.808761663767199,-0.038688985210515996,3.295232930345758,-8.765876143560872,1.3565714099017665,0.0,3.9051432861969717,0.0,0.29714847204480693,3.069064969196375,-0.02792571484720448,30.8095720999258,0.1744662839607418,0.6986301369863014,-2.2035079736566807,0.6566605328736832,0.45538182403946736,-0.029576221306650972,0.6885957223001402,0.20364362365859745,-1.788344802634538,-0.26270882784798866,-0.06689173693898194,Communication Equipment,Technology,INSG
2010Q2,2010,Q2,2010-08-06,2010-06-30,-22816000.0,71823000.0,-8014000.0,-0.73,13592000.0,0.1892430001531543,289735000.0,188380000.0,271187000.0,86376000.0,101355000.0,16229000.0,-206675000.0,180459860.0,193509860.0,5.991920862622857,3.139610539964805,0.09719226189448979,0.1494850833421807,-0.11676427965902444,5.991920862622857,-0.12111689138974413,2.5125636634504267,-1.9773389288218794,0.9579565771313303,0.0,3.5880830611867642,0.0,0.2478920392772706,0.7015837732703529,-0.0787478212849673,-20.172128325508606,0.1892430001531543,-5.636363636363637,-8.286829145334547,0.7193231216556587,0.6371011232102631,-0.23507231695649727,-5.732369430510475,-0.7087420042643924,-3.8100906803455734,-0.2771758371558883,0.03637530585786538,Communication Equipment,Technology,INSG
2010Q1,2010,Q1,2010-05-10,2010-03-31,-3389000.0,72239000.0,-4690000.0,-0.11,17769000.0,0.24597516576918285,282355000.0,208315000.0,204335000.0,53232000.0,74040000.0,19081000.0,-183859000.0,209875050.0,123949050.0,6.679974346641013,3.8385745416290953,0.0,0.0,-0.016464990360972633,6.679974346641013,-0.016268631639584284,2.9052873101787124,-15.482078046621425,1.0074888990231141,0.0,2.854672186992296,0.0,0.2558445927998442,3.2488540727382027,-0.012002620814223229,23.030291890705584,0.24597516576918285,-4.603308823529412,-2.188009424332627,1.0773741577750215,0.8807160540336517,-0.23544597908867948,-4.559873949579832,-6.818858560794045,-1.321720758834025,-0.36909149678188113,0.3330007637288118,Communication Equipment,Technology,INSG
2009Q4,2009,Q4,2010-03-12,2009-12-31,952000.0,88636000.0,806000.0,0.03052749719416386,23241000.0,0.2622072295681213,282507000.0,211155000.0,200164000.0,50696000.0,71352000.0,24973000.0,-180470000.0,248544450.0,148703450.0,6.771043771043771,3.9483193940350323,0.0,0.0,0.0030205628340503063,6.771043771043771,0.004508536383225592,2.8041027347804506,65.26902573529412,1.1770711089010442,0.0,2.618628118367837,0.0,0.3137479779262107,3.2347325232759983,0.0033698280042618414,662.7852,0.2622072295681213,-0.8473625140291807,-0.8287477523775769,1.4634789012266927,0.9595251839940394,-0.220231504781077,-0.8470191226096738,-0.8888275862068965,-0.6472299493800717,0.10411929504758707,0.5091040223344522,Communication Equipment,Technology,INSG
2009Q3,2009,Q3,2009-11-02,2009-09-30,6223000.0,94293000.0,7250000.0,0.2,29805000.0,0.31608921128821865,293974000.0,207484000.0,218567000.0,69220000.0,86490000.0,26327000.0,-181422000.0,348683840.0,242990840.0,6.759757607349971,3.157570066454782,0.0,0.0,0.028230584514716196,6.759757607349971,0.02999267413390912,3.69787619441528,14.007867587980073,1.6805336315089354,0.0,2.449500512781555,0.0,0.3207528556947213,2.611918520658769,0.021168538714308068,12.973799672570323,0.31608921128821865,7.666666666666667,0.15696981005762253,1.7846489275992707,1.06214244009545,0.6062190127182583,8.77875,6.2308802308802305,7.721560270727852,0.6530363171772512,0.5567436936836953,Communication Equipment,Technology,INSG
2009Q2,2009,Q2,2009-07-31,2009-06-30,-800000.0,84100000.0,-1386000.0,-0.03,18556000.0,0.22064209274673008,270924000.0,198138000.0,216914000.0,53351000.0,72786000.0,18921000.0,-187645000.0,275389620.0,187983620.0,6.4897317480593495,4.065790706828363,0.0,0.0,-0.005978223963366771,6.4897317480593495,-0.004037589962551353,3.2745495838287755,-86.05925624999999,1.3898879568785392,0.0,3.4640875218011735,0.0,0.31041915814029025,3.458885494180053,-0.0029528576279694674,22.4826206220916,0.22064209274673008,0.625,-1.1937462237979681,1.7043027379826674,0.7980215129220579,0.15570503238664674,0.6751928542427933,0.6464285714285715,-9.149646002596153,0.7827462198750923,0.5175784222098992,Communication Equipment,Technology,INSG
2009Q1,2009,Q1,2009-05-11,2009-03-31,-2463000.0,70393000.0,-3920000.0,-0.08,16056000.0,0.22809086130723225,269465000.0,196335000.0,220122000.0,54073000.0,73130000.0,27184000.0,-186845000.0,170774940.0,119389940.0,6.461151150162898,4.070830174024005,0.0,0.0,-0.013940650536633306,6.461151150162898,-0.012544885017954007,2.4260216214680437,-17.334037758830693,0.869814042325617,0.0,1.9988596233078282,0.0,0.2612324420611211,3.247073400773029,-0.009140333624032805,-17.651156589147288,0.22809086130723225,0.18478873239436622,-3.362924733156028,1.3367144094004737,3.848901738392714,1.0879063719115736,0.17404426559356137,0.37738246505717915,-0.7689249249319734,0.6944807281437042,0.5484475658065068,Communication Equipment,Technology,INSG
2008Q4,2008,Q4,2009-03-16,2008-12-31,-2982000.0,65115000.0,-6296000.0,-0.09813407049067036,7690000.0,0.11809874836827151,260731000.0,197962000.0,217006000.0,43853000.0,62769000.0,23229000.0,-184382000.0,140995680.0,63531680.0,6.51469378352585,4.948486990627779,0.0,0.0,-0.015480725645335279,6.51469378352585,-0.015063497034784453,2.1653333333333333,-11.820563380281689,0.7122360857134197,0.0,2.4721253605407036,0.0,0.2497401536449444,4.021184411556792,-0.01143707499300045,520.2792619926199,0.11809874836827151,-2.2711356830223455,0.1914354946327222,2.0869392951446892,10.523541294771587,-0.5384984696633259,-1.8508604206500956,-1.580327868852459,-24.82387041870613,0.29298581787130146,0.5807922574205292,Communication Equipment,Technology,INSG
2008Q3,2008,Q3,2008-11-17,2008-09-30,-1046000.0,78398000.0,-2440000.0,-0.03,16663000.0,0.21254368733896273,270784000.0,199269000.0,230292000.0,52342000.0,71515000.0,30363000.0,-181400000.0,184205820.0,105370820.0,6.555548244892588,4.399755454510718,0.0,0.0,-0.0061136027661546945,6.555548244892588,-0.005249185774003984,2.3496239699992345,-44.02624760994263,0.9244078105475513,0.0,2.033231235385173,0.0,0.28952227605766956,3.4534026212219633,-0.0038628574805010638,13.153800342759212,0.21254368733896273,-2.0,0.8427839476511028,1.5545532182083988,7.006358541803403,-0.2652350295440515,-2.0987394957983194,-2.8944099378881987,-1.184280353595976,0.7867660325230346,0.6424887634385952,Communication Equipment,Technology,INSG
2008Q2,2008,Q2,2008-11-10,2008-06-30,952000.0,89630000.0,1288000.0,0.03,22678000.0,0.25301796273569116,286698000.0,203544000.0,245178000.0,63884000.0,83154000.0,35355000.0,-180354000.0,349326180.0,267102180.0,6.4851844771554195,3.837862375555695,0.0,0.0,0.0026544185733653573,6.4851844771554195,0.004677121408638918,3.897424746178735,91.73481617647059,1.7162194906261057,0.0,1.8937066892943006,0.0,0.312628619662502,3.0213198923048026,0.003320567286831439,144.17093685513825,0.25301796273569116,-0.5,1.0431667553452793,1.6637747722538228,5.999743057450717,0.04453963428676708,-0.48063284233497,-0.24457478005865102,-0.6954428636976303,1.1492162324296378,0.7718696616980251,Communication Equipment,Technology,INSG
2008Q1,2008,Q1,2008-11-10,2008-03-31,1833000.0,87830000.0,1705000.0,0.06,21711000.0,0.24719344187635203,294756000.0,214570000.0,256402000.0,61105000.0,80186000.0,32434000.0,-181306000.0,314996880.0,216169880.0,6.59383546910052,4.196088699779069,0.0,0.0,0.0038738069738890333,6.59383546910052,0.00854266672880645,3.5864383468063306,42.96193126022913,1.4680378431281167,0.0,2.038570635752605,0.0,0.29797527446430266,3.429375664839211,0.006218702927166877,-395.7247236180905,0.24719344187635203,-0.8302208695652175,1.130463668247696,1.5175465518403566,8.491113512663347,-0.3834904588823262,-0.8406086956521739,-0.882088520055325,-0.38421992029964,1.4204757480542638,0.8564640492414016,Communication Equipment,Technology,INSG
2007Q4,2007,Q4,2008-03-03,2007-12-31,11500000.0,118012000.0,14460000.0,0.35340032574290897,35216000.0,0.2984103311527641,296629000.0,217745000.0,264009000.0,63318000.0,78884000.0,25876000.0,-183139000.0,527164232.541,442926232.541,6.69140468946867,4.169572633374396,0.0,0.0,0.04746460486078524,6.69140468946867,0.05281407150566029,4.467039220935159,11.46009201176087,2.4210164758823396,0.0,3.1997217498840627,0.0,0.3978437711754414,3.552781199658865,0.038768967295847674,17.587383483719222,0.2984103311527641,0.26214402051038904,1.3476456386472917,2.181324078474048,6.189960142173369,0.13556042822133368,0.25067971723762916,0.1479834868212131,0.9824946574899606,2.1432557765367304,0.9364778088398674,Communication Equipment,Technology,INSG
2007Q3,2007,Q3,2007-11-09,2007-09-30,9195000.0,104616000.0,12596000.0,0.28,31012000.0,0.2964364915500497,265743000.0,200793000.0,226980000.0,64597000.0,64950000.0,22441000.0,-194639000.0,755089550.0,688382550.0,6.225174391567199,3.5137854699134636,0.0,0.0,0.03985338842320547,6.225174391567199,0.045793429053801675,7.217725300145293,20.529895323545404,3.7605372199230054,0.0,3.279889487990731,0.0,0.3936735868865784,3.018638636469186,0.03460109955859609,-154.38346963811082,0.2964364915500497,0.1200000000000001,1.0203206614328484,-0.8080723162363422,-0.8149358505936573,0.012835167706326138,0.15500565255621154,0.13212295523997844,0.6267859083339119,1.939987944366095,0.8990616314241866,Communication Equipment,Technology,INSG
2007Q2,2007,Q2,2007-08-09,2007-06-30,7961000.0,97427000.0,11126000.0,0.25,30619000.0,0.3142763299701315,232906000.0,178224000.0,191940000.0,54308000.0,54682000.0,29543000.0,-203834000.0,802092520.0,750868520.0,5.781612924154934,3.534285924725639,0.0,0.0,0.03963723509962178,5.781612924154934,0.04466850704731125,8.232753959374712,25.18818364527069,4.500474234670976,0.0,2.2613817147886133,0.0,0.41831039131666853,2.8099543345363482,0.034181171803216746,124.4132961067163,0.3142763299701315,-0.26470588235294124,1.1526507711428955,1.0206225641575783,1.0038155780524767,-0.09928222627522504,-0.21225014842667722,-0.27114313789715033,0.9095662872986224,2.1028622595246915,0.6018326828574039,Communication Equipment,Technology,INSG
2007Q1,2007,Q1,2007-05-10,2007-03-31,10106000.0,109848000.0,15265000.0,0.34,33994000.0,0.309463986599665,219433000.0,149926000.0,187988000.0,69507000.0,69507000.0,27183000.0,-211795000.0,479884749.918,440253749.918,5.01123069723912,2.7045909045132146,0.0,0.0,0.06238020941902522,5.01123069723912,0.06740658724970985,4.3686252814616555,11.871283146596083,3.200810732748156,0.0,2.7904940587867415,0.0,0.5005992717594893,2.165853798897953,0.04605506008667794,167.20722993658535,0.309463986599665,2.928976438779452,1.1680350888522837,0.9977657195895402,-0.09120006032806477,0.6623795784634946,2.903437620702974,5.007477371113735,8.847365058130903,2.7035958134484654,2.7607795692439545,Communication Equipment,Technology,INSG
