Quarters,Year,Quarter,FillingDate,Date,NetIncome,Revenue,OperatingIncome,EPSDiluted,GrossProfit,GrossProfitRatio,TotalAssets,CommonStockEquity,CurrentAssets,CurrentLiability,TotalLiability,Inventory,RetainedEarnings,MarketCap,EnterpriseValue,bookValuePerShare,currentRatio,debtToAssets,debtToEquity,roic,shareholdersEquityPerShare,roe,priceToSalesRatio,peRatio,pbRatio,payoutRatio,inventoryTurnover,dividendYield,assetTurnover,quickRatio,returnOnAssets,priceToFreeCashFlowsRatio,grossProfitMargin,epsdilutedGrowth,fiveYNetIncomeGrowthPerShare,fiveYRevenueGrowthPerShare,fiveYShareholdersEquityGrowthPerShare,grossProfitGrowth,netIncomeGrowth,operatingIncomeGrowth,threeYNetIncomeGrowthPerShare,threeYRevenueGrowthPerShare,threeYShareholdersEquityGrowthPerShare,Industry,Sector,Symbol
2023Q1,2023,Q1,2023-04-26,2023-03-31,155700000.0,559500000.0,119900000.0,4.09,172000000.0,0.3074173369,6273500000.0,704200000.0,377500000.0,694400000.0,5569300000.0,63500000.0,700400000.0,4832540000.0,9081340000.0,18.72872340425532,0.5436347926267281,0.7049812704232087,6.280460096563476,0.01743068718695945,18.72872340425532,0.22110195967054813,8.637247542448614,7.759377007064869,6.86245384833854,0.17148362235067438,6.102362204724409,0.005525044800456903,0.0891846656571292,0.3569988479262673,0.024818681756595202,59.51403940886699,0.30741733690795353,135.33333333333331,-0.01709141921907881,2.3958256060963685,1.3547172615361753,0.30997715156131,154.7,0.43937575030012005,8.0254705400982,1.3358982610231946,0.7171600904132476,Gambling,Consumer Cyclical,CHDN
2022Q4,2022,Q4,2023-02-22,2022-12-31,1000000.0,480100000.0,83300000.0,0.03,131300000.0,0.2734846907,6206800000.0,551500000.0,344500000.0,621600000.0,5655300000.0,74900000.0,552400000.0,3974884000.0,8450784000.0,14.667553191489361,0.5542149292149292,0.742040987304247,8.351223934723482,-0.005210379225536236,14.667553191489361,0.001813236627379873,8.27928348260779,993.721,7.20740525838622,0.3,4.656875834445928,7.547390062200556e-05,0.07735064767674164,0.3624517374517375,0.00016111361732293612,-83.68176842105264,0.2734846906894397,-0.9798657718120806,-0.9680433329620141,4.582393161837382,0.051445715273093294,0.2797270955165692,-0.9824561403508771,-0.24819494584837545,-0.7300531914893618,0.8474905597428004,0.17155746522618148,Gambling,Consumer Cyclical,CHDN
2022Q3,2022,Q3,2022-10-26,2022-09-30,57000000.0,383100000.0,110800000.0,1.49,102600000.0,0.2678151919,4674100000.0,612700000.0,1806300000.0,491700000.0,4061400000.0,1582600000.0,613600000.0,3480435000.0,6550635000.0,16.20899470899471,3.673581452104942,0.6805160351725466,5.191447690550024,0.022681849671871684,16.20899470899471,0.09303084707034438,9.08492560689115,15.265065789473685,5.680488003917088,0.0,0.17723998483508152,0.0,0.08196230290323271,0.36607687614399026,0.012194861042767591,-40.37627610208817,0.2678151918559123,-0.8304891922639362,3.144568006843456,0.477740969322926,0.1879177026071485,-0.5712494776431258,-0.8320070733863837,-0.44516775162744116,3.075504075504075,0.3235286496794822,0.17797926664205735,Gambling,Consumer Cyclical,CHDN
2022Q2,2022,Q2,2022-07-27,2022-06-30,339300000.0,582500000.0,199700000.0,8.79,239300000.0,0.4108154506,4619600000.0,602900000.0,2004900000.0,528400000.0,4016700000.0,1589300000.0,603800000.0,3648646500.0,6499746500.0,15.824146981627296,3.7942846328538984,0.6843233180361936,5.243489799303367,0.03750925895899602,15.824146981627296,0.5627798971637087,6.263770815450644,2.6883631741821397,6.051827002819705,0.0,0.21594412634493174,0.0,0.12609316823967442,0.7108251324753975,0.07344791756862067,27.228705223880596,0.41081545064377684,7.0642201834862375,4.4934383202099735,0.6340891389461467,0.27108980411208783,1.5675965665236051,7.059382422802851,1.2238307349665924,2.3343699684598245,0.2842007285746173,0.14684311216926543,Gambling,Consumer Cyclical,CHDN
2022Q1,2022,Q1,2022-04-27,2022-03-31,42100000.0,364100000.0,89800000.0,1.09,93200000.0,0.2559736336,3036900000.0,317800000.0,520300000.0,432200000.0,2719100000.0,65500000.0,318700000.0,4247087000.0,5919487000.0,8.297650130548304,1.2038408144377604,0.6476670288781323,6.189112649465073,0.02823785051203502,8.297650130548304,0.13247325361862808,11.664616863499038,25.22023159144893,13.364024543738198,0.6104513064133017,4.13587786259542,0.006051206391580865,0.11989199512660938,0.9261915779731605,0.013862820639467878,53.28841907151819,0.25597363361713815,-0.018018018018018032,6.363246181909225,0.6632171398945338,-0.4110101736336013,0.11750599520383694,-0.02771362586605081,0.19256308100929614,2.8283064733951564,0.4471126886654166,-0.26630539445359713,Gambling,Consumer Cyclical,CHDN
2021Q4,2021,Q4,2022-02-23,2021-12-31,43300000.0,364800000.0,75300000.0,1.11,83400000.0,0.2286184211,2981600000.0,306800000.0,501500000.0,395000000.0,2674800000.0,0.0,307700000.0,4613235000.0,6289935000.0,8.010443864229766,1.269620253164557,0.6600482962167964,6.4146023468057365,0.026691032080418634,8.010443864229766,0.14113428943937417,12.645929276315789,26.63530600461894,15.036619947848761,0.0,0.0,0.0,0.12235041588408908,1.011645569620253,0.014522404078347196,160.18177083333333,0.22861842105263158,-0.2929936305732484,1.0628288063598457,0.6736001591160053,-0.4281595548016999,-0.2109744560075686,-0.2947882736156352,0.11390532544378698,3.0263385935138105,0.7657855711577667,-0.31285862481030086,Gambling,Consumer Cyclical,CHDN
2021Q3,2021,Q3,2021-10-27,2021-09-30,61400000.0,393000000.0,67600000.0,1.57,105700000.0,0.2689567430025445,2973500000.0,338800000.0,528100000.0,352500000.0,2634700000.0,0.0,339700000.0,4633544000.0,6286844000.0,8.77720207253886,1.4981560283687942,0.6621826130822264,5.811688311688312,0.020507716481402666,8.77720207253886,0.18122786304604485,11.790188295165395,18.866221498371335,13.676340023612752,0.0,0.0,0.0,0.13216747940137885,1.1943262411347517,0.02064906675634774,135.48374269005848,0.2689567430025445,-0.431159420289855,7.995533321422192,0.6510292676095785,-0.3790072735563534,-0.4127777777777778,-0.433056325023084,-0.5007385524372231,0.15274390524484865,0.8770852405357885,-0.30423577897885085,Gambling,Consumer Cyclical,CHDN
2021Q2,2021,Q2,2021-07-28,2021-06-30,108300000.0,515100000.0,135400000.0,2.76,180000000.0,0.34944670937682004,2970600000.0,317400000.0,532600000.0,369500000.0,2653200000.0,0.0,309500000.0,3836331000.0,5464231000.0,8.2015503875969,1.4414073071718538,0.6631993536659261,6.206994328922495,0.042764597163136076,8.2015503875969,0.34120982986767484,7.447740244612697,8.855796398891966,12.08673913043478,0.0,0.0,0.0,0.17339931327004646,1.1683355886332882,0.03645728135730156,18.027871240601502,0.34944670937682004,2.0329670329670324,0.9845738655294197,0.5025059001352392,-0.40279972905847816,1.3376623376623376,2.0,1.899357601713062,0.09929397965398243,0.42081744737713167,-0.2670723947535869,Gambling,Consumer Cyclical,CHDN
2021Q1,2021,Q1,2021-04-21,2021-03-31,36100000.0,324300000.0,46700000.0,0.91,77000000.0,0.23743447425223557,2787100000.0,202200000.0,346800000.0,305200000.0,2584900000.0,0.0,201400000.0,4434690000.0,6258290000.0,5.184615384615385,1.1363040629095675,0.7072943202612034,9.749258160237389,0.014830737534204155,5.184615384615385,0.1785361028684471,13.674653098982423,30.711149584487533,21.932195845697326,0.6869806094182825,0.0,0.005592273642577046,0.1163575042158516,0.8597640891218873,0.01295253130494062,-138.15233644859813,0.23743447425223557,1.116279069767442,15.364010989010989,0.4272244745545717,-0.5856660291597326,0.47509578544061304,1.1111111111111112,1.0572687224669604,-0.7802874049027895,0.8976472022430818,-0.3481508014686128,Gambling,Consumer Cyclical,CHDN
2020Q4,2020,Q4,2021-02-24,2020-12-31,17100000.0,278200000.0,22700000.0,0.43,52200000.0,0.18763479511143064,2686400000.0,367100000.0,235100000.0,424200000.0,2319300000.0,0.0,349800000.0,3856842000.0,5411742000.0,9.27020202020202,0.5542197076850542,0.6038936867182847,4.419231816943612,0.011205496918097052,9.27020202020202,0.04658131299373468,13.863558590941768,56.38657894736842,10.506243530373194,0.0,0.0,0.0,0.10355866587254318,0.3613861386138614,0.006365396069088743,-197.78676923076924,0.18763479511143064,-0.601851851851852,1.9661906088051535,0.3301418514277424,-0.22538163862125252,-0.41216216216216217,-0.6041666666666666,-0.5414141414141415,-0.4811399333650642,2.971021338075128,-0.33546420001987703,Gambling,Consumer Cyclical,CHDN
2020Q3,2020,Q3,2020-10-28,2020-09-30,43200000.0,337800000.0,49500000.0,1.08,88800000.0,0.26287744227353466,3263000000.0,372200000.0,806600000.0,471000000.0,2890800000.0,0.0,357600000.0,3235445000.0,4781045000.0,9.422784810126583,1.7125265392781317,0.664296659515783,5.823750671681892,0.014736966441617866,9.422784810126583,0.11606663084363246,9.577989934872706,18.723640046296296,8.692759269210102,0.0,0.0,0.0,0.103524364082133,1.5195329087048832,0.01323935029114312,-175.83940217391304,0.26287744227353466,1.3588039867109636,12.541690835659882,0.5907971405476611,-0.3599700010000437,3.0,1.3636363636363635,124.75,2.005957704843478,0.24692551429076917,-0.3094270752278299,Gambling,Consumer Cyclical,CHDN
2020Q2,2020,Q2,2020-07-29,2020-06-30,-118800000.0,185100000.0,-400000.0,-3.01,22200000.0,0.11993517017828201,3216000000.0,320100000.0,817700000.0,488200000.0,2893300000.0,0.0,314900000.0,2629712500.0,4148412500.0,8.103797468354431,1.674928308070463,0.6740982587064677,6.772571071540144,-0.00012045118154442914,8.103797468354431,-0.3711340206185567,14.206982712047543,-5.533906776094276,8.215284286160575,0.0,0.0,0.0,0.05755597014925373,1.5024580090126998,-0.036940298507462686,-53.01839717741935,0.11993517017828201,-4.101694915254237,-3.8408888079409893,-0.40464338238671527,-0.44299295014369744,-0.26732673267326734,-4.076923076923077,0.9655172413793104,-2.8552597119161938,-0.49914257943255064,-0.34905468531262424,Gambling,Consumer Cyclical,CHDN
2020Q1,2020,Q1,2020-04-29,2020-03-31,-23400000.0,252900000.0,-11600000.0,-0.59,30300000.0,0.11981020166073547,3203800000.0,433000000.0,843000000.0,344100000.0,2768200000.0,0.0,433900000.0,2043557500.0,3504557500.0,10.906801007556675,2.4498692240627724,0.6747924339846433,4.9928406466512705,-0.002954062613597207,10.906801007556675,-0.05404157043879908,8.080496243574535,-21.832879273504272,4.71953233256351,-1.0,0.0,0.011450619813731692,0.07893751170485049,2.2162162162162162,-0.007303826705786878,-425.74114583333335,0.11981020166073547,-6.8999999999999995,-18.59842593520725,0.3152358764224169,-0.1913823546061055,-0.16758241758241757,-6.85,-4.314285714285714,-4.948310962354647,0.11451359255237181,-0.22580553161631384,Gambling,Consumer Cyclical,CHDN
2019Q4,2019,Q4,2020-02-26,2019-12-31,4000000.0,280600000.0,3500000.0,0.1,36400000.0,0.12972202423378476,2551000000.0,508300000.0,221200000.0,301200000.0,2040000000.0,0.0,509200000.0,2785160000.0,4162860000.0,12.519704433497537,0.7343957503320053,0.5777734221873775,2.899665551839465,0.0009387344837407355,12.519704433497537,0.007869368483179226,9.925730577334283,174.0725,5.479362581152862,0.0,0.0,0.0,0.10999607996863975,0.4913678618857902,0.0015680125441003528,-133.90192307692308,0.12972202423378476,-0.7222222222222223,1.3664450922838096,1.1087794005617897,-0.08152002428877599,-0.4231378763866878,-0.7297297297297297,-0.8741007194244604,-0.8202338063377693,0.21438749338435853,-0.10625759591528525,Gambling,Consumer Cyclical,CHDN
2019Q3,2019,Q3,2019-10-30,2019-09-30,14800000.0,306300000.0,27800000.0,0.36,63100000.0,0.2060071825008162,2562500000.0,550400000.0,301900000.0,275800000.0,2012100000.0,0.0,551300000.0,2469100000.0,3753500000.0,13.76,1.0946337926033358,0.5752975609756098,2.6784156976744184,0.008996242765705955,13.76,0.02688953488372093,8.061051256937644,41.707770270270274,4.486010174418604,0.0,0.0,0.0,0.11953170731707317,0.8216098622189992,0.0057756097560975606,180.22627737226279,0.2060071825008162,-0.8631178707224335,4.350382327952421,1.2514147928483,-0.017361422883108987,-0.6627471940138963,-0.861811391223156,-0.8222506393861893,1.0924137931034483,0.24175675675675665,-0.02647109577221748,Gambling,Consumer Cyclical,CHDN
2019Q2,2019,Q2,2019-07-31,2019-06-30,107100000.0,477400000.0,156400000.0,2.63,187100000.0,0.3919145370758274,2588500000.0,553300000.0,348500000.0,308800000.0,2035200000.0,0.0,551300000.0,2334221000.0,3606021000.0,13.798004987531172,1.1285621761658031,0.5696349237009851,2.664919573468281,0.056861497210556784,13.798004987531172,0.19356587746249773,4.889444909928781,5.448695144724557,4.21872582685704,0.0,0.0,0.0,0.1844311377245509,0.8921632124352331,0.041375313888352326,25.59452850877193,0.3919145370758274,8.068965517241379,1.4500129248852127,1.062012391489833,0.023401251343953024,2.3173758865248226,8.232758620689655,4.585714285714285,0.8940649808144396,0.34392069996047514,0.004709101033823273,Gambling,Consumer Cyclical,CHDN
2019Q1,2019,Q1,2019-04-24,2019-03-31,11600000.0,265400000.0,28000000.0,0.29,56400000.0,0.21250941974378296,2478500000.0,456900000.0,259400000.0,297700000.0,2021600000.0,0.0,457800000.0,1831130000.0,3186230000.0,11.30940594059406,0.8713469936177359,0.5950373209602582,3.227839789888378,0.009374486541478447,11.30940594059406,0.02538848763405559,6.899510173323286,39.46400862068966,4.007725979426571,1.9137931034482758,0.0,0.01212366134572641,0.1070808957030462,0.6177359758145784,0.00468025015130119,43.39170616113744,0.21250941974378296,0.035714285714285546,22.434978783592644,1.0518335561366787,-0.16126338477770655,0.3857493857493858,0.017543859649122806,1.3333333333333333,4.076025459688825,0.12753360981035688,-0.09619697439553443,Gambling,Consumer Cyclical,CHDN
2018Q4,2018,Q4,2019-02-27,2018-12-31,11400000.0,219000000.0,12000000.0,0.28,40700000.0,0.18584474885844748,1725200000.0,473300000.0,241500000.0,256600000.0,1251900000.0,0.0,474200000.0,1650661979.3433,2401661979.3433,11.657635755114182,0.941153546375682,0.5125782517968931,1.8683710120431016,0.009927020533973981,11.657635755114182,0.024086203253750264,7.5372693120698635,36.19872761717763,3.4875596436579337,0.017543859649122806,0.0,0.00012116351045994775,0.1269418038488291,0.6979734996102884,0.006607929515418502,42.874337125800004,0.18584474885844748,-0.7956204379562044,3.5647453604861012,0.7368890616526463,-0.13806912537085567,-0.14495798319327732,-0.7975133214920072,-0.4146341463414634,0.9287545320495217,0.021301830951270376,-0.025887603474249395,Gambling,Consumer Cyclical,CHDN
2018Q3,2018,Q3,2018-10-31,2018-09-30,56300000.0,221300000.0,20500000.0,1.37,47600000.0,0.21509263443289653,1711700000.0,514700000.0,230300000.0,210900000.0,1197000000.0,0.0,504100000.0,1914201360.0,2668001360.0,12.615196078431373,1.0919867235656708,0.5170882748145119,1.7196425102001165,0.01137091108636097,12.615196078431373,0.10938410724693996,8.649802801626752,8.500006039076377,3.719062288711871,0.0,0.0,0.0,0.1292866740667173,0.7828354670459934,0.03289127767716305,-23.927517,0.21509263443289653,-0.4584980237154149,6.755738299211997,0.5188166472432352,-0.09450013954006684,-0.7058096415327565,-0.4539282250242483,-0.8499267935578331,16.085766819218765,0.008958963457775916,-0.14312975450893067,Gambling,Consumer Cyclical,CHDN
2018Q2,2018,Q2,2018-08-01,2018-06-30,103100000.0,379400000.0,136600000.0,2.53,161800000.0,0.42646283605693197,1696600000.0,453200000.0,354100000.0,274100000.0,1243400000.0,0.0,448100000.0,2001376350.0,2632476350.0,11.190123456790124,1.2918642831083547,0.5220440881763527,1.9543248014121801,0.0774182493970028,11.190123456790124,0.22749338040600176,5.275108987875593,4.852997938894277,4.416099624889673,0.0019398642095053346,0.0,9.993122982591455e-05,0.22362371802428385,1.0649398029916088,0.06076859601556053,29.432005147058824,0.42646283605693197,-0.39473684210526316,1.62190058363266,0.7101512672296362,-0.18228692157710946,3.0962025316455697,-0.43351648351648353,5.934010152284264,1.404576137070142,0.1901731968089279,-0.23085717794226232,Gambling,Consumer Cyclical,CHDN
2018Q1,2018,Q1,2018-04-25,2018-03-31,182000000.0,189300000.0,19700000.0,4.18,39500000.0,0.2086634970945589,1601000000.0,343600000.0,294800000.0,289400000.0,1257400000.0,0.0,344500000.0,1757159999.9999998,2441060000.0,7.953703703703703,1.0186592950932964,0.5537788881948782,2.580325960419092,0.013520512218937186,7.953703703703703,0.529685681024447,9.2824088748019,2.4136813186813186,5.113969732246798,0.13021978021978023,0.0,0.013487673290992284,0.11823860087445347,0.8199723565998618,0.1136789506558401,80.23561643835616,0.2086634970945589,4.097560975609756,204.57905377021632,0.5278048383792678,-0.3722660881292826,2.0618279569892475,3.764397905759162,1.5743440233236152,141.0823705605477,-0.09528416563708099,-0.4103215822317123,Gambling,Consumer Cyclical,CHDN
2017Q4,2017,Q4,2018-02-28,2017-12-31,38200000.0,-163600000.0,-34300000.0,0.82,-37200000.0,0.2273838630806846,2359400000.0,640300000.0,256100000.0,453200000.0,1719100000.0,0.0,634300000.0,1780153469.9999998,2857653470.0,13.949891067538127,0.5650926743159753,0.47859625328473343,1.7635483367171638,0.006145402780909969,13.949891067538127,0.05965953459315946,-10.8811336797066,11.650219044502617,2.780186584413556,0.007853403141361256,0.0,0.0001685247957862869,-0.06933966262609138,0.3020741394527802,0.016190556921251164,62.46152526315789,0.2273838630806846,1.2777777777777777,17.059765102334108,-2.1585103611270497,0.1153937066643295,-1.5284090909090908,1.2874251497005988,-2.0393939393939395,4.095463085647093,-2.087527208521073,0.023402403542784885,Gambling,Consumer Cyclical,CHDN
2017Q3,2017,Q3,2017-11-01,2017-09-30,16700000.0,314800000.0,33000000.0,0.36,70400000.0,0.22363405336721728,2327400000.0,626300000.0,234800000.0,412300000.0,1701100000.0,0.0,627300000.0,1577431530.0,2643631530.0,13.64488017429194,0.5694882367208344,0.48294233909083095,1.7946670924477088,0.011125805995095439,13.64488017429194,0.02666453776145617,5.010900667090216,23.614244461077845,2.5186516525626694,0.0,0.0,0.0,0.13525822806565266,0.3196701430996847,0.007175388845922489,-45.98925743440233,0.22363405336721728,-0.7750000000000001,2.1303283074488797,1.1376695901769673,0.07160546210675064,-0.5786953919808497,-0.7867177522349936,-0.7451737451737451,4.261225041323997,1.0164643482898204,-0.025582438997332292,Gambling,Consumer Cyclical,CHDN
2017Q2,2017,Q2,2017-07-26,2017-06-30,78300000.0,451900000.0,129500000.0,1.6,167100000.0,0.36977207346758134,2282000000.0,601300000.0,208800000.0,441200000.0,1680700000.0,0.0,602800000.0,1475565000.0,2505465000.0,12.44927536231884,0.4732547597461469,0.4696319018404908,1.7823050058207217,0.048178685700221505,12.44927536231884,0.13021786130051555,3.2652467360035407,4.71125478927203,2.4539580908032597,0.0,0.0,0.0,0.19802804557405784,0.2547597461468722,0.03431200701139352,21.0795,0.36977207346758134,10.428571428571427,0.6998111175214201,0.7596596492734543,-0.017827742980032823,2.182857142857143,9.726027397260275,6.4,0.48709224403623047,0.6204977760202846,-0.0766343398458087,Gambling,Consumer Cyclical,CHDN
2017Q1,2017,Q1,2017-04-26,2017-03-31,7300000.0,279500000.0,17500000.0,0.14,52500000.0,0.18783542039355994,2256100000.0,688900000.0,213300000.0,421900000.0,1567200000.0,0.0,577000000.0,1294627500.0,2208027500.0,14.087934560327199,0.5055700402939085,0.4291919684411152,1.4055741036434897,0.006532869410113854,14.087934560327199,0.010596603280592249,4.631940966010734,44.33655821917809,1.8792676731020468,2.9863013698630136,0.0,0.016838820432904446,0.12388635255529454,0.2884569803270917,0.0032356721776517,34.89561994609164,0.18783542039355994,-0.7358490566037735,4.59501494066809,1.0973095116795972,0.2051416520091432,-0.013157894736842105,-0.7276119402985075,-0.5995423340961098,12.144496056091148,0.7852355551742055,0.044799931196150014,Gambling,Consumer Cyclical,CHDN
2016Q4,2016,Q4,2017-02-28,2016-12-31,26800000.0,278300000.0,43700000.0,0.53,53200000.0,0.1911606180380884,2254400000.0,685000000.0,246000000.0,468100000.0,1569400000.0,0.0,569700000.0,1226167500.0,2099167500.0,14.008179959100204,0.5255287331766717,0.40884492547906315,1.3455474452554745,0.019594694528489907,14.008179959100204,0.03912408759124088,4.405919870643191,11.438129664179105,1.7900255474452555,0.0,0.0,0.0,0.12344748048261178,0.32322153386028624,0.011887863733144073,45.0796875,0.1911606180380884,2.117647058823529,2.5932917458754363,0.903131232610343,0.197206127216971,-0.17901234567901234,2.0804597701149423,0.6305970149253731,6.00600592527274,0.8325605593799471,0.035723113823728246,Gambling,Consumer Cyclical,CHDN
2016Q3,2016,Q3,2016-10-27,2016-09-30,8700000.0,303400000.0,26800000.0,0.17,64800000.0,0.21357943309162822,2224700000.0,695400000.0,201200000.0,391000000.0,1529300000.0,0.0,565100000.0,1200071640.0,2063371640.0,14.134146341463415,0.5145780051150896,0.4136288038836697,1.3232671843543284,0.0070744068858045826,14.134146341463415,0.012510785159620362,3.955410810810811,34.48481724137931,1.7257285591026748,0.0,0.0,0.0,0.13637793859846273,0.2754475703324808,0.0039106396368049625,95.24378095238096,0.21357943309162822,-0.8759124087591241,-0.5478784926878592,0.8748113905103129,0.22026927284938905,-0.5800388852883992,-0.8753581661891118,-0.7717206132879046,-0.006131183595326159,0.7267703047736015,0.014527832967841867,Gambling,Consumer Cyclical,CHDN
2016Q2,2016,Q2,2016-08-03,2016-06-30,69800000.0,438500000.0,117400000.0,1.37,154300000.0,0.3518814139110604,2248100000.0,679800000.0,209600000.0,431600000.0,1568300000.0,0.0,556400000.0,1042469999.9999999,1913070000.0,13.733333333333333,0.4856348470806302,0.41176993905965037,1.3617240364813181,0.04577605288993972,13.733333333333333,0.10267725801706384,2.3773546180159633,3.7337750716332376,1.533495145631068,0.0,0.0,0.0,0.19505360081846893,0.2701575532900834,0.031048440905653663,13.096356783919596,0.3518814139110604,26.4,0.7327098669963641,0.750245338448121,0.20059826757588206,2.5635103926097,23.928571428571427,17.634920634920636,0.452321617703939,0.6171735218578998,0.0035569598826383146,Gambling,Consumer Cyclical,CHDN
2016Q1,2016,Q1,2016-04-28,2016-03-31,2800000.0,288400000.0,6300000.0,0.05,43300000.0,0.1501386962552011,2238300000.0,619400000.0,198000000.0,420400000.0,1618900000.0,0.0,486600000.0,1220011650.0,2156111650.0,12.513131313131312,0.4709800190294957,0.4410490104096859,1.5938004520503712,-0.010979708701605875,12.513131313131312,0.004520503713270907,4.230276178918169,108.92961160714285,1.9696668550209881,6.821428571428571,0.0,0.015655588206883106,0.12884778626636287,0.26141769743101806,0.0012509493812268239,24.30302091633466,0.1501386962552011,-0.6428571428571429,1.8715551115551115,1.1733889666692925,0.21276579293003095,-0.11592960104536731,-0.6270644645711241,-0.4906621392190153,1.7602222604112965,1.0313795263556529,-0.012420230679930479,Gambling,Consumer Cyclical,CHDN
2015Q4,2015,Q4,2016-02-24,2015-12-31,7508000.0,272387000.0,12369000.0,0.14,48978000.0,0.1798103433717468,2277444000.0,617197000.0,222829000.0,640102000.0,1660247000.0,0.0,483759000.0,1216179014.1000001,1923433014.1000001,11.967444205301224,0.348114831698698,0.34327166771169787,1.2666652624688715,0.00806090967165931,11.967444205301224,0.012164673515911452,4.4648937508030855,40.4961046250666,1.9704875657205074,0.0,0.0,0.0,0.11960206266323124,0.22383932560748132,0.0032966782059185647,42.43767932514481,0.1798103433717468,0.7500000000000001,4.499913451061786,0.38255383903805956,0.0770401907199586,-0.17852470564556708,0.7863430882702831,0.30447163045770936,2.159099383765833,0.7166955837917118,-0.043117119207354004,Gambling,Consumer Cyclical,CHDN
2015Q3,2015,Q3,2015-10-28,2015-09-30,4203000.0,279765000.0,9482000.0,0.08,59622000.0,0.2131145783067932,2260315000.0,766169000.0,209051000.0,613574000.0,1494146000.0,0.0,495535000.0,1160602769.7,1701008769.7,14.722411175803693,0.3407103299683494,0.2616971528304683,0.7720463761911537,0.005926405359278251,14.722411175803693,0.005485734870505072,4.1484916615731064,69.03418806209851,1.5148130108370348,0.0,0.0,0.0,0.12377257152211085,0.1837936418427117,0.0018594753386143082,62.36111813980979,0.2131145783067932,-0.9223300970873787,6.735831402777239,0.9378892245654046,0.40005664280597975,-0.5915490063094724,-0.9236429038587312,-0.9104533993143764,-0.30513592367012016,0.6755843250997424,0.15622973817660413,Gambling,Consumer Cyclical,CHDN
2015Q2,2015,Q2,2015-07-29,2015-06-30,55044000.0,409239000.0,105889000.0,1.03,145971000.0,0.3566888786259374,2298990000.0,756437000.0,215066000.0,634823000.0,1542553000.0,0.0,491332000.0,1083622508.1,1643886508.1,14.54882388013771,0.33878104605535714,0.26946963666653617,0.8189816204125393,0.041644911767880405,14.54882388013771,0.07276746113688251,2.647896481273779,4.921619559352518,1.4325350400628207,0.0,0.0,0.0,0.178008168804562,0.1986837275902102,0.02394268787598032,11.82903607912059,0.3566888786259374,35.333333333333336,0.6613678642520505,0.7005140200960909,0.2258027226850274,3.2836894001643384,36.329910141206675,26.65140503875969,0.11007198711532237,0.48035407172411826,0.14781389048488805,Gambling,Consumer Cyclical,CHDN
2015Q1,2015,Q1,2015-04-27,2015-03-31,-1558000.0,250910000.0,-4128000.0,-0.03,34076000.0,0.13580965286357657,2302370000.0,698743000.0,202673000.0,341573000.0,1603627000.0,0.0,436288000.0,992652706.8,1644175706.8,13.488205543973438,0.5933519335544671,0.3044897214609294,1.0032987808106844,-0.0016310117812970422,13.488205543973438,-0.0022297182225796894,3.9562102219919493,-159.2831686136072,1.420626334431973,-11.1803594351733,0.0,0.017547929785184765,0.10897900858680404,0.36433207542750745,-0.0006766940152972806,12.425243544874201,0.13580965286357657,0.888888888888889,0.8583447337283545,1.6348230127486623,0.37530460865867704,1.3287090822114398,0.8871586876222206,0.6987520980807123,-2.127175156709556,0.7772325105018314,0.15383828923219375,Gambling,Consumer Cyclical,CHDN
2014Q4,2014,Q4,2015-02-25,2014-12-31,-13807000.0,168308000.0,-13703000.0,-0.27,14633000.0,0.08694179718135799,2360274000.0,700001000.0,241727000.0,334019000.0,1660273000.0,0.0,437846000.0,815670988.2,1518633988.2,13.630895353818593,0.7236923648055948,0.3266141981820755,1.101282712453268,-0.006834222909261594,13.630895353818593,-0.019724257536774946,4.8462995710245504,-14.769156735713768,1.1652426042248512,0.0,0.0,0.0,0.07130867009508218,0.5187758780189151,-0.005849744563554909,37.51591335663693,0.08694179718135799,-4.857142857142857,-0.591825144910183,0.5705008536992211,0.36455636817344605,-0.4927199611731263,-4.910223732653639,-2.6365699271467813,-2.7627535297256816,0.09596042456383053,0.16496157849853818,Gambling,Consumer Cyclical,CHDN
2014Q3,2014,Q3,2014-10-29,2014-09-30,3531000.0,173665000.0,8373000.0,0.07,28846000.0,0.16610140212478047,1332264000.0,714999000.0,126345000.0,167281000.0,617265000.0,0.0,468998000.0,829725000.0,1173628000.0,14.003113983548767,0.7552860157459604,0.28969033164598007,0.5397825731224799,0.006135322945781198,14.003113983548767,0.004938468445410413,4.7777329916793825,58.745751911639765,1.1604561684701657,0.0,0.0,0.0,0.1303532933412597,0.4629993842695823,0.002650375601232188,-47.488839285714285,0.16610140212478047,-0.9345794392523364,2.212380046245404,0.37404947731778027,0.3579966479188774,-0.7443251819221258,-0.9384124326304223,-0.91107405715985,-0.8231854809484827,0.03404300229610139,0.20895661510201682,Gambling,Consumer Cyclical,CHDN
2014Q2,2014,Q2,2014-07-30,2014-06-30,57333000.0,303651000.0,94157000.0,1.07,112823000.0,0.3715548442125993,1363139000.0,709085000.0,153879000.0,220632000.0,654054000.0,0.0,465467000.0,789857451.9,1118462451.9,13.482497670792691,0.6974464266289568,0.27530207851143573,0.5292383846788467,0.05405354241286503,13.482497670792691,0.08085490456010211,2.6012015501348587,3.4441658900633145,1.1139108173209136,0.0,0.0,0.0,0.22275864750403296,0.4196263461329272,0.04205954051641102,16.168705899572167,0.3715548442125993,108.0,0.4383475303787293,0.3058163662881172,0.30216442242074276,3.9921681415929204,82.90428571428572,59.12579821200511,0.3395297011109521,0.1407258996393647,0.17866966112739596,Gambling,Consumer Cyclical,CHDN
2014Q1,2014,Q1,2014-04-23,2014-03-31,-700000.0,167310000.0,1566000.0,-0.01,22600000.0,0.13507859661705815,1351083000.0,704626000.0,149002000.0,214774000.0,646457000.0,0.0,408134000.0,795179091.9,1116583091.9,13.483858621811432,0.6937618147448015,0.2727944915301281,0.5230689755984026,0.0008975720072926014,13.483858621811432,-0.0009934348150650132,4.752729017392864,-283.9925328214286,1.1285122772932024,-21.694285714285716,0.0,0.01909758462551447,0.12383399095392363,0.4217922094853194,-0.0005181028848708776,25.035548513947482,0.13507859661705815,0.9090909090909092,0.8869779052159891,0.768027699788977,0.40803879381528835,0.2961688460656114,0.8773006134969326,1.3030185758513932,0.793606703303012,0.19433133344632225,0.30684814887836626,Gambling,Consumer Cyclical,CHDN
2013Q4,2013,Q4,2014-02-26,2013-12-31,-5705000.0,161833000.0,-5168000.0,-0.11,17436000.0,0.10774069565539784,1352261000.0,704789000.0,160715000.0,213206000.0,647472000.0,0.0,408834000.0,778611987.0,1104067987.0,13.525023987718289,0.7538014877630086,0.27373709661078743,0.5252125104109173,-0.002770185891125705,13.525023987718289,-0.008094621227062284,4.811206533896053,-34.1197189745837,1.10474480589226,0.0,0.0,0.0,0.11967586139066348,0.486280873896607,-0.004218860116501178,56.712942457571565,0.10774069565539784,-1.647058823529412,-0.09192336293275245,0.46790310360688087,0.39487078773843537,-0.44402283090462674,-1.6168234403719322,-1.5080114027327238,-1.6320250090001414,-0.1870495367995705,0.21721849421878844,Gambling,Consumer Cyclical,CHDN
2013Q3,2013,Q3,2013-10-30,2013-09-30,9249000.0,185646000.0,10173000.0,0.17,31361000.0,0.1689290369843681,1287813000.0,724228000.0,147563000.0,179606000.0,563585000.0,0.0,430191000.0,749609280.0,1035564280.0,13.931748230224684,0.8215928198389809,0.25602008987329683,0.4552516610791077,0.007173313641859784,13.931748230224684,0.012770840122171471,4.037842345108432,20.261900746026598,1.03504597999525,0.0,0.0,0.0,0.14415602265235714,0.4678518535015534,0.0071819433411527914,135.72501901140686,0.1689290369843681,-0.8191489361702127,1.9302753219043087,0.45737723151493154,0.4020048285854341,-0.6990249333000633,-0.8161159489442921,-0.8760931524201603,13.635944391285294,0.28735137770739394,0.32486699513483297,Gambling,Consumer Cyclical,CHDN
2013Q2,2013,Q2,2013-07-31,2013-06-30,50298000.0,283773000.0,82102000.0,0.94,104198000.0,0.36718785790050495,1129114000.0,708920000.0,156255000.0,203011000.0,420194000.0,0.0,420942000.0,694173600.0,816087600.0,13.684657555401127,0.7696873568427327,0.1424400016295963,0.2268676296338092,0.058381434800110196,13.684657555401127,0.07095017773514642,2.4462284995401253,3.4503041870452105,0.9791987812447103,0.0,0.0,0.0,0.25132360417105803,0.42146484673244305,0.0445464319811817,16.840290143373522,0.36718785790050495,45.99999999999999,0.33983036474832595,0.24000005747875247,0.3881037972875318,4.164452815226011,46.540642722117205,26.431339792849982,0.5236601823173355,0.18346619173331835,0.15299288991490312,Gambling,Consumer Cyclical,CHDN
2013Q1,2013,Q1,2013-04-24,2013-03-31,1058000.0,148073000.0,2993000.0,0.02,20176000.0,0.1362571164223052,1097140000.0,654140000.0,133374000.0,378252000.0,443000000.0,0.0,370644000.0,614965335.9,765389335.9,12.67050186917698,0.35260619904190854,0.1729150336329001,0.2900174274620112,0.0027416740770711823,12.67050186917698,0.0016173907726174826,4.153122688808899,145.31317010869563,0.9401127218943957,0.0,0.0,0.0,0.1349627212570866,0.1831926863572433,0.0009643254279308019,18.623461915144908,0.1362571164223052,-0.5,0.12038441616536454,0.7703413341869977,0.3903576275485576,-0.07733113824484383,-0.5543386689132266,-0.014163372859025032,1.0965244519701771,0.5602556298396612,0.2919286822762997,Gambling,Consumer Cyclical,CHDN
2012Q4,2012,Q4,2013-02-27,2012-12-31,2374000.0,158494000.0,3036000.0,0.04,21867000.0,0.13796736784988706,1114337000.0,644295000.0,147064000.0,406570000.0,470042000.0,0.0,369586000.0,570539700.0,749117700.0,12.506696948520847,0.36171876921563323,0.19361737068768245,0.33486989655359733,0.006334304510324177,12.506696948520847,0.0036846475605118775,3.5997558267189924,60.08210825610783,0.885525574465113,5.2026116259477675,0.0,0.021647923886804022,0.14223165882493358,0.21458543424256585,0.002130414766807528,21.56560704566072,0.13796736784988706,-0.6363636363636365,1.2993637606093775,0.3948071412616854,0.3737842261618049,-0.16057581573896354,-0.6025447848652269,-0.6114168693203635,1.272840535131737,0.47427460876732686,0.2520155516518282,Gambling,Consumer Cyclical,CHDN
2012Q3,2012,Q3,2012-11-05,2012-09-30,5973000.0,164877000.0,7813000.0,0.11,26050000.0,0.15799656713792706,939190000.0,654355000.0,133210000.0,158645000.0,284835000.0,0.0,379733000.0,543361887.0,585799887.0,12.733119283907374,0.8396734848246084,0.0771270988830801,0.11069984947008886,0.009083269902913818,12.733119283907374,0.00912807268225963,3.295559034916938,22.742419512807636,0.8303778331333909,0.0,0.0,0.0,0.17555233765265815,0.42994736676226797,0.006359735516775093,-105.01775937379203,0.15799656713792706,-0.8817204301075269,4.758442701219068,0.2513807464736707,0.35790498264292997,-0.732133676092545,-0.8770380434782609,-0.9049316768674787,3.0376790011863735,0.29614127296828485,0.23483486068969997,Gambling,Consumer Cyclical,CHDN
2012Q2,2012,Q2,2012-08-06,2012-06-30,48576000.0,270816000.0,82183000.0,0.93,97250000.0,0.3590999054708732,959415000.0,645601000.0,151566000.0,185892000.0,313814000.0,0.0,373760000.0,499066612.2,536996612.2,12.675246397298464,0.8153443935188174,0.07266615593877519,0.10798775094834116,0.06914847722176731,12.675246397298464,0.07524151914262835,1.8428254320276498,2.5684834702322132,0.7730263927720062,0.0,0.0,0.0,0.28227200950579256,0.40829083553891504,0.05063085317615422,14.858479581993569,0.3590999054708732,30.000000000000004,0.3102828481473494,0.2603438726670845,0.35487993580701416,4.2830291177748805,34.90243902439025,21.09220430107527,0.2583489039498653,0.20254648013011387,0.22419860970822209,Gambling,Consumer Cyclical,CHDN
2012Q1,2012,Q1,2012-05-07,2012-03-31,1353000.0,138196000.0,3720000.0,0.03,18408000.0,0.13320211872991983,937188000.0,592781000.0,124045000.0,171613000.0,344407000.0,0.0,325184000.0,472440540.3000001,553551540.3000001,11.689857816166755,0.7228182014183074,0.11736492571394427,0.18555419286380637,0.003078668601033448,11.689857816166755,0.0022824618197951688,3.4186267352166495,87.29500005543238,0.7969900187421662,7.472283813747229,0.0,0.02139951832579851,0.14745814073590358,0.3296312050951851,0.0014436804568560416,10.272903092043752,0.13320211872991983,-0.8,1.1306655100339018,1.2850002053857779,0.36476428555183127,-0.0970716633148575,-0.8222776829108105,-0.4096175210284082,1.2251243835679848,0.5049499821647393,0.22070200830513012,Gambling,Consumer Cyclical,CHDN
2011Q4,2011,Q4,2012-03-12,2011-12-31,7613000.0,149265000.0,6301000.0,0.15,20387000.0,0.1365825880146049,948022000.0,584030000.0,144462000.0,173451000.0,363992000.0,0.0,323831000.0,433667806.2,539378806.2,11.700725247425572,0.8328692253143539,0.14033007672817718,0.2277896683389552,0.008328920810457172,11.700725247425572,0.013035289283084773,2.905354947241483,14.241028707474058,0.7425437155625567,0.0,0.0,0.0,0.15744887776865937,0.4657050117900733,0.008030404357704779,12.154026125949384,0.1365825880146049,-0.6153846153846154,3.9866688263336747,1.2708319490202933,0.3194436986869229,-0.22261201143946616,-0.6151162790697674,-0.3753345890750471,2.5212165366364836,0.4134712764772092,0.20672612912244506,Gambling,Consumer Cyclical,CHDN
2011Q3,2011,Q3,2011-10-26,2011-09-30,19780000.0,166349000.0,10087000.0,0.39,26225000.0,0.15765048181834576,956870000.0,585789000.0,145637000.0,158802000.0,371081000.0,0.0,326453000.0,328983870.0,468649870.0,11.582809348677186,0.9170980214354983,0.17405603687021226,0.2843156836335268,0.00941114262374611,11.582809348677186,0.03376642442927402,1.9776726640977704,4.158036779575329,0.561608138766689,0.0,0.0,0.0,0.17384702206151306,0.3776148915001071,0.020671564580350518,15.749898027575641,0.15765048181834576,-0.5063291139240507,0.7638182692076464,0.22002681487329404,0.29403174386348147,-0.6942617981719829,-0.5073106334221735,-0.8505075954057059,5.441430497820194,0.3422980780739517,0.16562217225540724,Gambling,Consumer Cyclical,CHDN
2011Q2,2011,Q2,2011-07-27,2011-06-30,40147000.0,249686000.0,67475000.0,0.79,85776000.0,0.34353548056358785,998503000.0,564296000.0,177683000.0,208890000.0,434207000.0,0.0,306673000.0,370646115.6,531395115.6,11.438741587610476,0.8506055818852027,0.19206752508505232,0.3398570962757135,0.052725069730469025,11.438741587610476,0.07114528545302465,1.4844489302564021,2.308056116272698,0.6568292449352822,0.0,0.0,0.0,0.2500603403294732,0.3457657140121595,0.04020719016367502,10.090001513584147,0.34353548056358785,14.166666666666668,-0.03932398444878598,0.13855197042254558,0.3146305499077578,2.1608504993182738,13.605023547880691,5.0608102038983205,0.12301813468245841,0.14572238303170387,0.16028921949062894,Gambling,Consumer Cyclical,CHDN
2011Q1,2011,Q1,2011-05-09,2011-03-31,-3185000.0,131554000.0,11133000.0,-0.06,27137000.0,0.2062803107469176,983870000.0,506338000.0,145302000.0,194484000.0,477532000.0,0.0,266526000.0,339430135.79999995,551730135.8,10.317846517504178,0.7471154439439748,0.24357689532153637,0.4732964936465365,0.009136713680859004,10.317846517504178,-0.006290264605856168,2.5801582300804227,-26.6428678021978,0.6703627533386789,-2.563579277864992,0.0,0.0240550238144176,0.13371075446959457,0.25192303737068344,-0.0032372162989012777,6.176173365115178,0.2062803107469176,-0.48883374689826287,0.752206205960575,1.3350687783861765,0.316413511689531,0.9074295353904548,-0.6807387862796834,3.6072599531615923,-4.548266730028813,0.6546670642392328,0.13219640023770224,Gambling,Consumer Cyclical,CHDN
2010Q4,2010,Q4,2011-03-14,2010-12-31,-1895000.0,174039000.0,-4270000.0,-0.0403,14227000.0,0.08174604542659979,1017719000.0,506214000.0,169995000.0,188551000.0,511505000.0,0.0,269711000.0,329534681.4,588485681.4,11.111418411694983,0.9015863082136929,0.28087517281292773,0.5646860813806018,-0.003859862132031785,11.111418411694983,-0.003743476079286626,1.8934530846534396,-43.47423237467019,0.6509789958397041,0.0,0.0,0.0,0.1710088934175347,0.3812337245625852,-0.0018620070962613452,-349.45353276776245,0.08174604542659979,-3.03,0.4654393391092801,0.8108936456486396,0.3619113168452729,-0.23411929371231696,-1.7503628447024673,-2.2959028831562973,0.7297876404983673,0.7319103184517375,0.22052140601965736,Gambling,Consumer Cyclical,CHDN
2010Q3,2010,Q3,2010-11-03,2010-09-30,-689000.0,135744000.0,3295000.0,-0.01,18576000.0,0.13684582743988685,849931000.0,514559000.0,125892000.0,175223000.0,335372000.0,0.0,279847000.0,291312828.9,411916828.9,10.515582531216152,0.718467324495072,0.15899761274738772,0.2626268319084886,0.006128324643891934,10.515582531216152,-0.001339010686821142,2.1460457103076376,-105.70131672714078,0.5661407708348314,0.0,0.0,0.0,0.15971178836870287,0.21118802896879976,-0.0008106540413280607,-30.219173122406637,0.13684582743988685,-1.0161290322580645,-1.0076144847283082,-0.04062776496602329,0.25882058075623365,-0.705982905982906,-1.0249592465133128,-0.9302261561917669,-1.6976033093901113,0.08199887637701748,0.12141900159357988,Gambling,Consumer Cyclical,CHDN
2010Q2,2010,Q2,2010-08-04,2010-06-30,27605000.0,200512000.0,47224000.0,0.62,63180000.0,0.3150933609958506,872985000.0,514157000.0,142397000.0,194383000.0,358828000.0,0.0,280536000.0,236817444.0,340943444.0,11.868813481071099,0.7325589171892604,0.14705521858909373,0.2496844349099594,0.0442116120477639,11.868813481071099,0.05368982625929434,1.1810636969358443,2.144697011410976,0.46059363968593253,0.0,0.0,0.0,0.22968550433283505,0.2712171331855152,0.03162139097464447,69.08326837806301,0.3150933609958506,3.9523809523809526,0.08609177161460017,0.09622175139684654,0.8351676687656168,23.129597197898423,4.184702353484079,3.9103907309256747,-0.12451160503163253,0.09717130328030697,0.2686788677154565,Gambling,Consumer Cyclical,CHDN
2010Q1,2010,Q1,2010-05-05,2010-03-31,-8668000.0,75050000.0,-16226000.0,-0.21,-2855000.0,-0.03804130579613591,728455000.0,400408000.0,103958000.0,186384000.0,328047000.0,0.0,252931000.0,255168750.0,356849750.0,9.807431356700222,0.5577624688814491,0.16341572231640938,0.2972992547601446,-0.015789340769513514,9.807431356700222,-0.021647919122495054,3.3999833444370418,-7.3595047877249655,0.6372718577051408,-0.781841255191509,0.0,0.026558894848996987,0.10302626792320733,0.2245042492917847,-0.011899156433822267,110.46266233766234,-0.03804130579613591,-0.31249999999999994,0.40963417212977205,0.26280442385570524,0.6745547048760911,-1.7990484186957738,-0.2595175820982273,-0.6466409579866044,-0.03972778863413291,0.541271133531862,0.14499528215944144,Gambling,Consumer Cyclical,CHDN
2009Q4,2009,Q4,2010-03-02,2009-12-31,-6882000.0,85031000.0,-9854000.0,-0.16,3573000.0,0.04201996918770801,725402000.0,407022000.0,104625000.0,184986000.0,318380000.0,0.0,261599000.0,253643850.0,325787850.0,9.989250478574585,0.565583341442055,0.11826132268728236,0.2107674769422783,-0.01314976263429808,9.989250478574585,-0.016908176953579906,2.982957392009973,-9.21403116826504,0.6231698777953034,0.0,0.0,0.0,0.11721914193784963,0.25455439871125385,-0.009487153330153488,-6.118239380562993,0.04201996918770801,-1.6666666666666667,-1.2191881124951938,-0.28821169218678344,0.658590635100788,-0.7702546296296297,-1.96,-5.005691056910569,-2.3073739490642375,0.5846804165049055,0.1264475765261237,Gambling,Consumer Cyclical,CHDN
2009Q3,2009,Q3,2009-10-28,2009-09-30,-2325000.0,100896000.0,2460000.0,-0.06,15552000.0,0.15413891531874405,622955000.0,420311000.0,75029000.0,138471000.0,202644000.0,0.0,275274000.0,261551108.7,292549108.7,10.311596869556684,0.5418390854402727,0.07632975094509234,0.1131305152613184,-0.0027068983291771054,10.311596869556684,-0.005531618254102319,2.592284220385347,-28.123775129032257,0.6222799515120946,0.0,0.0,0.0,0.16196354471831834,0.2885297282463476,-0.0037322117969997835,-9.72779070554543,0.15413891531874405,-1.082191780821918,0.4068750229999264,-0.17415990866591657,0.5447317273618753,-0.753565316600114,-1.0753378049965976,-0.9518798169085717,-1.2572367302893592,-0.08186698415259011,0.15201185458979777,Gambling,Consumer Cyclical,CHDN
2009Q2,2009,Q2,2009-07-29,2009-06-30,30861000.0,180037000.0,51122000.0,0.73,63108000.0,0.35052794703310985,617205000.0,421601000.0,86676000.0,125137000.0,195604000.0,0.0,277599000.0,228433590.0,228059590.0,10.353913406517842,0.6926488568528892,0.02340227315073598,0.034259880787759045,0.0706831457263211,10.353913406517842,0.07319954174681749,1.2688146880918922,1.8505037911927675,0.5418241180642361,0.0,0.0,0.0,0.29169724807802916,0.4192205342944133,0.05000121515541838,7.523171848241338,0.35052794703310985,7.083333333333333,0.10145545891497815,-0.0775881027950439,0.5147035764777839,4.805169717597277,7.394736842105263,6.683379655364091,-0.10532466681613563,-0.005391757771960799,0.1899535251369621,Gambling,Consumer Cyclical,CHDN
2009Q1,2009,Q1,2009-05-06,2009-03-31,-4826000.0,73737000.0,-8995000.0,-0.12,10871000.0,0.14742937738177578,623001000.0,389939000.0,87318000.0,129856000.0,233062000.0,0.0,246738000.0,204002190.0,233519190.0,9.57634028340578,0.6724217594874322,0.07438029794494712,0.11883653597101085,-0.012224352647859144,9.57634028340578,-0.012376294753794825,2.766619065055535,-10.567871425611271,0.5231643667342841,-1.4021964359718193,0.0,0.03317121252472829,0.11835775544501534,0.4596707121734845,-0.007746376009027273,8.558215798967991,0.14742937738177578,-0.23839009287925692,0.5987022467469391,0.9088841725266764,0.5643727667136204,0.3897980056251598,-0.18487601276700222,-0.7368217802664607,0.547495751599832,0.5773767617507914,0.2218076437002028,Gambling,Consumer Cyclical,CHDN
2008Q4,2008,Q4,2009-03-04,2008-12-31,-4073000.0,85945000.0,-5179000.0,-0.0969,7822000.0,0.09101169352492873,637667000.0,393891000.0,100462000.0,130377000.0,243776000.0,0.0,251564000.0,273664964.1,318380964.1,9.696255815670925,0.770550020325671,0.0899748614872653,0.14565958602760662,-0.007126117617935708,9.696255815670925,-0.010340424127487046,3.1841871441037877,-16.797505775840904,0.6947733360244331,0.0,0.0,0.0,0.1347803791006905,0.5404480851683963,-0.0063873463735774315,-34.225233129064534,0.09101169352492873,-2.6149999999999998,-8.60562191804533,-0.09426388557685184,0.504658296697146,-0.52015213790565,-2.65032414910859,-2.2058207217694994,-0.2885309317982503,0.002904636157126767,0.1884567781634471,Gambling,Consumer Cyclical,CHDN
2008Q3,2008,Q3,2008-11-05,2008-09-30,2468000.0,99603000.0,4295000.0,0.06,16301000.0,0.16365972912462476,609146000.0,403910000.0,74937000.0,101519000.0,205236000.0,0.0,262419000.0,331813655.09999996,369049655.09999996,9.937018722168919,0.7381573892571834,0.08298503150312077,0.12515164269267906,0.005999033198073625,9.937018722168919,0.0061102720903171495,3.3313620583717354,33.611593912074554,0.8215039367680917,0.0,0.0,0.0,0.1635125240911046,0.41545917512977865,0.004051573842724076,-14.817078462981154,0.16365972912462476,-0.9142857142857143,-0.6951704754812024,-0.17482595470090062,0.5125613091817228,-0.7477718635885374,-0.9160886712906297,-0.9159211479357124,-0.967164789985446,-0.15255354495871443,0.18956069639439727,Gambling,Consumer Cyclical,CHDN
2008Q2,2008,Q2,2008-08-05,2008-06-30,29412000.0,179297000.0,51083000.0,0.7,64628000.0,0.36045221057797955,621714000.0,400128000.0,91207000.0,143217000.0,221586000.0,0.0,259951000.0,235879467.9,241692467.9,9.858526129056102,0.6368447879790807,0.03931711365676179,0.06109045105566219,0.07041928468607189,9.858526129056102,0.07350647792706334,1.3155795573824436,2.0049594374745,0.5895100265415067,0.0,0.0,0.0,0.2883914468710693,0.41649385198684513,0.04730792615253959,7.232904081319759,0.36045221057797955,33.99999999999999,0.021952942267144865,-0.032708428759204086,0.5524415274348958,27.23954526999594,38.6388140161725,18.799612403100774,0.23510768996678483,0.04624300103557416,0.5243350519054659,Gambling,Consumer Cyclical,CHDN
2008Q1,2008,Q1,2008-05-06,2008-03-31,742000.0,65721000.0,2580000.0,0.02,-2463000.0,-0.03747660565116173,626042000.0,369683000.0,95882000.0,137541000.0,256359000.0,0.0,230539000.0,319388287.8,361599287.8,9.11312429127841,0.6971157691161181,0.10277106008862025,0.1740382976766581,0.0035504815987749913,9.11312429127841,0.0020071250233307998,4.859760012781303,107.61060909703505,0.8639517851781121,9.097035040431267,0.0,0.021134150054452933,0.10497857971190432,0.4904501203277568,0.0011852239945562759,8.906036690647483,-0.03747660565116173,1.1333333333333333,1.0628114914049704,0.8928263775732841,0.6111513018625653,-1.236440433906115,1.1193885760257443,1.5000969180073658,1.0508617731333054,0.11294792346478365,0.5560063183776726,Gambling,Consumer Cyclical,CHDN
2007Q4,2007,Q4,2008-03-13,2007-12-31,-6215000.0,89055000.0,-5159000.0,-0.15,10417000.0,0.11697265734658358,624816000.0,367558000.0,103282000.0,120841000.0,257258000.0,0.0,229797000.0,363164129.99999994,430042129.99999994,9.103829197007975,0.8546933573869796,0.13159554172748458,0.22370074926950304,-0.006740660416303274,9.103829197007975,-0.016908896010969697,4.077975745325921,-14.608372083668542,0.9880457778092164,0.0,0.0,0.0,0.14252996082046554,0.6214281576617208,-0.00994692837571381,-29.76755163934426,0.11697265734658358,-8.499999999999998,-4.049972128988522,-0.21059751813250985,0.5251626687021834,-0.4095005952043535,-8.597799511002444,-2.113773747841105,-1.0225710384539142,-0.24765840524929555,0.511577458398979,Gambling,Consumer Cyclical,CHDN
2007Q3,2007,Q3,2007-11-07,2007-09-30,818000.0,103905000.0,4632000.0,0.02,17641000.0,0.16978008758000096,599295000.0,380023000.0,81204000.0,95025000.0,219272000.0,0.0,242769000.0,354339719.09999996,407918719.09999996,9.377032595553581,0.8545540647198105,0.11543229961871866,0.18203635043142125,0.004073779434354448,9.377032595553581,0.002152501295974191,3.410227795582503,108.29453517726162,0.932416509263913,0.0,0.0,0.0,0.1733787199959953,0.5494238358326756,0.0013649371344663312,-49.54414416946308,0.16978008758000096,-0.9714285714285714,-0.8995058164068346,-0.19610198051588645,0.5467019203365641,-0.7124812569267879,-0.9721000034107575,-0.9040735601714748,1.2098828404520443,-0.14462050797380951,0.40472905817552884,Gambling,Consumer Cyclical,CHDN
2007Q2,2007,Q2,2007-08-07,2007-06-30,29319000.0,169933000.0,48287000.0,0.7,61356000.0,0.3610599471556437,606465000.0,376839000.0,90207000.0,105036000.0,229626000.0,0.0,241951000.0,350243295.0,397469295.0,9.355254338273628,0.8588198332000457,0.11381365783680839,0.18316575513680908,0.06515032264452933,9.355254338273628,0.07780245675208776,2.061066979338916,2.986487388724036,0.9294242236074292,0.0,0.0,0.0,0.2802024848919558,0.646216535283141,0.0483440924043432,20.915042099605877,0.3610599471556437,4.499999999999999,0.23929900390727957,-0.03848003286997061,0.6008527934248221,13.070824316348613,4.579416432670004,4.418790710846785,0.0577985291000258,-0.1198884651483023,0.36860688791563634,Gambling,Consumer Cyclical,CHDN
2007Q1,2007,Q1,2007-05-08,2007-03-31,-8191000.0,47842000.0,-14124000.0,-0.2,-5083000.0,-0.10624555829605786,515983000.0,343587000.0,88149000.0,102136000.0,172396000.0,0.0,212632000.0,303454845.0,289746845.0,8.565477525989081,0.86305514216339,0.026975694935685867,0.04051084587018717,-0.05484188136785431,8.565477525989081,-0.023839667973468145,6.342854500229923,-9.2618375350995,0.8831965266439068,-0.8143083872543035,0.0,0.02198020598418852,0.092720108995839,0.6440921908044176,-0.01587455400662425,37.01120197585071,-0.10624555829605786,-3.0650406504065044,0.33294143048795344,0.5139558575385633,0.631525457160316,-1.7954616588419405,-3.0629960317460316,-5.75235531628533,0.3086017166666776,0.25723192261751343,0.3992401459223596,Gambling,Consumer Cyclical,CHDN
