Quarters,Year,Quarter,FillingDate,Date,NetIncome,Revenue,OperatingIncome,EPSDiluted,GrossProfit,GrossProfitRatio,TotalAssets,CommonStockEquity,CurrentAssets,CurrentLiability,TotalLiability,Inventory,RetainedEarnings,MarketCap,EnterpriseValue,bookValuePerShare,currentRatio,debtToAssets,debtToEquity,roic,shareholdersEquityPerShare,roe,priceToSalesRatio,peRatio,pbRatio,payoutRatio,inventoryTurnover,dividendYield,assetTurnover,quickRatio,returnOnAssets,priceToFreeCashFlowsRatio,grossProfitMargin,epsdilutedGrowth,fiveYNetIncomeGrowthPerShare,fiveYRevenueGrowthPerShare,fiveYShareholdersEquityGrowthPerShare,grossProfitGrowth,netIncomeGrowth,operatingIncomeGrowth,threeYNetIncomeGrowthPerShare,threeYRevenueGrowthPerShare,threeYShareholdersEquityGrowthPerShare,Industry,Sector,Symbol
2023Q1,2023,Q1,2023-05-01,2023-03-31,461700000.0,1959700000.0,564900000.0,1.03,917500000.0,0.4681839057,12274300000.0,6448000000.0,5716300000.0,2580000000.0,5807300000.0,1814900000.0,4826100000.0,35554008000.0,36351408000.0,14.929381801342904,2.2156201550387595,0.2851323497062969,0.5427729528535981,0.04790821053845151,14.929381801342904,0.07160359801488833,18.142576925039545,19.251682910981152,5.513959057071959,0.0,0.5742465149595019,0.0,0.159658799279796,1.388875968992248,0.03761517968438119,502.88554455445546,0.468183905699852,-0.23703703703703707,2.261361140983633,0.40278429334337995,1.171296171695104,-0.10093091621754043,-0.2359755088532186,-0.19792701973590798,33.03871198895392,0.45790244221764836,0.9067480069773234,Semiconductors,Technology,ON
2022Q4,2022,Q4,2023-02-06,2022-12-31,604300000.0,2103600000.0,704300000.0,1.35,1020500000.0,0.4851207454,11978500000.0,6188500000.0,5729400000.0,2061400000.0,5771500000.0,1616800000.0,4364400000.0,26956314000.0,27268014000.0,14.318602498843129,2.7793732414863683,0.2697082272404725,0.5220489617839541,0.058964305267790895,14.318602498843129,0.09764886482992648,12.81437250427838,11.151875723978156,4.355872020683526,0.0,0.6699035131123207,0.0,0.17561464290186585,1.8246337440574367,0.050448720624452145,69.24303621885436,0.4851207453888572,0.9285714285714288,0.11955889278787045,0.4992008640215802,1.1863333238301208,-0.03571766039875272,0.9374799615261302,-0.0395472521478249,9.165993292191013,0.4263390712899107,0.7815313040326973,Semiconductors,Technology,ON
2022Q3,2022,Q3,2022-10-31,2022-09-30,311900000.0,2192600000.0,733300000.0,0.7,1058300000.0,0.4826689775,11100700000.0,5656000000.0,5309400000.0,1761000000.0,5424100000.0,1575400000.0,3760100000.0,26982657000.0,27744257000.0,13.065373065373066,3.014991482112436,0.28933310511949695,0.5678571428571428,0.06340160116158773,13.065373065373066,0.055144978783592646,12.306237799872298,21.627650689323502,4.770625353606789,0.0,0.7200076171131141,0.0,0.1975190753736251,1.8781942078364566,0.02809732719558226,38.05734414668547,0.4826689774696707,-0.3137254901960785,1.798443054192824,0.537425732694983,1.493310661815453,0.02044161604474014,-0.3157086441421676,0.25565068493150683,5.928149688149688,0.5042983796783189,0.6676605934217978,Semiconductors,Technology,ON
2022Q2,2022,Q2,2022-08-01,2022-07-01,455800000.0,2085000000.0,584000000.0,1.02,1037100000.0,0.4974100719,10788700000.0,5389500000.0,4785300000.0,1713300000.0,5378600000.0,1563200000.0,3448200000.0,20337928000.0,21758928000.0,12.412482726853984,2.793030992820872,0.29777452334386906,0.5960849800538083,0.05496233354200743,12.412482726853984,0.08457185267650061,9.754401918465227,11.155072400175516,3.7736205584933673,0.0,0.6703556806550666,0.0,0.19325776043452872,1.709974902235452,0.04224790753288163,118.72695855224752,0.497410071942446,-0.135593220338983,3.704296003716332,0.5102048404054258,1.4913774058956146,0.07885155518568605,-0.1416195856873823,-0.09765142150803462,3.247452352360414,0.46762399539252886,0.5614640183218264,Semiconductors,Technology,ON
2022Q1,2022,Q1,2022-05-02,2022-04-01,531000000.0,1945000000.0,647200000.0,1.18,961300000.0,0.4942416452,10212400000.0,4998200000.0,4367400000.0,1566100000.0,5194400000.0,1496000000.0,2992400000.0,25837679000.0,27398379000.0,11.535195015001154,2.7887108102930847,0.31391249853119735,0.6413909007242607,0.06669274372782379,11.535195015001154,0.10623824576847665,13.284153727506427,12.16463229755179,5.169396782841823,0.0,0.6575534759358289,0.0,0.1904547412948964,1.631951982632016,0.051995613176138815,84.76928805774278,0.49424164524421593,0.22916666666666666,5.578721676209994,0.31161767089686193,1.4506451757578362,0.15513097813025714,0.2453095684803002,0.347491151363731,3.410005515829135,0.3292255047811986,0.4809427406539533,Semiconductors,Technology,ON
2021Q4,2021,Q4,2022-02-14,2021-12-31,426400000.0,1846100000.0,480300000.0,0.96,832200000.0,0.450788148,9626000000.0,4585400000.0,3781600000.0,1543400000.0,5021600000.0,1379500000.0,2435100000.0,29280312000.0,31002312000.0,10.636511250289956,2.4501749384475833,0.3194057760232703,0.6705194748549744,0.05734938220577907,10.636511250289956,0.09299079687704453,15.86063160175505,17.16716228893058,6.38555240546081,0.0,0.7349764407393984,0.0,0.19178267193018908,1.4008034210185305,0.04429669644712238,67.92,0.45078814798764966,0.37142857142857144,2.7218255395062734,0.4171326288301085,1.4345196054991216,0.15455049944506105,0.3768162738133678,0.2031563126252505,1.4900652975143913,0.18773955459960953,0.39814653179653264,Semiconductors,Technology,ON
2021Q3,2021,Q3,2021-11-01,2021-10-01,309700000.0,1742100000.0,399200000.0,0.7,720800000.0,0.4137535159,8940700000.0,4123700000.0,3641800000.0,1444100000.0,4796300000.0,1327600000.0,2009200000.0,19639666000.0,21363966000.0,9.576637250348352,2.5218475174849386,0.3482389522073216,0.7550258263210223,0.046000791242975826,9.576637250348352,0.07510245653175546,11.273558349118879,15.853782692928641,4.762632102238281,0.0,0.7692829165411268,0.0,0.19485051506034204,1.4605636728758395,0.03463934591251244,58.27794065281899,0.41375351587164916,0.6666666666666666,28.609446639043842,0.7690849703243954,1.3009163115074796,0.12607405092954227,0.6822379141770777,0.4145995747696669,0.8336245187995515,0.11660288928313096,0.28176501211765087,Semiconductors,Technology,ON
2021Q2,2021,Q2,2021-08-02,2021-07-02,184100000.0,1669900000.0,282200000.0,0.42,640100000.0,0.3833163662,8594400000.0,3784400000.0,3229900000.0,1455100000.0,4790000000.0,1309300000.0,1699500000.0,16423680000.0,18440980000.0,8.848258124853869,2.2197099855680023,0.3616773713115517,0.8213719479970405,0.03395174858005638,8.848258124853869,0.04864707747595392,9.835127851967183,22.302661596958174,4.339837226508826,0.0,0.7865271519132361,0.0,0.19430094014707253,1.209676310906467,0.021420925253653543,43.129411764705885,0.383316366249476,1.0999999999999999,6.115153135412523,0.8454363585542598,1.1583528108659358,0.22812739831158865,1.0478309232480534,1.2414614773629864,0.1835073449519067,0.14511088635451286,0.22960465366374916,Semiconductors,Technology,ON
2021Q1,2021,Q1,2021-05-03,2021-04-02,89900000.0,1481700000.0,125900000.0,0.2,521200000.0,0.3517581157,8630400000.0,3629600000.0,3187600000.0,1730000000.0,4980800000.0,1295500000.0,1515400000.0,17730726000.0,20031826000.0,8.779874213836479,1.842543352601156,0.3874212087504635,0.9212034383954155,0.01673872606544905,8.779874213836479,0.02476856953934318,11.966474994938247,49.30680200222469,4.8850358166189105,0.0,0.7414125820146662,0.0,0.17168381535038932,0.9977456647398844,0.010416666666666666,125.66070871722182,0.3517581156779375,-0.04761904761904753,1.4923896683330646,0.8096336955741829,1.1901911128349036,0.04742765273311897,0.010112359550561797,-0.2505952380952381,-0.33654504611281383,0.10808816030571675,0.2769254294744421,Semiconductors,Technology,ON
2020Q4,2020,Q4,2021-02-16,2020-12-31,89000000.0,1446300000.0,168000000.0,0.21,497600000.0,0.3440503353,8668000000.0,3538500000.0,3184100000.0,1674500000.0,5109900000.0,1251400000.0,1425500000.0,13461848999.999998,15872448999.999998,8.603209336250911,1.9015228426395938,0.40278034148592523,0.9866610145541896,0.01780965891618007,8.603209336250911,0.025151900522820403,9.307784691972618,37.81418258426966,3.8043942348452733,0.0,0.7581109157743328,0.0,0.16685509921550531,1.0490892803822036,0.010267651130595292,73.16222282608695,0.34405033533844986,-0.4473684210526316,0.6499013766817534,0.7261926617330321,1.2067055411040297,0.12783318223028106,-0.44582814445828145,0.4117647058823529,-0.8267351729567258,0.08313128705715095,0.3136396003207362,Semiconductors,Technology,ON
2020Q3,2020,Q3,2020-11-02,2020-10-02,160600000.0,1317300000.0,119000000.0,0.38,441200000.0,0.3349275032,9254000000.0,3423400000.0,3812600000.0,1803100000.0,5806800000.0,1281200000.0,1336500000.0,9218352000.0,11803552000.0,8.333495618305745,2.1144695247074483,0.45809379727685323,1.2383011041654495,0.03205419020960615,8.333495618305745,0.046912426242916395,6.99791391482578,14.34986301369863,2.692747560904364,0.0,0.6838120512019982,0.0,0.14234925437648585,1.321113637624092,0.017354657445429005,90.55355599214145,0.3349275032262962,173.72727272727272,2.4931693098437226,0.46715255778131143,1.21238987184309,0.17873363612075874,179.44444444444446,1.7610208816705337,0.5184615205459939,-0.0266330886469382,0.5903100027339928,Semiconductors,Technology,ON
2020Q2,2020,Q2,2020-08-10,2020-07-03,-900000.0,1213500000.0,43100000.0,-0.0022,374300000.0,0.3084466419,9527800000.0,3236100000.0,4144400000.0,1764600000.0,6268500000.0,1285400000.0,1175900000.0,7865718000.0,10545718000.0,7.891002194586687,2.348634251388417,0.49753353344948464,1.4648496647198788,0.04863035165799536,7.891002194586687,-0.0002781125428756837,6.481844252163165,-2184.9216666666666,2.4306164828033743,0.0,0.6528707017270888,0.0,0.1273641344276748,1.5458460840983792,-9.446042108356599e-05,96.86844827586206,0.3084466419447878,0.9341317365269461,-1.0184786796119867,0.43465278548008596,1.108844895999159,-0.07052396324807549,0.9343065693430657,1.3172043010752688,-1.0098347399099261,-0.06938589844104519,0.583846278789448,Semiconductors,Technology,ON
2020Q1,2020,Q1,2020-05-11,2020-04-03,-13700000.0,1277900000.0,18600000.0,-0.0334,402700000.0,0.3151263792,9420800000.0,3214900000.0,4032300000.0,1736100000.0,6183200000.0,1251900000.0,1177300000.0,4491964000.0,7242564000.0,7.829761324890404,2.3226196647658544,0.5023564877717391,1.4720831130050702,0.0014640599482046133,7.829761324890404,-0.004261407819838876,3.5151138586743875,-81.97014598540146,1.3972328843820958,0.0,0.6990973719945682,0.0,0.1356466542119565,1.5171937100397443,-0.0014542289402173913,133.29270029673592,0.3151263792159011,-1.2385714285714284,-1.2612342789048472,0.5418411968010782,1.103736320103214,-0.17088737904056,-1.2424778761061948,-0.8660907127429806,-1.1791172048141139,-0.0906014286745437,0.6634280385571819,Semiconductors,Technology,ON
2019Q4,2019,Q4,2020-02-19,2019-12-31,56500000.0,1401800000.0,138900000.0,0.14,485700000.0,0.3464830932,8425500000.0,3301700000.0,3020000000.0,1818400000.0,5101400000.0,1232400000.0,1191300000.0,10015304000.0,12733604000.0,8.037244401168453,1.6608007039155301,0.42875793721440864,1.094133325256686,0.013821878301938038,8.037244401168453,0.01711239664415301,7.144602653730917,44.31550442477875,3.033377956810128,0.0,0.7433463161311262,0.0,0.16637588273692955,0.8794544654641443,0.0067058334816924815,-488.55141463414634,0.3464830931659295,1.9333333333333336,22.98086660175268,0.7211876758666209,1.1539716166426859,0.022095959595959596,1.9416666666666667,0.06846153846153846,-0.4824708084601248,0.12924693080637228,0.8395908779111426,Semiconductors,Technology,ON
2019Q3,2019,Q3,2019-10-28,2019-09-27,-60000000.0,1381800000.0,130000000.0,-0.15,475200000.0,0.3438992618,8522300000.0,3215300000.0,3073000000.0,2001600000.0,5282700000.0,1240700000.0,1134800000.0,7666272000.0,10352972000.0,7.834551656920078,1.5352717825739408,0.4242282013071589,1.124436288993251,0.013497676894064106,7.834551656920078,-0.01866077815444904,5.548033000434216,-31.942800000000002,2.3843100177277394,0.0,0.7307165309905699,0.0,0.1621393285850064,0.8219924060751399,-0.007040352956361545,58.700398162327716,0.34389926183239256,-1.6250000000000002,-2.548793859649123,0.780226586261695,1.101964516744599,-0.047695390781563124,-1.5893909626719056,-0.17877447883765002,-7.018759770713913,0.47227003780352134,0.8823567427177672,Semiconductors,Technology,ON
2019Q2,2019,Q2,2019-08-05,2019-06-28,101800000.0,1347700000.0,158300000.0,0.24,499000000.0,0.3702604437,8524500000.0,3274300000.0,3064200000.0,1266800000.0,5226600000.0,1273800000.0,1195500000.0,8324499000.0,11095799000.0,7.949259529011896,2.418850647300284,0.42894011378966507,1.1167272394099501,0.018623168297108195,7.949259529011896,0.031090614787893597,6.176819025005565,20.443268664047153,2.5423751641572245,0.0,0.6662741403674046,0.0,0.1580972491055194,1.261761919797916,0.011942049387060824,-394.52601895734597,0.3702604437189285,-0.1111111111111112,0.23882617140082543,0.9050155639010812,1.1823728003031975,-0.028615923690870158,-0.10780017528483786,-0.11761426978818283,3.0853164182309367,0.5464977580015723,0.9390603672097334,Semiconductors,Technology,ON
2019Q1,2019,Q1,2019-04-29,2019-03-29,114100000.0,1386600000.0,179400000.0,0.27,513700000.0,0.370474542,7564300000.0,3198200000.0,3046700000.0,1317500000.0,4343600000.0,1225200000.0,1093700000.0,8446042000.0,10276242000.0,7.7890891378470535,2.312485768500949,0.3661673915629999,0.866049652929773,0.022520569322224546,7.7890891378470535,0.035676317928834966,6.091188518678782,18.505788781770377,2.64087361640923,0.0,0.7124551093698988,0.0,0.18330843567811958,1.2475142314990513,0.015084013061353992,-292.2505882352941,0.3704745420452906,-0.30769230769230765,1.095565126877473,1.105074134170594,1.276405107377956,-0.0982973494821836,-0.3109903381642512,-0.19443197126178716,2.1848825566921035,0.7050342859881282,0.9430339651001777,Semiconductors,Technology,ON
2018Q4,2018,Q4,2019-02-20,2018-12-31,165600000.0,1503100000.0,222700000.0,0.39,569700000.0,0.3790166988,7587600000.0,3171600000.0,3167800000.0,1469300000.0,4393500000.0,1225200000.0,979600000.0,6883019000.000001,8579519000.000001,7.607579755337011,2.1559926495610156,0.3645553271126575,0.8721465506369025,0.03299424186299576,7.607579755337011,0.05221339387060159,4.579215621049831,10.391031099033817,2.1702039979820915,0.0,0.7618348024812276,0.0,0.19809953081343246,1.1948546927108146,0.02182508303020718,23.363947725729805,0.37901669882243366,0.026315789473684233,5.1243473689577055,1.222003867249382,1.315236617425466,-0.04508883674153537,-0.007789095266626723,-0.07822847682119205,2.028692102478065,0.7698871209773365,0.9513285966151703,Semiconductors,Technology,ON
2018Q3,2018,Q3,2018-10-29,2018-09-28,166900000.0,1541700000.0,241600000.0,0.38,596600000.0,0.3869754167,7409800000.0,3179100000.0,3097000000.0,1314700000.0,4206400000.0,1200600000.0,814000000.0,7841965000.0,9605865000.0,7.47144535840188,2.355670495170001,0.36639315501093145,0.8539838319021107,0.031710967839233876,7.47144535840188,0.052499134975307477,5.086570020107674,11.746502396644697,2.466724859236891,0.0,0.7871897384641012,0.0,0.20806229587843128,1.2809005856849471,0.022524224675429836,33.242751165748196,0.386975416747746,0.0857142857142858,2.4022281304302457,1.2755573784332397,1.2845517895263132,0.07495495495495495,0.0746941403734707,0.22515212981744423,2.5047843599069064,0.6577587396692443,0.9835313769947108,Semiconductors,Technology,ON
2018Q2,2018,Q2,2018-07-30,2018-06-29,155300000.0,1455900000.0,197200000.0,0.35,555000000.0,0.3812075005,7297300000.0,3072700000.0,2927000000.0,1895000000.0,4200500000.0,1204400000.0,646900000.0,9494345000.0,11410945000.0,7.196018735362998,1.5445910290237468,0.37915393364669125,0.9004458619455202,0.027291899043997776,7.196018735362998,0.050541868714811075,6.521289236898139,15.28387797810689,3.0899030168906823,0.0,0.7480073065426769,0.0,0.19951214832883396,0.8174142480211082,0.02128184396968742,83.65061674008811,0.3812075005151453,0.12903225806451607,2.4364716048291672,1.2326130530332853,1.2616775760307555,0.0726710475454194,0.11246418338108882,0.06192784060312332,2.0623990133447885,0.6531050991625738,0.9231128071406434,Semiconductors,Technology,ON
2018Q1,2018,Q1,2018-04-30,2018-03-30,139600000.0,1377600000.0,185700000.0,0.31,517400000.0,0.3755807201,7263100000.0,2928400000.0,2967000000.0,1945000000.0,4311600000.0,1160000000.0,491700000.0,10417514000.0,12324214000.0,6.875792439539798,1.5254498714652955,0.38986107860280045,0.966944406501844,0.028869735234756746,6.875792439539798,0.04767108318535719,7.56207462253194,18.656006446991405,3.557408140964349,0.0,0.741551724137931,0.0,0.18967107708829564,0.8338303341902313,0.019220443061502664,90.2730849220104,0.3755807200929152,-0.7459016393442622,5.519271007569603,1.1996000993180231,1.2337877288039458,0.006223259432127577,-0.7365540668050575,0.11867469879518072,1.5662934773761894,0.6024231644129435,0.8474195680228381,Semiconductors,Technology,ON
2017Q4,2017,Q4,2018-02-21,2017-12-31,529900000.0,1377500000.0,166000000.0,1.22,514200000.0,0.3732849365,7195100000.0,2778800000.0,2933200000.0,1408900000.0,4394100000.0,1089500000.0,351500000.0,8884842000.0,10887442000.0,6.549139759604054,2.081907871389027,0.41025142110603047,1.062257089391104,0.1271209539739251,6.549139759604054,0.19069382467252052,6.449976043557169,4.191754104548028,3.1973664891319995,0.0,0.7923818265259294,0.0,0.19144973662631512,1.1716232521825538,0.07364734333087795,209.05510588235293,0.37328493647912886,3.88,5.092387117388551,1.141121031419479,1.1585071605013433,-0.01907668828691339,3.874885004599816,-0.06373378454596729,216.75480556210226,0.6375372306855192,0.7551614025277633,Semiconductors,Technology,ON
2017Q3,2017,Q3,2017-11-06,2017-09-29,108700000.0,1390900000.0,177300000.0,0.25,524200000.0,0.3768782803,6861300000.0,2212400000.0,2815400000.0,1429300000.0,4625900000.0,1029000000.0,-178400000.0,7798033999.999999,9839734000.0,5.240170535291331,1.9697754145385853,0.42891288822817836,1.3301844151148075,0.022253511805668865,5.240170535291331,0.049132164165612,5.606466316773312,17.934760809567614,3.5246944494666423,0.0,0.8422740524781341,0.0,0.20271668634223836,1.1171902329811796,0.015842478830542316,33.042516949152535,0.3768782802501977,0.13636363636363635,8.36333870203695,1.064285170945012,0.5762466256490697,0.0652306441780126,0.15761448349307774,0.14980544747081712,1.727476610611085,0.7418675336462788,0.40590719280585036,Semiconductors,Technology,ON
2017Q2,2017,Q2,2017-08-07,2017-06-30,93900000.0,1338000000.0,154200000.0,0.22,492100000.0,0.3677877429,6834300000.0,2096500000.0,2764300000.0,1363200000.0,4715000000.0,1002000000.0,-287100000.0,5908032000.0,8176932000.0,4.98217680608365,2.0278022300469485,0.45952036053436346,1.4979728118292392,0.019410234227237866,4.98217680608365,0.04478893393751491,4.415569506726458,15.72958466453674,2.8180453136179344,0.0,0.8442115768463074,0.0,0.19577718274000264,1.1502347417840375,0.013739519775251306,22.345052950075644,0.3677877428998505,0.22222222222222227,13.698555546371303,0.9403255473692376,0.4924857358061028,-0.022253129346314324,0.20076726342711,-0.15921483097055616,0.11852126901140686,0.8513028685743652,0.3677962215494481,Semiconductors,Technology,ON
2017Q1,2017,Q1,2017-05-08,2017-03-31,78200000.0,1436700000.0,183400000.0,0.18,503300000.0,0.350316698,6637400000.0,1976000000.0,2609100000.0,1212000000.0,4639100000.0,1011400000.0,-381000000.0,6502702000.0,9033402000.0,4.707003334921391,2.1527227722772277,0.49109591104950734,1.6495951417004049,0.023972303328051767,4.707003334921391,0.039574898785425104,4.526137676620032,20.788689258312022,3.290841093117409,0.0,0.922879177377892,0.0,0.21645523849700185,1.160973597359736,0.011781721758519902,41.79114395886889,0.3503166979884457,-0.30769230769230776,1.9890542271057816,1.0803474582584423,0.41203858993100617,0.3089726918075423,-0.29486023444544635,2.2926391382405744,0.40474916300651986,1.133333737934048,0.37564819742476646,Semiconductors,Technology,ON
2016Q4,2016,Q4,2017-02-28,2016-12-31,110900000.0,1261000000.0,55700000.0,0.26,384500000.0,0.3049167328,6924400000.0,1823200000.0,2869100000.0,1502600000.0,5079400000.0,1030200000.0,-527300000.0,5324748000.0,7918948000.0,4.369039060627846,1.9094236656462131,0.5231211368494021,1.9867814831066257,0.06277680633570819,4.369039060627846,0.06082711715664765,4.222639175257732,12.003489630297565,2.9205506801228607,0.0,0.8508056688021743,0.0,0.18210964126855755,1.1033541860774658,0.016015828086187973,30.032419627749576,0.3049167327517843,12.0,3.9782782725002517,0.8125331902072206,0.3706439118139121,0.16869300911854104,9.98019801980198,-0.18686131386861313,3.0974582745724755,0.8623252544711425,0.3296422175569613,Semiconductors,Technology,ON
2016Q3,2016,Q3,2016-11-07,2016-09-30,10100000.0,950900000.0,68500000.0,0.02,329000000.0,0.3459880114,6790900000.0,1730600000.0,2802400000.0,1497900000.0,5036900000.0,1083100000.0,-638200000.0,5122656000.0,7878456000.0,4.1620971620971625,1.8708859069363777,0.5354665802765466,2.101178781925344,0.0015497394544562823,4.1620971620971625,0.0058361261990061255,5.387165842885687,126.79841584158417,2.96004622674217,0.0,0.5741852091219647,0.0,0.1400256225242604,1.0385205955003671,0.0014872844541960566,52.92,0.34598801135766116,-0.6666666666666666,1.2224813735017817,0.14294905787110687,0.24380690261633145,0.06852874309840858,-0.5976095617529881,-0.0903054448871182,-0.789310182167325,0.4362758070474034,0.27264887364247664,Semiconductors,Technology,ON
2016Q2,2016,Q2,2016-08-08,2016-07-01,25100000.0,877800000.0,75300000.0,0.06,307900000.0,0.3507632718,6097800000.0,1700900000.0,1921800000.0,1260500000.0,4372100000.0,750200000.0,-648300000.0,3642821999.9999995,6526522000.0,4.099542058327308,1.5246330821102736,0.5693528813670504,2.0411546828149802,0.011244778986500871,4.099542058327308,0.014756893409371509,4.1499453178400545,36.28308764940239,2.1417026280204596,0.0,0.7596640895761131,0.0,0.14395355702056478,0.8532328441094804,0.004116238643445177,69.78586206896551,0.3507632718159034,-0.3333333333333333,-0.3416209606781534,0.04219597430043102,0.16950045804337618,0.1176043557168784,-0.30277777777777776,0.2893835616438356,-0.4283904636160465,0.3853577232262117,0.2884683442734433,Semiconductors,Technology,ON
2016Q1,2016,Q1,2016-05-09,2016-04-01,36000000.0,817200000.0,58400000.0,0.09,275500000.0,0.3371267744,3855100000.0,1654000000.0,1901700000.0,1189400000.0,2177000000.0,759700000.0,-673400000.0,4002219999.9999995,4743220000.0,4.008725157537567,1.5988733815369094,0.35290913335581436,0.8225513905683193,0.01691075071606341,4.008725157537567,0.02176541717049577,4.897479197258932,27.793194444444442,2.4197218863361543,0.0,0.7130446228774516,0.0,0.21197893699255532,0.8808643013284009,0.009338279162667634,95.29095238095238,0.33712677435144395,-0.30769230769230776,-0.4851223880906525,0.004182850812767862,0.18994706424820582,-0.015719899964272956,-0.3345656192236599,0.05225225225225225,0.735379784573544,0.34687524520713986,0.3023431326345306,Semiconductors,Technology,ON
2015Q4,2015,Q4,2016-02-24,2015-12-31,54100000.0,840300000.0,55500000.0,0.13,279900000.0,0.3330953231,3869600000.0,1608200000.0,1891500000.0,1239300000.0,2237700000.0,750400000.0,-709400000.0,4042500000.0000005,4818800000.0,3.8986666666666667,1.5262648269184216,0.36021811039900764,0.8667454296729262,0.024982512241431,3.8986666666666667,0.03364009451560751,4.810781863620136,18.680683918669132,2.5136798905608755,0.0,0.7468017057569296,0.0,0.2171542278271656,0.8663761801016703,0.013980773206532975,45.01670378619154,0.3330953230988932,0.18181818181818185,-0.05441907600596113,0.5468103967855351,0.2552222547584187,-0.0927066450567261,0.16846652267818574,-0.20028818443804033,1.4297631095468932,0.3434857127582799,0.2849473709989469,Semiconductors,Technology,ON
2015Q3,2015,Q3,2015-10-30,2015-10-02,46300000.0,904200000.0,69400000.0,0.11,308500000.0,0.3411855784,3950100000.0,1558300000.0,1952700000.0,1338000000.0,2369000000.0,754000000.0,-763500000.0,3942560999.9999995,4793461000.0,3.7667391829828376,1.4594170403587443,0.35637072479177745,0.9033562215234551,0.01927905938666388,3.7667391829828376,0.02971186549444908,4.3602753815527535,21.288126349892007,2.5300397869473144,0.0,0.790053050397878,0.0,0.22890559732664995,0.8263826606875935,0.011721222247538037,61.79562695924764,0.34118557841185576,-0.0833333333333333,-0.4498483874893111,0.570372877762987,0.2693040532287575,0.013469119579500657,-0.08678500986193294,0.02359882005899705,3.0701919265168,0.3695282541259584,0.13303753892939715,Semiconductors,Technology,ON
2015Q2,2015,Q2,2015-08-03,2015-07-03,50700000.0,880500000.0,67800000.0,0.12,304400000.0,0.3457126633,3915400000.0,1597400000.0,1932100000.0,1320300000.0,2295700000.0,743000000.0,-809800000.0,4892274000.0,5693874000.0,3.741859920356055,1.4633795349541772,0.3519946876436635,0.8627770126455491,0.019816674775483576,3.741859920356055,0.03173907599849756,5.55624531516184,24.12363905325444,3.0626480530862654,0.0,0.7753701211305518,0.0,0.2248812381876692,0.8358706354616375,0.012948868570261021,187.44344827586207,0.34571266325951167,-0.07692307692307698,-0.350650637868883,0.5215372009813071,0.3667110803235807,0.013315579227696404,-0.07985480943738657,-0.008771929824561403,6.822878792508174,0.25862810449474755,0.12093022264818555,Semiconductors,Technology,ON
2015Q1,2015,Q1,2015-05-04,2015-04-03,55100000.0,870800000.0,68400000.0,0.13,300400000.0,0.3449701424,3746300000.0,1605600000.0,1758900000.0,1013700000.0,2119100000.0,746900000.0,-860500000.0,5047380000.0,5782080000.0,3.721835883171071,1.7351287363125185,0.31038624776446094,0.7242152466367713,0.0218144557291238,3.721835883171071,0.03431738913801694,5.7962563160312355,22.900998185117967,3.143609865470852,0.0,0.7636899183290936,0.0,0.23244267677441743,0.8961231133471441,0.014707845073806156,269.91336898395724,0.3449701423977951,21.80701754385965,-0.13208711393690542,0.5705903378667715,0.49270933257029736,0.08447653429602887,21.04,3.196319018404908,1.0494670165090074,0.22701677081005647,0.116501416822401,Semiconductors,Technology,ON
2014Q4,2014,Q4,2015-02-27,2014-12-31,2500000.0,864200000.0,16300000.0,0.0057,277000000.0,0.3205276556,3823000000.0,1626500000.0,1805800000.0,1040800000.0,2175600000.0,729900000.0,-915600000.0,4415667000.0,5096567000.0,3.7313604037623307,1.7350115295926212,0.3119539628563955,0.7332308638180142,0.002409161316259326,3.7313604037623307,0.001537042729787888,5.109542929877343,441.5667,2.714827543805718,0.0,0.804493766269352,0.0,0.22605283808527335,0.9374519600307456,0.0006539366989275438,36.43289603960396,0.32052765563526964,-0.9366666666666666,-0.9629653995114908,0.7512456394830325,0.6633912216162837,-0.024991200281590988,-0.9399038461538461,-0.7170138888888888,1.064273988598693,0.18917743295809994,0.1705929723286538,Semiconductors,Technology,ON
2014Q3,2014,Q3,2014-10-31,2014-09-26,41600000.0,833500000.0,57600000.0,0.09,284100000.0,0.3408518296,3882200000.0,1642600000.0,1813200000.0,1013000000.0,2207900000.0,724300000.0,-954100000.0,4107324000.0,4798824000.0,3.7272520989335147,1.7899308983218163,0.30487867703879246,0.720564957993425,0.01772236802835579,3.7272520989335147,0.025325703153537077,4.927803239352129,24.6834375,2.500501643735541,0.0,0.7585254728703575,0.0,0.21469785173355313,1.0143139190523198,0.01071557364381021,159.19860465116278,0.3408518296340732,-0.55,0.3363719773877526,0.6929397727130415,0.7447150431035681,0.04065934065934066,-0.5272727272727272,-0.29498164014687883,1.8645837095900308,-0.054766586666383656,0.11385719936167361,Semiconductors,Technology,ON
2014Q2,2014,Q2,2014-08-01,2014-06-27,88000000.0,757600000.0,81700000.0,0.2,273000000.0,0.3603484688,3418400000.0,1606700000.0,1761600000.0,869300000.0,1778900000.0,632600000.0,-995700000.0,4009599000.0,4315599000.0,3.64248469734754,2.026458069711262,0.2647144863093845,0.5632040829028443,0.039767675786548225,3.64248469734754,0.05477064791186905,5.292501319957761,11.390906249999999,2.4955492624634346,0.0,0.7660448940878912,0.0,0.22162415164989469,1.2288047854595652,0.025743037678446056,39.0038813229572,0.36034846884899685,0.5384615384615385,39.15007934708683,0.7212065336679955,0.8030277822968704,0.08851674641148326,0.5068493150684932,0.1145975443383356,1.1711574721732254,-0.1539419581678694,0.03911301832138121,Semiconductors,Technology,ON
2014Q1,2014,Q1,2014-05-02,2014-03-28,58400000.0,706500000.0,73300000.0,0.13,250800000.0,0.3549893843,3286700000.0,1506900000.0,1737300000.0,824200000.0,1746800000.0,613900000.0,-1083700000.0,4047276000.0,4405476000.0,3.4216621253405997,2.107862169376365,0.2799768765022667,0.6106576415156945,0.027311082524437282,3.4216621253405997,0.03875506005707081,5.728628450106157,17.32566780821918,2.68582918574557,0.0,0.74230330672748,0.0,0.21495725195484833,1.2920407668041738,0.01776858246873764,148.7969117647059,0.3549893842887473,1.1666666666666667,2.6371982051594887,0.7502158058272245,0.7028028577077031,-0.00830367734282325,1.0348432055749128,0.17656500802568217,-0.21747851977055388,-0.1866480318938175,0.015683700151540435,Semiconductors,Technology,ON
2013Q4,2013,Q4,2014-02-21,2013-12-31,28700000.0,718000000.0,62300000.0,0.06,252900000.0,0.3522284123,3257000000.0,1454000000.0,1710200000.0,819200000.0,1770200000.0,611800000.0,-1142100000.0,3646200000.0,4078900000.0,3.2858757062146893,2.087646484375,0.28928461774639236,0.6480055020632737,0.014571696292642496,3.2858757062146893,0.01973865199449794,5.078272980501393,31.76132404181185,2.5077028885832187,0.0,0.7602157567832625,0.0,0.22044826527479275,1.2705078125,0.00881178999078907,34.01305970149254,0.3522284122562674,-0.4545454545454546,1.0519075224570127,0.34403114916895855,0.9598091732366381,0.014847512038523275,-0.44594594594594594,-0.07429420505200594,-0.5323789941650459,0.23207697349939146,0.05792689282080549,Semiconductors,Technology,ON
2013Q3,2013,Q3,2013-11-01,2013-09-27,51800000.0,715400000.0,67300000.0,0.11,249200000.0,0.3483365949,3248700000.0,1469400000.0,1645700000.0,878100000.0,1747000000.0,585300000.0,-1170800000.0,3270904000.0,3809804000.0,3.270420654351213,1.8741601184375356,0.2796195401237418,0.6182115149040425,0.026217954677255843,3.270420654351213,0.03525248400707772,4.572133072407045,15.786216216216216,2.2260133387777326,0.0,0.796514607893388,0.0,0.22021116138763197,1.1422389249516,0.015944839474251238,347.96851063829786,0.34833659491193736,0.0,-0.2485398492062453,0.0922620244848249,0.20259107579341704,0.07506471095772217,0.0859538784067086,0.32220039292730845,-0.433264703839483,0.14402712378254756,0.10205617927700139,Semiconductors,Technology,ON
2013Q2,2013,Q2,2013-08-02,2013-06-28,47700000.0,688300000.0,50900000.0,0.11,231800000.0,0.3367717565,3241400000.0,1434000000.0,1621800000.0,876600000.0,1776100000.0,559700000.0,-1222600000.0,3641656000.0,4163156000.0,3.1817173285999556,1.8501026694045175,0.28308755476028874,0.6398884239888424,0.022865587614875404,3.1817173285999556,0.03326359832635983,5.29079761731803,19.086247379454925,2.5395090655509067,0.0,0.8156155083080222,0.0,0.21234651693712595,1.1508099475245266,0.014715863515764793,460.96911392405065,0.3367717565015255,1.2,-0.05744825438455968,0.07800937104373584,0.22198619504921915,0.1334963325183374,1.1106194690265487,0.35013262599469497,-0.4213347076367722,0.1265995699928614,0.1621194860339197,Semiconductors,Technology,ON
2013Q1,2013,Q1,2013-05-03,2013-03-29,22600000.0,661000000.0,37700000.0,0.05,204500000.0,0.3093797277,3232700000.0,1383600000.0,1617500000.0,874000000.0,1818800000.0,561400000.0,-1270300000.0,3721859999.9999995,4134459999.9999995,3.0780867630700777,1.8506864988558351,0.29374825996844744,0.6863255276091356,0.014649141707486121,3.0780867630700777,0.01633420063602197,5.630650529500755,41.17101769911504,2.689982653946227,0.0,0.8131457071606698,0.0,0.20447304111114548,1.1419908466819222,0.0069910601045565625,80.38574514038876,0.3093797276853253,1.161290322580645,-0.2583982202447163,0.06934438491479168,-0.03499180573278171,-0.028041825095057035,1.1650840029218408,0.4444444444444444,-0.6583484294719,0.14418540896646348,0.2345221503375494,Semiconductors,Technology,ON
2012Q4,2012,Q4,2013-02-26,2012-12-31,-136900000.0,680200000.0,26100000.0,-0.31,210400000.0,0.309320788,3328400000.0,1361100000.0,1693400000.0,1024300000.0,1937700000.0,581700000.0,-1292900000.0,3162630000.0,3687630000.0,3.0341061078912173,1.653226593771356,0.30401994952529743,0.7434428036147234,0.01065624152823296,3.0341061078912173,-0.10058041290132981,4.649558953249044,-5.775438276113952,2.3235838659907424,0.0,0.8076328004125838,0.0,0.2043624564355246,0.9995118617592502,-0.041130873693065735,40.808129032258066,0.30932078800352836,-11.333333333333332,-2.5448378041741795,0.14975040979006135,58.021950891242355,-0.11596638655462185,-11.952,-0.532258064516129,-2.9706010201673174,0.3393590986437342,0.35256445885790205,Semiconductors,Technology,ON
2012Q3,2012,Q3,2012-11-02,2012-09-28,12500000.0,725500000.0,55800000.0,0.03,238000000.0,0.328049621,3669900000.0,1511300000.0,1835000000.0,1053600000.0,2130300000.0,644300000.0,-1154700000.0,2809428000.0,3451428000.0,3.3244610646722395,1.7416476841306,0.28976266383280197,0.7036326341560246,0.01459349413397043,3.3244610646722395,0.008271024945411235,3.8724024810475535,56.188559999999995,1.8589479256269434,0.0,0.7566351078690051,0.0,0.1976893103354315,1.0045558086560364,0.003406087359328592,-41.25444933920705,0.3280496209510682,0.4999999999999999,-0.8747564085413199,0.15108217294391302,19.057726829789768,-0.07859078590785908,0.8115942028985508,1.0743494423791822,-0.6107239706486058,0.4285220220602499,0.5561698204973557,Semiconductors,Technology,ON
2012Q2,2012,Q2,2012-08-03,2012-06-29,6900000.0,744800000.0,26900000.0,0.02,258300000.0,0.3468045113,3770700000.0,1517200000.0,1954700000.0,1154700000.0,2226100000.0,659700000.0,-1167200000.0,3226950000.0,3779450000.0,3.338173817381738,1.6928206460552524,0.28384650064974676,0.705444239388347,0.005535604492126232,3.338173817381738,0.004547851305035592,4.332639634801289,116.91847826086956,2.1269114157658846,0.0,0.7374564195846597,0.0,0.19752300633834566,1.0359400710141162,0.0018298989577532024,1698.3947368421052,0.3468045112781955,-0.6666666666666666,-0.930232170136445,0.25053718383380835,8.08296691084134,0.0534257748776509,-0.7553191489361702,-0.3830275229357798,3.9031203120312035,0.6422370965062205,0.6523940757412605,Semiconductors,Technology,ON
2012Q1,2012,Q1,2012-05-04,2012-03-30,28200000.0,744400000.0,43600000.0,0.06,245200000.0,0.3293927996,3829200000.0,1508400000.0,2038400000.0,1214300000.0,2294700000.0,633700000.0,-1174100000.0,4077025000.0,4685925000.0,3.3334806629834253,1.678662603969365,0.3105087224485532,0.7882524529302573,0.014161561418548511,3.3334806629834253,0.01869530628480509,5.476927727028479,36.14383865248227,2.702880535666932,0.0,0.7877544579454,0.0,0.1944009192520631,1.0850695874166185,0.007364462550924475,485.36011904761904,0.3293927995701236,1.6726457399103138,-0.6658931860036833,0.2727191120061656,7.138948167517186,0.02508361204013378,1.686131386861314,-0.13320079522862824,1.7694249196008904,0.7947936593064994,0.6589190256406506,Semiconductors,Technology,ON
2011Q4,2011,Q4,2012-02-22,2011-12-31,-41100000.0,767900000.0,50300000.0,-0.0892,239200000.0,0.3114988931,3883500000.0,1468200000.0,2127700000.0,1275500000.0,2390000000.0,637400000.0,-1202300000.0,3555832000.0,4109932000.0,3.1875814155449413,1.6681301450411603,0.31080211149736064,0.8220950824138401,0.019563946005693174,3.1875814155449413,-0.027993461381283204,4.630592525068368,-21.629148418491486,2.421898923852336,0.0,0.8294634452463131,0.0,0.19773400283249645,1.0973735789886319,-0.010583236770954036,33.201045751633984,0.3114988930850371,0.1890909090909091,-1.331708168928996,0.34876640853001367,5.5946992098959685,-0.08387590961317502,0.16122448979591836,-0.14310051107325383,0.928586623564395,0.38095300291138995,0.9011830809084902,Semiconductors,Technology,ON
2011Q3,2011,Q3,2011-11-03,2011-09-30,-49000000.0,898000000.0,58700000.0,-0.11,261100000.0,0.2907572383,4011900000.0,1501800000.0,2188200000.0,1255300000.0,2486200000.0,706600000.0,-1159800000.0,3222384000.0,3800084000.0,3.3462566844919786,1.74316896359436,0.3083327101871931,0.8236782527633506,0.03312947852083784,3.3462566844919786,-0.03262751365028632,3.5884008908685967,-16.440734693877552,2.145681182580903,0.0,0.9013586187376168,0.0,0.22383409357162443,1.0967099498127937,-0.012213664348563025,93.67395348837209,0.2907572383073497,-2.2222222222222223,-1.4618827289438503,0.5445226234082047,54.55659097494797,-0.018789928598271326,-2.1951219512195124,0.03163444639718805,-1.7116326179907495,0.37258043997713214,0.23047731512154335,Semiconductors,Technology,ON
2011Q2,2011,Q2,2011-08-08,2011-07-01,41000000.0,905800000.0,56900000.0,0.09,266100000.0,0.2937734599,4149800000.0,1564100000.0,2296900000.0,1294200000.0,2562200000.0,749200000.0,-1090300000.0,4760954000.0,5289754000.0,3.5053787539220083,1.7747643331787977,0.3097498674634922,0.8218144619909213,0.018548439297342612,3.5053787539220083,0.026213157726488075,5.256076396555531,29.03020731707317,3.043893612940349,0.0,0.8538441003737319,0.0,0.2182755795460022,1.1162107865863082,0.009879994216588752,92.9873828125,0.29377345992492826,-0.43750000000000006,-0.560575725882763,0.7460541651842127,12.315362617660243,0.09777227722772278,-0.45187165775401067,0.2616407982261641,-0.18166962471332404,0.4329633242808552,0.3462932131674935,Semiconductors,Technology,ON
2011Q1,2011,Q1,2011-05-06,2011-04-01,74800000.0,870600000.0,45100000.0,0.16,242400000.0,0.2784286699,4016800000.0,1487000000.0,2247900000.0,1146100000.0,2507100000.0,767500000.0,-1139100000.0,4308064000.0,4814064000.0,3.3688264612596286,1.9613471773841724,0.31666998605855406,0.855413584398117,0.01617511045704348,3.3688264612596286,0.050302622730329524,4.94838502182403,14.398609625668447,2.897151311365165,0.0,0.8185016286644952,0.0,0.2167396932881896,1.1889887444376581,0.018621788488348934,116.74970189701897,0.27842866988283943,0.14285714285714277,0.3078683038217732,0.841263643985251,5.206648340491599,0.020202020202020204,0.2262295081967213,-0.44183168316831684,1.499546896239239,0.43427412594952824,0.05615773381816272,Semiconductors,Technology,ON
2010Q4,2010,Q4,2011-02-24,2010-12-31,61000000.0,579200000.0,80800000.0,0.14,237600000.0,0.4102209945,2919200000.0,1366000000.0,1358000000.0,710900000.0,1531200000.0,360800000.0,-1213900000.0,4345224000.0,4610724000.0,3.1059572532969533,1.9102546068364046,0.3044669772540422,0.6506588579795022,0.03394862888994706,3.1059572532969533,0.04465592972181552,7.5021132596685085,17.808295081967216,3.1809838945827233,0.0,0.9467849223946785,0.0,0.198410523431077,1.2911801941201295,0.02089613592765141,37.916439790575915,0.4102209944751381,-0.3,-0.012637541763483189,0.20137165385298003,4.224900005254712,-0.03610547667342799,-0.3052391799544419,-0.24976787372330547,-0.2978768060768584,-0.0013816483255164596,59.419659021682236,Semiconductors,Technology,ON
2010Q3,2010,Q3,2010-11-04,2010-10-01,87800000.0,600700000.0,107700000.0,0.2,246500000.0,0.4103545863,2694500000.0,1280800000.0,1295700000.0,677200000.0,1391900000.0,350800000.0,-1274900000.0,3120468000.0,3343568000.0,2.967562557924004,1.9133195510927348,0.29170532566338836,0.6136789506558401,0.04953208013634917,2.967562557924004,0.06855090568394753,5.194719493923755,8.885159453302961,2.4363429106808243,0.0,1.0096921322690993,0.0,0.2229356095750603,1.295333727111636,0.03258489515680089,43.279722607489596,0.4103545863159647,0.11111111111111122,1.2169443732376315,0.13660541400295048,2.576748487726841,0.011074651353568499,0.1156289707750953,0.061083743842364535,-0.07340914175147664,0.00386321044530954,17.11913419313487,Semiconductors,Technology,ON
2010Q2,2010,Q2,2010-08-05,2010-07-02,78700000.0,583300000.0,101500000.0,0.18,243800000.0,0.417966741,2541000000.0,1178100000.0,1171300000.0,647900000.0,1341700000.0,321500000.0,-1362700000.0,2715193000.0,3001493000.0,2.737857308854288,1.8078407161599013,0.2964974419519874,0.6395042865631101,0.050397188027283865,2.737857308854288,0.06680247856718445,4.654882564717984,8.625136594663278,2.3047220100161274,0.0,1.0559875583203733,0.0,0.22955529319165682,1.2105263157894737,0.03097205824478552,25.51873120300752,0.4179667409566261,0.28571428571428553,1.5239600278875203,0.1429193205195232,2.3778335717533996,0.06882946076282333,0.2492063492063492,0.20546318289786222,-0.1594890078159218,0.03445465827179789,6.8092100010628185,Semiconductors,Technology,ON
2010Q1,2010,Q1,2010-05-06,2010-04-02,63000000.0,550200000.0,84200000.0,0.14,228100000.0,0.4145765176,2545800000.0,1067400000.0,1220200000.0,574200000.0,1458100000.0,297600000.0,-1441400000.0,3450486000.0,3824586000.0,2.493342676944639,2.125043538836642,0.36719302380391233,0.8757729061270376,0.041149359360617296,2.493342676944639,0.05902192242833052,6.271330425299891,13.692404761904761,3.2326082068577855,0.0,1.0823252688172043,0.0,0.21612066933773275,1.4970393591083246,0.024746641527221305,51.042692307692306,0.41457651762995273,-0.06666666666666654,1.5355593855944243,0.08376158218484785,2.218479077464322,0.1721479958890031,-0.07352941176470588,0.00477326968973747,-0.21104882036907258,-0.005693809957388222,5.59174748712133,Semiconductors,Technology,ON
2009Q4,2009,Q4,2010-02-25,2009-12-31,68000000.0,497100000.0,83800000.0,0.15,194600000.0,0.3914705291,2414300000.0,985000000.0,1168600000.0,619000000.0,1409700000.0,269900000.0,-1504400000.0,3872862000.0,4280662000.0,2.2432247779549077,1.8878836833602586,0.3866545168371785,0.9477157360406091,0.043936899231936714,2.2432247779549077,0.06903553299492386,7.790911285455643,14.238463235294118,3.9318395939086295,0.0,1.1207854761022602,0.0,0.20589818995153875,1.344264943457189,0.02816551381352773,42.188039215686274,0.39147052906859786,1.1428571428571426,1.4622699585065069,-0.04281707546281857,2.0819868118287523,0.10693970420932879,1.274247491638796,0.6861167002012073,-0.4243165367896784,-0.0841247285964319,4.233468191470938,Semiconductors,Technology,ON
2009Q3,2009,Q3,2009-11-05,2009-10-02,29900000.0,472900000.0,49700000.0,0.07,175800000.0,0.3717487841,2274600000.0,904300000.0,1057500000.0,561000000.0,1351100000.0,264200000.0,-1572400000.0,3170517000.0,3670917000.0,2.136309945665013,1.8850267379679144,0.3937395586037105,0.9903792989052306,0.025998367430669224,2.136309945665013,0.033064248590069664,6.7044131951786845,26.50933946488294,3.506045560101736,0.0,1.1245268735806206,0.0,0.20790468653829244,1.309982174688057,0.013145168381253847,41.39056135770235,0.371748784098118,14.461538461538463,0.29959051893849914,-0.1091374810504211,2.199489374622616,0.27206946454413894,14.590909090909092,2.627737226277372,-0.7011787960666194,-0.13763359168088235,35.19148282495383,Semiconductors,Technology,ON
2009Q2,2009,Q2,2009-08-06,2009-07-03,-2200000.0,419800000.0,13700000.0,-0.0052,138200000.0,0.329204383,2224200000.0,849900000.0,985400000.0,568900000.0,1355800000.0,269500000.0,-1602300000.0,2911244000.0,3412144000.0,2.0202044212027572,1.7321146071365794,0.40657314989659205,1.0640075302976821,0.005369256641203968,2.0202044212027572,-0.002588539828215084,6.934835636017151,-330.82318181818187,3.4253959289328155,0.0,1.0448979591836736,0.0,0.18874201960255374,1.15573914571981,-0.0009891196834817012,66.77165137614679,0.32920438303954264,0.9358024691358026,0.5727090793378165,-0.24210459543225774,2.09599010471334,0.2328278322925959,0.9343283582089552,1.74,-1.025008055357473,-0.1417281197623314,7.521219871642501,Semiconductors,Technology,ON
2009Q1,2009,Q1,2009-05-07,2009-04-03,-33500000.0,379100000.0,5000000.0,-0.081,112100000.0,0.2957003429,2211000000.0,831100000.0,954600000.0,460000000.0,1362200000.0,299200000.0,-1599300000.0,2030776000.0,2559276000.0,2.009429400386847,2.075217391304348,0.42103120759837176,1.1200818192756588,0.003614541028817064,2.009429400386847,-0.04030802550836241,5.356834608282775,-15.155044776119404,2.4434797256647816,0.0,0.892379679144385,0.0,0.1714608774310267,1.2934782608695652,-0.015151515151515152,317.30875,0.295700342917436,0.9352,0.6002448992325451,-0.31746754098484115,1.9958195797641574,-0.3963381798599892,0.9337682878608146,-0.9072356215213359,-1.6251137081793288,-0.14433671342035467,3.50917135378702,Semiconductors,Technology,ON
2008Q4,2008,Q4,2009-02-27,2008-12-31,-505800000.0,488700000.0,53900000.0,-1.25,185700000.0,0.3799877225,2354200000.0,678700000.0,1045200000.0,544000000.0,1658200000.0,335500000.0,-1431500000.0,1376320000.0,2086920000.0,1.6766304347826086,1.9213235294117648,0.4966867725766715,1.7228525121555915,0.02928826682549136,1.6766304347826086,-0.7452482687490791,2.8162881113157354,-0.6802688809806248,2.027876823338736,0.0,0.9031296572280179,0.0,0.20758644125392914,1.1902573529411764,-0.21485005522045705,22.37918699186992,0.37998772252915897,-9.333333333333334,-4.327465896181686,-0.22216912839181788,1.4668866941412944,-0.16200361010830325,-9.264705882352942,-0.26766304347826086,-9.89488467161189,0.10130063000575892,2.740837061489235,Semiconductors,Technology,ON
2008Q3,2008,Q3,2008-10-31,2008-09-26,61200000.0,581500000.0,73600000.0,0.15,221600000.0,0.381083405,2909000000.0,1084800000.0,1076400000.0,609400000.0,1807800000.0,309400000.0,-924800000.0,2800278000.0,3603178000.0,2.719478566056656,1.7663275352806038,0.41966311447232724,1.1253687315634218,0.02974905013223083,2.719478566056656,0.05641592920353982,4.815611349957008,11.439044117647057,2.5813772123893806,0.0,1.1632191338073692,0.0,0.19989687177724305,1.1440761404660322,0.021038157442420075,27.108209099709583,0.3810834049871023,0.3636363636363636,2.7767247026095956,-0.011828885174410959,1.8083232366404534,0.15657620041753653,0.3721973094170404,1.2035928143712575,0.6719723921635563,0.19047206028312547,2.444934565906866,Semiconductors,Technology,ON
2008Q2,2008,Q2,2008-08-06,2008-06-27,44600000.0,562700000.0,33400000.0,0.11,191600000.0,0.3405011551,2838100000.0,1034200000.0,978300000.0,587900000.0,1787900000.0,327600000.0,-986000000.0,3733680000.0,4644580000.0,2.603726082578046,1.664058513352611,0.43412846622740564,1.1913556372075034,0.02414119667733784,2.603726082578046,0.04312512086637014,6.635294117647059,20.92869955156951,3.6102107909495267,0.0,1.1327838827838828,0.0,0.19826644586166803,0.986052049668311,0.015714738733659844,296.32380952380953,0.34050115514483736,0.5714285714285713,-0.6323673119242103,-0.022378350247202628,1.6132126966828275,0.3069577080491132,1.1442307692307692,-0.3848987108655617,0.5495468277945619,0.19443527080581244,2.310331695017101,Semiconductors,Technology,ON
2008Q1,2008,Q1,2008-05-07,2008-03-28,20800000.0,421900000.0,54300000.0,0.07,146600000.0,0.3474757051,2872300000.0,978600000.0,1005700000.0,655600000.0,1877000000.0,362400000.0,-1030600000.0,1696604000.0,2613804000.0,3.1897001303780965,1.5340146430750459,0.4265222992027295,1.2518904557531167,0.023385543505115135,3.1897001303780965,0.021254853872879623,4.021341550130362,20.391875000000002,1.7337052932761088,0.0,0.7596578366445916,0.0,0.14688577098492497,0.8444173276388042,0.007241583400062667,13.975321252059308,0.3474757051433989,-0.65,1.3908275174476572,-0.08976079410779057,1.8125098960269983,-0.03742613263296126,-0.6595744680851063,-0.22206303724928367,0.1681172698121851,0.159611633658244,2.5587840805795605,Semiconductors,Technology,ON
2007Q4,2007,Q4,2008-02-12,2007-12-31,61100000.0,407900000.0,69800000.0,0.2,152300000.0,0.3733758274,1637600000.0,15900000.0,745300000.0,420900000.0,1603200000.0,220500000.0,-1051400000.0,2746584000.0000005,3631384000.0000005,0.05140640155189137,1.7707293894036589,0.7079872984855886,72.91823899371069,0.05633638180269743,0.05140640155189137,3.842767295597484,6.733473890659477,11.238068739770869,172.7411320754717,0.0,1.1591836734693877,0.0,0.24908402540302882,1.0686623901164172,0.037310698583292626,39.293047210300436,0.3733758274086786,0.0,1.876970480753216,-0.1274283438473196,1.0136493662480328,-0.021208226221079693,-0.04231974921630094,-0.04644808743169399,1.589673329694693,0.11503474852370928,1.024795129346524,Semiconductors,Technology,ON
2007Q3,2007,Q3,2007-10-31,2007-09-28,63800000.0,402900000.0,73200000.0,0.2,155600000.0,0.3862000496,1526300000.0,-53500000.0,785200000.0,390400000.0,1561100000.0,216500000.0,-1112500000.0,3649936000.0,4462336000.0,-0.1841018582243634,2.0112704918032787,0.7465766887243661,-21.299065420560748,0.06498525877660233,-0.1841018582243634,-1.1925233644859814,9.05916108215438,14.302257053291536,-68.22310280373831,0.0,1.1422632794457275,0.0,0.2639716962589268,1.3332479508196722,0.0418004324182664,56.500557275541794,0.38620004964010923,-0.04761904761904753,2.882738824635321,-0.10391001376462501,0.9367992449212204,0.06575342465753424,0.007898894154818325,0.023776223776223775,3.0393239374806744,0.1055828652899735,0.896630999992999,Semiconductors,Technology,ON
2007Q2,2007,Q2,2007-08-01,2007-06-29,63300000.0,381200000.0,71500000.0,0.21,146000000.0,0.3830010493,1427700000.0,-137100000.0,693200000.0,371400000.0,1545500000.0,221100000.0,-1176300000.0,3118448000.0,4006048000.0,-0.4712959779993125,1.86645126548196,0.8008685298031799,-8.339897884755652,0.06952201132862963,-0.4712959779993125,-0.4617067833698031,8.180608604407135,12.316145339652449,-22.74579139314369,0.0,1.0637720488466758,0.0,0.26700287175176857,1.1521270866989768,0.044337045597814664,112.17438848920864,0.3830010493179433,0.16666666666666666,2.509442550514486,-0.17184731972460018,0.8314398937459153,0.06881405563689605,0.17222222222222222,0.14035087719298245,18.780070748178623,-0.004712562934758102,0.7443151183824677,Semiconductors,Technology,ON
2007Q1,2007,Q1,2007-04-27,2007-03-30,54000000.0,374200000.0,62700000.0,0.18,136600000.0,0.3650454303,1440700000.0,-157200000.0,707600000.0,398700000.0,1578900000.0,213300000.0,-1239600000.0,2582340000.0,3456940000.0,-0.5430051813471503,1.7747679959869576,0.7985007288123829,-7.318066157760814,0.06244309128158434,-0.5430051813471503,-0.3435114503816794,6.900962052378407,11.955277777777779,-16.427099236641222,0.0,1.1139240506329113,0.0,0.25973485111404176,1.128918986706797,0.03748177969042826,183.14468085106384,0.36504543025120256,-0.3333333333333334,1.6521036269430052,-0.1603796702242298,0.794506807318723,-0.13379835129993659,-0.38215102974828374,-0.34138655462184875,1.9206083904395788,-0.037489955045677176,0.730901124769659,Semiconductors,Technology,ON
