Quarters,Year,Quarter,FillingDate,Date,NetIncome,Revenue,OperatingIncome,EPSDiluted,GrossProfit,GrossProfitRatio,TotalAssets,CommonStockEquity,CurrentAssets,CurrentLiability,TotalLiability,Inventory,RetainedEarnings,MarketCap,EnterpriseValue,bookValuePerShare,currentRatio,debtToAssets,debtToEquity,roic,shareholdersEquityPerShare,roe,priceToSalesRatio,peRatio,pbRatio,payoutRatio,inventoryTurnover,dividendYield,assetTurnover,quickRatio,returnOnAssets,priceToFreeCashFlowsRatio,grossProfitMargin,epsdilutedGrowth,fiveYNetIncomeGrowthPerShare,fiveYRevenueGrowthPerShare,fiveYShareholdersEquityGrowthPerShare,grossProfitGrowth,netIncomeGrowth,operatingIncomeGrowth,threeYNetIncomeGrowthPerShare,threeYRevenueGrowthPerShare,threeYShareholdersEquityGrowthPerShare,Industry,Sector,Symbol
2023Q4,2023,Q4,2023-06-29,2023-03-31,-4686130.0,2742435.0,-2227678.0,0.0,1534701.0,0.5596125341,6510544.0,-19845385.0,4720202.0,11160768.0,26355929.0,2337006.0,-112570825.0,0.0,18975712.0,0.0,0.42292806373181485,3.002233300320219,-0.9849227918732744,-1.570268197684878,0.0,0.2361319772833835,0.0,0.0,0.0,-0.001290830600090053,0.5167868631916221,,0.42122977741952133,0.21353333390677057,-0.7197754903430497,0.0,0.5596125341165789,1.0,1.0,0.0,-1.0,0.09467775966036267,0.00619446449131229,0.4898076173022358,1.0,-1.0,1.0,Medical Devices,Healthcare,BTCY
2023Q3,2023,Q3,2023-02-14,2022-12-31,-4715339.0,2459181.0,-4366349.0,-0.0904,1401966.0,0.5700946779,6647096.0,-15481707.0,4794375.0,7290664.0,22128803.0,1931894.0,-107713387.0,140159494.272,157253056.272,-0.2969105206333032,0.6576047119987973,2.639495954323512,-1.133271867243063,-1.1847527160754014,-0.2969105206333032,0.3045748766592728,56.994379133540804,-7.4310401792956995,-9.053232584236351,-0.04686598354858473,0.5472427576254184,0.0015766966137244938,0.36996321401105087,0.39262281185911185,-0.7093833156614557,-44.08274296296483,0.5700946778622639,0.0331550802139038,0.22849456603818327,0.0,-1.3076608735893855,0.0950831760056927,0.03068110570469454,0.02311536854982709,-0.5512372164139147,4.105303437461012,-2.2185614497829618,Medical Devices,Healthcare,BTCY
2023Q2,2023,Q2,2022-11-14,2022-09-30,-4864590.0,2381389.0,-4469667.0,-0.0935,1280237.0,0.5376009547,8053105.0,-10623636.0,6751778.0,4388833.0,18676741.0,1853554.0,-102965898.0,249692923.2,262147388.2,-0.20422466182253418,1.5383993877187854,1.8567085614803234,-1.4074530603269917,-0.8335918054536536,-0.20422466182253418,0.4579025486189474,104.85180002091217,-12.832166904096747,-23.503527718758434,-0.041714717992677695,0.5940760290771134,0.0008126982431034313,0.2957106606706357,1.0268283163200786,-0.6040638983348658,-56.10057030081497,0.5376009547369204,0.013713080168776325,-0.9662437149479727,0.0,-64.49153621897807,0.044981385633676124,0.0023312346683943275,0.012873573473958901,-0.6605947560005441,3.719304841706224,-0.4868033620983281,Medical Devices,Healthcare,BTCY
2023Q1,2023,Q1,2022-08-15,2022-06-30,-4875957.0,2056052.0,-4527958.0,-0.0948,1225129.0,0.5958647933,12149679.0,-6560418.0,10846540.0,4577442.0,18710097.0,1431054.0,-98061531.0,546302825.28,554147221.28,-0.1275330017271845,2.3695636121659214,1.238910921021041,-2.294422398085,-0.47299538353539206,-0.1275330017271845,0.7432387692369602,265.7047707353705,-28.010030917007676,-83.27256362018394,-0.10599293636100564,0.5806370689016627,0.0009460265920007142,0.16922685776307342,1.9737866694979422,-0.40132393621263573,-127.39783862744055,0.5958647933028931,0.13818181818181824,-0.39311208015919186,0.0,-3.021741577295445,-0.14959215957940827,0.13227109755683042,0.1213253672304105,-0.44717364623136197,2.786198951652165,-1.4123897322165018,Medical Devices,Healthcare,BTCY
2022Q4,2022,Q4,2022-07-14,2022-03-31,-5619217.0,2148742.0,-5153168.0,-0.11,1440637.0,0.6704560157,16677970.0,-2144736.0,15322811.0,4866814.0,18822706.0,842924.0,-93037142.0,669671755.68,672958636.68,-0.043620332009281435,3.148427492811519,0.920604246200227,-7.1588344672724284,-0.35489344798406425,-0.043620332009281435,2.6200040471181536,311.65759113006584,-29.79381983646476,-312.23971420258715,-0.0352625641615193,0.8400579411667006,0.00029588824423212537,0.12883714264985488,2.8917495100490793,-0.3369245177920334,-140.83225884113526,0.6704560156593952,0.26666666666666666,-0.4747486026338305,0.0,0.7369718897694948,0.16303835360753832,0.05946892760332847,-0.7162832770916125,-1.219632982721585,7.683804251887273,0.1314252274482344,Medical Devices,Healthcare,BTCY
2022Q3,2022,Q3,2022-02-14,2021-12-31,-5974515.0,1764110.0,-3002516.0,-0.15,1238684.0,0.7021580287,2767284.0,-10599707.0,2744605.0,12289674.0,13366991.0,179799.0,-68715051.0,933603811.56,939868488.56,-0.27112250402775123,0.22332610287302984,2.3366828269162108,-0.6100418624778968,1.1512029738891045,-0.27112250402775123,0.5636490706771423,529.2208601277698,-39.06609204094391,-88.07826589546295,-0.034285962961010226,2.922296564497022,0.0002194099868312667,0.6374878761991902,0.17509992535196622,-2.158981514004345,-348.1782666789985,0.7021580286943558,0.4444444444444445,-1.9652495594383297,0.0,-0.8470464905180086,0.09173821917542602,0.48977367939079414,0.4191106452412985,-1.016852053145524,80.62332948485361,-11.032484979258998,Medical Devices,Healthcare,BTCY
2022Q2,2022,Q2,2021-11-04,2021-09-30,-11709539.0,1807309.0,-5168826.0,-0.27,1134598.0,0.6277830742,13952306.0,7745183.0,13946460.0,5214505.0,6207123.0,118091.0,-79712541.0,757279945.8252,748287466.8252,0.18042162080618163,2.6745510839475655,0.1936585966506182,0.3488599301010706,-0.5387756628559651,0.18042162080618163,-1.51184794471609,419.0096689748128,-16.16801365590054,97.77431286325965,-0.014180660741639785,5.69654757771549,0.00021927029880483388,0.12953478801282026,2.5578048156057,-0.8392547439828226,-233.78429896817912,0.6277830741727065,-0.5882352941176471,-1.122936814567763,0.0,2.8335722647580535,0.3755420767982038,-1.0702500080002135,-0.09155196080501764,-3.112696875374819,15.301776140454534,10.421855680682347,Medical Devices,Healthcare,BTCY
2022Q1,2022,Q1,2021-08-17,2021-06-30,-5656099.0,1930108.0,-4735300.0,-0.17,824837.0,0.4273527699,21045495.0,2319071.0,19609865.0,4828844.0,18726424.0,359834.0,-87055411.0,927805141.6800001,925965430.6800001,0.04716601342687226,4.060985403545859,0.7103959778565436,6.446820731232464,-0.29105555321842147,0.04716601342687226,-2.4389503383035707,480.701153344787,-41.009056846423654,400.0762122763814,-0.07020227191921499,3.0716135773717883,0.0004279680960605732,0.09171121895683614,3.8890071826714636,-0.2687558073592472,-206.7457713348287,0.4273527698968141,0.0,0.005127770646529243,0.0,1.3065165845405535,0.8903408557029676,0.14520642389704694,-0.4587389407792592,-0.7948564579107805,10.309638426537573,2.879074124563259,Medical Devices,Healthcare,BTCY
2021Q4,2021,Q4,2021-06-22,2021-03-31,-6616918.0,1187033.0,-3246160.0,-0.17,436343.0,0.367591297,4438033.0,-6833164.0,4321555.0,10490255.0,11271197.0,272493.0,-62817688.0,562195260.0600001,564700873.0600001,-0.17478073064777025,0.4119590038564363,1.0606444341445862,-0.6888719486317026,1.8985474261434803,-0.17478073064777025,0.9683534596857327,473.6138422941907,-21.240827680651325,-82.27451588458875,-0.004843493602308507,2.754896456055752,5.700688404341862e-05,0.26746826803676316,0.3548434237299284,-1.49095736782489,-157.05326811833683,0.36759129695636095,-1.122347066167291,-1.1569420562250443,0.0,-0.7002140566199888,0.6754327358736887,-1.2463140913568964,0.036370329030955745,-0.9368746228305135,0.0,-33.22815655692749,Medical Devices,Healthcare,BTCY
2021Q3,2021,Q3,2021-02-16,2020-12-31,-2945678.0,451898.0,-3368680.0,-0.0801,260436.0,0.5763158943,1389093.0,-4985151.0,1124061.0,3821004.0,6374244.0,236106.0,-49758758.0,162883564.57,166482121.57,-0.13558285630782105,0.2941794879042262,2.63728346482201,-0.7348688134020414,2.8557868263946045,-0.13558285630782105,0.5908904263882879,360.44320747159753,-13.82394516389775,-32.67374740905541,-0.10018236888078058,0.8109154362870914,0.001811754309153624,0.3253187511563301,0.1906729226140564,-2.12057652007461,-68.06355101520614,0.5763158942947302,-0.09276944065484312,-0.5545282557247478,0.0,0.07632957354165139,-0.19739652191599716,-0.08167264111936347,-0.17825192922541727,0.31651174160521917,0.0,-0.053782977995142534,Medical Devices,Healthcare,BTCY
2021Q2,2021,Q2,2020-11-13,2020-09-30,-2723262.0,744585.0,-2859049.0,-0.0733,324489.0,0.4357984649,2067687.0,-7412996.0,1827741.0,7106421.0,9480683.0,179297.0,-52914182.0,247570947.9,251260038.9,-0.19941981795029512,0.2571957107522901,2.011554456743211,-0.5610774644961363,0.8518534019693585,-0.19941981795029512,0.36736320915322224,332.4952126352263,-22.727426510926968,-33.396881355392615,0.0,2.3430174514911015,0.0,0.36010527705595674,0.20910638421224975,-1.3170571754815887,-115.89515776651875,0.43579846491669855,0.22923238696109358,-2.163735902794174,0.0,-17.093478405254288,-0.34097182025894895,0.23112831722236746,0.2627334250667371,-0.5403523545965657,0.0,-62.95070073085899,Medical Devices,Healthcare,BTCY
2021Q1,2021,Q1,2020-08-14,2020-06-30,-3541894.0,1001252.0,-3877904.0,-0.0951,492375.0,0.4917593173,5139724.0,-10707667.0,4942238.0,8443389.0,15847391.0,94848.0,-57033331.0,305501783.0,309557998.0,-0.28740542375165123,0.5853381858872071,1.4359535648217687,-0.6892635902853534,1.0959290083909035,-0.28740542375165123,0.33078111226282997,305.1197730441487,-21.563447621526784,-28.531124753879624,-0.08331841664375049,5.365184294871795,0.0009659681757078322,0.19480656937999005,0.5591132896991954,-0.689121439205685,-102.79641045778288,0.49175931733469697,0.2684615384615385,-0.2602612246459207,0.0,-18.19624665142663,14.961351972098562,0.237247142121563,0.135654167518292,-0.3972392719126222,0.0,-5.556150069939681,Medical Devices,Healthcare,BTCY
2020Q4,2020,Q4,2020-07-15,2020-03-31,-4643567.0,362920.0,-4486519.0,-0.13,-35267.0,-0.0971756861,2004416.0,-3000393.0,1658829.0,3803021.0,5004809.0,85720.0,-46364364.0,214726866.16,216115405.16,-0.08160271433824012,0.43618717856146466,1.1666176083208275,-0.7793602371422677,11.56039724781973,-0.08160271433824012,1.5476529241336052,591.6644609280282,-11.56044836652513,-71.56624687499271,0.0,4.645205319645357,0.0,0.1810602190363677,0.37760375238527477,-2.3166682964015455,-72.71770204237689,-0.0971756861016202,-1.2298456260720414,0.2654764145485397,0.0,0.40732887307934124,-1.1640981974185023,-1.2502884601871636,-1.1741824619113825,-0.6296909048877363,0.0,0.5079402940468213,Medical Devices,Healthcare,BTCY
2020Q3,2020,Q3,2020-02-14,2019-12-31,-2063543.0,327000.0,-2063543.0,-0.0583,214914.0,0.6572293578,1046934.0,-3265396.0,600698.0,4092389.0,4312330.0,39617.0,-37129096.0,133802391.24,136351375.24,-0.09224944909885902,0.14678418889308908,2.4803225418221206,-0.7952278988520841,7.978083482825075,-0.09224944909885902,0.6319426495285717,409.18162458715597,-16.210274178924305,-40.97585445685608,0.0,2.829239972738976,0.0,0.31234060599808583,0.12166487594410014,-1.9710344682663854,-100.72636961701326,0.6572293577981652,-0.035523978685612696,-0.13117119099659105,0.0,0.3715423150826803,-0.07240709568820407,-0.027602516590193586,-0.027602516590193586,-0.13117119099659105,0.0,0.3715423150826803,Medical Devices,Healthcare,BTCY
2020Q2,2020,Q2,2019-11-14,2019-09-30,-2008114.0,345906.0,-2008114.0,-0.0563,231690.0,0.6698062479,1057761.0,-4898075.0,661113.0,5788844.0,5955836.0,32646.0,-39137210.0,124093782.84,128061026.84,-0.137358219001006,0.11420466676939299,3.79100382789685,-0.8186840748661464,3.851410729252374,-0.137358219001006,0.40998024734206806,358.7500154377201,-15.449046075073428,-25.335214924230435,0.0,3.4986215769160083,0.0,0.3270171617217878,0.10332011019816738,-1.8984572129242807,-84.84476448073907,0.6698062479401918,0.14045801526717555,-11.022663663641843,0.0,-2.6239936767756227,-0.17582358946630763,0.15251643594308004,0.14364205246429876,0.5617136363151173,0.0,-0.3959314829976196,Medical Devices,Healthcare,BTCY
2020Q1,2020,Q1,2019-08-15,2019-06-30,-2369502.0,381899.0,-2344947.0,-0.0655,281117.0,0.7361030011,5529406.0,-1912502.0,5182346.0,6537573.0,7441908.0,98254.0,-41531886.0,151941384.0,152168427.0,-0.052865836736092915,0.7927018176317113,0.8284443211440795,-2.3951896520892526,-0.7844749731647936,-0.052865836736092915,1.2389539984794786,397.85750682772147,-16.030940678674252,-79.44639221292317,0.0,1.0257292323976632,0.0,0.0690669124314619,0.7731788233951652,-0.4285274042094214,-71.70689260534715,0.7361030010552528,-0.27184466019417486,-14.591543013761923,0.0,0.0,19.22715498632897,-0.30009547010798,-0.2866226626283908,0.4335449242975463,0.0,0.6564421171539262,Medical Devices,Healthcare,BTCY
2019Q4,2019,Q4,2019-07-16,2019-03-31,-1822560.0,178140.0,-1822560.0,-0.0515,13898.0,0.0780172898,490660.0,-1777681.0,457660.0,2268341.0,2268341.0,24604.0,-35039495.0,193270120.68,194074172.68,-0.05022058363625998,0.20175978832106814,1.7684323156564627,-0.48810725883890305,2.002852803681831,-0.05022058363625998,1.025245811818881,1084.933876052543,-26.510803578483014,-108.72036134717084,0.0,6.675418631116892,0.0,0.3630619981249745,0.14621743379853383,-3.7145069905841113,-166.97606566724724,0.07801728977208937,0.320580474934037,0.7005410293609472,0.0,0.6352536782668338,2.4118244616009754,0.24703658228245548,0.24703658228245548,0.34382333973669665,0.0,0.5114693598454852,Medical Devices,Healthcare,BTCY
2019Q3,2019,Q3,2019-02-19,2018-12-31,-2420516.0,17660.0,-2420516.0,-0.0758,-9844.0,-0.5574178935,286630.0,-719810.0,253630.0,1006440.0,1006440.0,126092.0,-28867947.0,92002605.11999999,91818104.11999999,-0.02253254456540763,0.2520070744406025,0.06332903045738408,-0.02521776579930815,3.449709117547295,-0.02253254456540763,3.3627151609452492,5209.660539071348,-9.502375229083384,-127.81512499131715,0.0,0.21812644735589887,0.0,0.061612531835467325,0.24684034815786335,-8.444740606356627,-76.06356180692141,-0.5574178935447338,-0.14328808446455518,-11.115100252681504,0.0,0.0,-1.2615163912650762,-0.11199132647904665,-0.11199132647904665,-0.4702365276687822,0.0,0.846495009659114,Medical Devices,Healthcare,BTCY
2019Q2,2019,Q2,2018-11-14,2018-09-30,-2176740.0,84760.0,-2176740.0,-0.0663,37642.0,0.444100991,419420.0,-628476.0,386420.0,1047896.0,1047896.0,179430.0,-31044687.0,343952007.04,343868753.04,-0.019149266017319762,0.368757968348004,0.0,0.0,3.46352128004888,-0.019149266017319762,3.46352128004888,4057.95194714488,-39.503110964102284,-547.279461809202,0.0,0.26259822772111685,0.0,0.2020885985408421,0.16986991075450236,-5.1898812646035,-235.40797791236537,0.44410099103350636,-0.034321372854914094,-13.159669160611415,0.0,0.49477490705413946,-0.5823866157805982,-0.0020679038489159617,-0.0020679038489159617,-1.8642191226752778,0.0,-0.7374242676683386,Medical Devices,Healthcare,BTCY
2019Q1,2019,Q1,2018-08-14,2018-06-30,-2172248.0,117640.0,-2172248.0,-0.0641,90136.0,0.7662019721,473098.0,-850731.0,440098.0,1323829.0,1323829.0,126092.0,-33216935.0,642606824.4,642599238.4,-0.025100666764721027,0.3324432385149442,0.03836837188066743,-0.02133694434550992,2.6090593204969137,-0.025100666764721027,2.5533899669813374,5462.485756545392,-73.95642951449375,-755.3584204642831,0.0,0.21812644735589887,0.0,0.24865884024028848,0.15518393991973284,-4.591539173701855,-461.3985443052062,0.7662019721183271,0.2665903890160183,-14.256721226571761,0.0,0.0,0.0,0.22182760792326922,0.22182760792326922,0.15037493327774046,0.0,-0.6765118209711007,Medical Devices,Healthcare,BTCY
2018Q4,2018,Q4,2018-07-13,2018-03-31,-2791474.0,0.0,-2791474.0,-0.0874,0.0,0.0,929426.0,173247.0,896426.0,756179.0,756179.0,0.0,-26447430.0,707270026.86,706426383.86,0.005423230780793787,1.1854679910444486,0.0,0.0,-16.112683047902706,0.005423230780793787,-16.112683047902706,0.0,-63.341985888100695,4082.4373689587696,0.0,0.0,0.0,0.0,1.1629257093889145,-3.0034386815088023,-431.89187825665346,0.0,0.2716666666666666,0.49177793316007445,0.0,1.0393883012896012,0.0,0.134388284503778,-1.020217561690847,0.49177793316007445,0.0,1.0393883012896012,Medical Devices,Healthcare,BTCY
2018Q3,2018,Q3,2018-02-14,2017-12-31,-3224857.0,0.0,-1381769.0,-0.12,0.0,0.0,1241819.0,-3539838.0,1208819.0,4781657.0,4781657.0,0.0,-20610528.0,208841755.9564,207648923.9564,-0.12866297818339406,0.25280336920862373,0.0,0.0,0.5465244056974923,-0.12866297818339406,0.9110182443377353,0.0,-16.190001289700596,-58.997546203074826,0.0,0.0,0.0,0.0,0.25280336920862373,-2.5968816711614173,-162.53731342213507,0.0,-1.5210084033613442,-17.741630266897026,0.0,0.0,0.0,-1.2165504272117857,0.050264657546675064,-1.274403746709072,0.0,0.12347186683954359,Medical Devices,Healthcare,BTCY
2018Q2,2018,Q2,2017-11-14,2017-09-30,-1454899.0,0.0,-1454899.0,-0.0476,0.0,0.0,667412.0,-95392.0,634412.0,762804.0,762804.0,0.0,-21581903.0,66687654.06,66080505.06,-0.0031183367136126843,0.8316841547763253,0.0,0.0,15.251792603153305,-0.0031183367136126843,15.251792603153305,0.0,-11.459155250639393,-699.0906371603489,0.0,0.0,0.0,0.0,0.8316841547763253,-2.1799113591005255,-72.23188459388851,0.0,0.3,-9.153762771737687,0.0,0.9177272928086897,0.0,0.30573299166344564,0.30573299166344564,-9.153762771737687,0.0,0.9177272928086897,Medical Devices,Healthcare,BTCY
2018Q1,2018,Q1,2017-08-14,2017-06-30,-2095590.0,0.0,-2095590.0,-0.068,0.0,0.0,2572935.0,1942846.0,2539935.0,630089.0,630089.0,0.0,-23655955.0,83158223.4,80675961.4,0.06308076321890253,4.031073388045181,0.0,0.0,-1.0786186861954061,0.06308076321890253,-1.0786186861954061,0.0,-9.920621805792164,42.802272233620165,0.0,0.0,0.0,0.0,4.031073388045181,-0.8144745203434988,-80.83054616216805,0.0,0.12258064516129025,-15.196593565551876,0.0,0.0,0.0,-0.02274840298509648,-0.3552803217609674,-15.196593565551876,0.0,0.0,Medical Devices,Healthcare,BTCY
2017Q4,2017,Q4,2017-03-31,2017-03-31,-2048979.0,0.0,-1546241.0,-0.0775,0.0,0.0,473512.0,-4384816.0,440512.0,4858328.0,4858328.0,0.0,-18307215.0,66364876.89999999,67496998.89999999,-0.1658390503245249,0.09067152320716099,3.2881743229316256,-0.355086735680585,0.6232560939491711,-0.1658390503245249,0.46728961945039427,0.0,-8.097310526364593,-15.13515661774633,0.0,0.0,0.0,0.0,0.09067152320716099,-4.327195509300715,-61.08353350925619,0.0,-0.5048543689320389,0.5492865651710445,0.0,-0.20446994490756698,0.0,-0.5903209081609369,-0.9308510903986973,0.5492865651710445,0.0,-0.20446994490756698,Medical Devices,Healthcare,BTCY
2017Q3,2017,Q3,2017-03-30,2016-12-31,-1288406.0,0.0,-800808.0,-0.0515,0.0,0.0,109670.0,-3669673.0,109670.0,1777901.0,3779343.0,0.0,-11542487.0,64499943.24,66007627.24,-0.14678704917260327,0.06168509945154427,14.056551472599617,-0.4200870213776541,0.4641282623537747,-0.14678704917260327,0.3510955880810089,0.0,-12.515453832099508,-17.576482493126772,0.0,0.0,0.0,0.0,0.06168509945154427,-11.748025895869427,-112.59541071176074,0.0,0.6038461538461539,-7.240238917129405,0.0,0.0,0.0,0.6074125671271412,0.429243427242093,-7.240238917129405,0.0,0.0,Medical Devices,Healthcare,BTCY
2017Q2,2017,Q2,2016-11-18,2016-09-30,-3281832.0,0.0,-1403064.0,-0.13,0.0,0.0,84056.0,-2513317.0,84056.0,2597373.0,2597373.0,0.0,-13884935.0,57214319.68000001,57914246.68000001,-0.09839896920015252,0.03236192876417827,8.609855334538878,-0.2879501471561287,1.0984143508537323,-0.09839896920015252,1.3057771860851615,0.0,-4.358413203357149,-22.764466113904454,0.0,0.0,0.0,0.0,0.03236192876417827,-39.043399638336346,-90.11306939332229,0.0,-0.08333333333333341,-26.431069409875246,0.0,-1.5961114287597185,0.0,-0.07346268970139397,0.35994554995413075,-26.431069409875246,0.0,-1.5961114287597185,Medical Devices,Healthcare,BTCY
2017Q1,2017,Q1,2016-08-15,2016-06-30,-3057239.0,0.0,-2192101.0,-0.12,0.0,0.0,67514.0,-4068551.0,34514.0,4136065.0,4136065.0,0.0,-16509605.0,56846408.5,58134461.5,-0.1538775250858636,0.008344646421175682,33.14426637438161,-0.5499997419228615,1.394641925635847,-0.1538775250858636,0.7514318979902181,0.0,-4.648508711618555,-13.972150895982377,0.0,0.0,0.0,0.0,0.008344646421175682,-45.2830375922031,-91.04690292841995,0.0,-0.5286624203821655,-26.524765303633387,0.0,0.0,0.0,-0.5584783874246693,-2.8016388609482847,-26.524765303633387,0.0,0.0,Medical Devices,Healthcare,BTCY
2016Q4,2016,Q4,2016-05-16,2016-03-31,-1961682.0,0.0,-576620.0,-0.0785,0.0,0.0,159485.0,-2569979.0,159485.0,694789.0,2729464.0,0.0,-10497925.0,61999945.44,62903797.44,-0.1027992504633404,0.22954450919631716,6.003668056557043,-0.372569192199625,0.5527256238806643,-0.1027992504633404,0.7633066262409148,0.0,-7.901375635806415,-24.12468951691823,0.0,0.0,0.0,0.0,0.22954450919631716,-12.300103458005456,-112.41832971599841,0.0,0.0,0.5436305666237974,0.0,0.25338086958516526,0.0,0.0,0.0,0.5436305666237974,0.0,0.25338086958516526,Medical Devices,Healthcare,BTCY
2016Q2,2016,Q2,2015-12-21,2015-11-30,-492013.0,0.0,-492013.0,-0.0232,0.0,0.0,28000.0,-234185.0,800.0,262185.0,262185.0,0.0,-238685.0,56306521.6,56679698.6,-0.011021640697478283,0.003051280584320232,27.99207142857143,-3.3468326323206012,-0.8952315622651671,-0.011021640697478283,2.1009586438072465,0.0,-28.61028143565312,-240.4360723359737,0.0,0.0,0.0,0.0,1.8540114804431984,-17.571892857142856,-104.34341054098479,0.0,0.6923076923076923,-3.9436403271359364,0.0,0.7092102934513033,0.0,0.5990878675134489,0.5988688727208691,-3.9436403271359364,0.0,0.7092102934513033,Medical Devices,Healthcare,BTCY
2016Q1,2016,Q1,2015-11-30,2015-08-31,-1227234.0,0.0,-1226564.0,-0.0754,0.0,0.0,18748.0,-243574.0,18748.0,262322.0,262322.0,0.0,-265874.0,43111999.35,43107589.35,-0.014971959309050232,0.07146941545123932,0.0,0.0,5.0370684413342675,-0.014971959309050232,5.038444168917865,0.0,-8.78235107363388,-176.99754222536066,0.0,0.0,0.0,0.0,0.016811399730102698,-65.45946234264989,-88.0084581984314,0.0,0.5564705882352942,-16.957004594309065,0.0,0.0,0.0,0.20692832826260596,0.14609416770629122,-16.957004594309065,0.0,0.0,Medical Devices,Healthcare,BTCY
2015Q4,2015,Q4,2015-07-14,2015-05-31,-1547444.0,0.0,-1436416.0,-0.17,0.0,0.0,519094.0,-1239177.0,486094.0,1758271.0,1758271.0,0.0,-9228774.0,23850000.0,24223177.0,-0.13768633333333333,0.27646136460192994,1.5098960881844137,-0.6324988278510657,3.2715582394251417,-0.13768633333333333,1.2487675287711117,0.0,-3.853128126122819,-19.24664515238743,,0.0,,0.0,0.27646136460192994,-2.981047748577329,0.0,0.0,-25.984126984126984,0.0,0.0,0.0,0.0,-53.98308698123934,-50.0380898237635,0.0,0.0,0.0,Medical Devices,Healthcare,BTCY
2015Q3,2015,Q3,2014-05-31,2014-11-30,-28144.0,0.0,-28144.0,-0.0063,0.0,0.0,,,,,,,,11925000.0,,,0.0,0.0,0.0,0.0,,0.0,0.0,-105.92843945423535,0.0,0.0,0.0,0.0,0.0,0.0,0.0,-3308.823529411765,0.0,-0.34042553191489355,0.0,0.0,0.0,0.0,-0.33523104658886044,-0.33523104658886044,0.0,0.0,0.0,Medical Devices,Healthcare,BTCY
2015Q2,2015,Q2,2014-08-31,2014-08-31,-21078.0,0.0,-21078.0,-0.0047,0.0,0.0,0.0,-170561.0,0.0,170561.0,170561.0,0.0,-175061.0,11925000.0,11925000.0,-0.03790244444444445,0.0,0.0,0.0,0.12358041990841986,-0.03790244444444445,0.12358041990841986,0.0,-141.43894107600343,-69.91633491829901,0.0,0.0,0.0,0.0,0.0,0.0,-8068.335588633288,0.0,-0.11904761904761917,0.0,0.0,0.0,0.0,-0.11500211595429538,-0.11500211595429538,0.0,0.0,0.0,Medical Devices,Healthcare,BTCY
2015Q1,2015,Q1,2014-11-30,2014-05-31,-18904.0,0.0,-18904.0,-0.0042,0.0,0.0,,,,,,,,11925000.0,,,0.0,0.0,0.0,0.0,,0.0,0.0,-157.7047185780787,0.0,,0.0,,0.0,0.0,0.0,0.0,0.0,0.0,0.0,0.0,0.0,0.0,0.0,0.0,0.0,0.0,0.0,Medical Devices,Healthcare,BTCY
