Quarters,Year,Quarter,FillingDate,Date,NetIncome,Revenue,OperatingIncome,EPSDiluted,GrossProfit,GrossProfitRatio,TotalAssets,CommonStockEquity,CurrentAssets,CurrentLiability,TotalLiability,Inventory,RetainedEarnings,MarketCap,EnterpriseValue,bookValuePerShare,currentRatio,debtToAssets,debtToEquity,roic,shareholdersEquityPerShare,roe,priceToSalesRatio,peRatio,pbRatio,payoutRatio,inventoryTurnover,dividendYield,assetTurnover,quickRatio,returnOnAssets,priceToFreeCashFlowsRatio,grossProfitMargin,epsdilutedGrowth,fiveYNetIncomeGrowthPerShare,fiveYRevenueGrowthPerShare,fiveYShareholdersEquityGrowthPerShare,grossProfitGrowth,netIncomeGrowth,operatingIncomeGrowth,threeYNetIncomeGrowthPerShare,threeYRevenueGrowthPerShare,threeYShareholdersEquityGrowthPerShare,Industry,Sector,Symbol
2020Q2,2020,Q2,2020-03-31,2020-03-31,-30263540.0,17393500.0,12836940.0,-0.48648,15109990.0,0.8687147497628425,816613640.0,574760975.0,0.0,7859420.0,241852660.0,0.0,2034900.0,463462712.0,696949702.0,9.239080411176639,0.0,0.2865409399725432,0.407114000737437,0.015872486055605903,9.239080411176639,-0.05265413157182427,26.64574191508322,-3.8285566724844484,0.8063573070527275,-0.42746519409163636,0.0,0.027912946748561724,0.021299546257885184,0.4496171473213036,-0.03705980223401607,30.755056710649605,0.8687147497628425,-1.9754962903549227,-2.174874091455492,-0.1136384868441343,-0.175891082446964,-0.06151345496193258,-1.9757040706216211,-0.07160674185744609,-0.7193062763942606,-0.11117659812832409,-0.1492415408662509,Asset Management,Financial Services,LEO
2019Q4,2019,Q4,2019-09-30,2019-09-30,31017130.0,18328480.0,13827050.0,0.4987,16100380.0,0.8784350911805016,867129690.0,618829852.0,0.0,2071600.0,248299840.0,0.0,46228740.0,533638076.4,779292086.4,9.949740029757741,0.0,0.28395780105280444,0.3978932806880816,0.015983955445156392,9.949740029757741,0.05012222648884107,29.115239037825283,4.301156138559564,0.8623340885630062,0.42109247373951103,0.0,0.02447553984174432,0.021136953573807397,0.2771915427688743,0.03576988581719535,47.40036741546088,0.8784350911805016,0.39441896879543664,-0.2365151441916319,-0.06911947542133448,-0.10109345480497185,-0.03088630879326524,0.39443567783846967,-0.04100691482352289,0.3176373159252959,-0.06311487351471841,-0.1266901916205002,Asset Management,Financial Services,LEO
2019Q2,2019,Q2,2019-03-31,2019-03-31,22243500.0,19149820.0,14418300.0,0.35764,16613510.0,0.8675543686572511,833458780.0,601938344.0,0.0,2122190.0,231520430.0,0.0,22968000.0,492588993.6,717345313.6,9.678153077758902,0.0,0.2752364550050094,0.3810992309870195,0.017343516786697794,9.678153077758902,0.03695312023518475,25.72290463304616,5.536325146672062,0.8183379552241982,0.5871859194820959,0.0,0.02651514786098948,0.022976325235904288,2.1873253572960007,0.026688182467764034,24.349467329907064,0.8675543686572511,2.703044108511079,-0.4319489605613704,-0.05911971224466612,-0.09646223719337654,-0.031680835760905426,2.7032011667243814,-0.031997529355685506,-0.3059332451917089,-0.025413663041557993,-0.14401005597113098,Asset Management,Financial Services,LEO
2018Q4,2018,Q4,2018-09-30,2018-09-30,6006560.0,19613420.0,14894900.0,0.09658,17157060.0,0.8747612604023164,825333820.0,593779610.0,0.0,2155970.0,231554210.0,0.0,0.0,463979026.8,693338246.8,9.546974399145405,0.0,0.2779460073500926,0.3863356641700782,0.018094388715634173,9.546974399145405,0.010115807108970953,23.656202069807307,19.311345712021524,0.7813993929498523,2.174467582110226,0.0,0.028150130168771673,0.023764226697992333,0.01809858207674504,0.007277733996166545,37.75225806136648,0.8747612604023164,8.720223820943245,1.1129146595468808,-0.018397528768444384,-0.13495404836339975,-0.09555067523756407,8.721010347708722,-0.0894140849237872,-0.03968078938424462,-0.05087877842476839,-0.13621947544303203,Asset Management,Financial Services,LEO
2018Q2,2018,Q2,2018-03-31,2018-03-31,-777950.0,20478230.0,16357490.0,-0.01251,18969620.0,0.9263310354459345,833099830.0,601763718.0,0.0,4112870.0,231336110.0,0.0,0.0,479527921.8,703251261.8,9.675345386279862,0.0,0.2727443120472129,0.3775954468561031,0.019731902706242574,9.675345386279862,-0.0012927831584555584,23.41647309362186,-154.09985275403304,0.7968707774435813,-18.427251108683077,0.0,0.029894984938914564,0.024580763628291702,0.8509629528771879,-0.0009338016549589261,6.140991540140153,0.9263310354459345,-1.036815773984697,-1.0575615656739212,0.02333899105735711,-0.2370010045372824,0.024633835955915555,-1.0367861410418335,0.02921895085354597,-1.0302080219702265,0.04379528047367536,-0.13697705200258223,Asset Management,Financial Services,LEO
2017Q4,2017,Q4,2017-09-30,2017-09-30,21147910.0,19695040.0,15893110.0,0.3398,18513560.0,0.9400112921832096,828447360.0,678457530.0,0.0,1415430.0,149989830.0,0.0,0.0,547053648.9,694948718.9,10.90138362241349,0.0,0.1793407851526016,0.21898850470419276,0.019217045223393008,10.90138362241349,0.03117057304972354,27.776214158488635,6.466994243166345,0.8063196658750327,0.7066215999595232,0.0,0.027316461612216843,0.02377343564713635,0.4799460234698996,0.025527162039601405,35.17491527984784,0.9400112921832096,2.2009188902632975,-0.5686399571232382,-0.06289706350761605,-0.14388778610829178,-0.004111888111888112,2.205696123147092,-0.006680625,-0.47978275085051614,-0.00036180974510385426,-0.015117474370034537,Asset Management,Financial Services,LEO
2017Q2,2017,Q2,2017-03-31,2017-03-31,-17540000.0,19500000.0,16000000.0,-0.28295,18590000.0,0.9533333333333334,827200000.0,673200000.0,0.0,5400000.0,154000000.0,0.0,0.0,533114000.0,680714000.0,10.859816099370866,0.0,0.179642166344294,0.22073677956030896,0.019469457288878073,10.859816099370866,-0.026054664289958406,27.339179487179486,-7.598546180159635,0.7919102792632204,-0.9013683010262258,0.0,0.029655946007795708,0.023573500967117987,0.37037037037037035,-0.021204061895551258,36.97045769764216,0.9533333333333334,-1.7475956457408581,-1.4051822442626944,-0.08803787990625841,-0.11635557502935756,-0.006944444444444444,-1.7463829787234042,-0.0006246096189881324,-1.4494192901699852,-0.038737122588304654,0.013856038862019651,Asset Management,Financial Services,LEO
2016Q4,2016,Q4,2016-09-30,2016-09-30,23500000.0,19530000.0,16010000.0,0.37848,18720000.0,0.9585253456221198,853400000.0,707400000.0,0.0,6400000.0,146000000.0,0.0,0.0,580541500.0,716841500.0,11.393138991786117,0.0,0.16358097023670026,0.1973423805484874,0.018902007083825265,11.393138991786117,0.033220243143907265,29.725627240143368,6.175973404255319,0.8206693525586655,0.6327659574468083,0.0,0.025614017258025475,0.02288493086477619,0.515625,0.027536911178814155,48.82603027754417,0.9585253456221198,-0.2654867256637168,-0.652495772537184,-0.09387871762707027,-0.04116992382938404,-0.022454308093994776,-0.26262943206777534,-0.03145795523290986,1.4425172800870496,-0.02091043870842564,0.03232588139755544,Asset Management,Financial Services,LEO
2016Q2,2016,Q2,2016-03-31,2016-03-31,31870000.0,19540000.0,16530000.0,0.51528,19150000.0,0.9800409416581372,839700000.0,699300000.0,0.0,800000.0,140400000.0,0.0,0.0,554794500.0,694194500.0,11.306386418755052,0.0,0.16624985113731094,0.19962819962819964,0.019704374776493026,11.306386418755052,0.045574145574145575,28.39275844421699,4.352012080326326,0.7933569283569285,0.500784436774396,0.0,0.02876740847286698,0.023270215553173754,0.25,0.03795403120161962,25.780413568773234,0.9800409416581372,4.123595505617977,1.7065890368503736,-0.10321668168994656,0.017574777687954696,-0.04441117764471058,4.12379421221865,-0.05163511187607573,1.3712797619047619,-0.018090452261306556,-0.10837689659569051,Asset Management,Financial Services,LEO
2015Q4,2015,Q4,2015-09-30,2015-09-30,6220000.0,20550000.0,17430000.0,0.10057,20040000.0,0.9751824817518249,830600000.0,683600000.0,0.0,900000.0,147000000.0,0.0,0.0,505933000.0,650333000.0,11.052546483427648,0.0,0.1758969419696605,0.21372147454651844,0.021007593105941906,11.052546483427648,0.009098888238736103,24.619610705596106,20.334927652733118,0.7401009362200117,2.5659163987138256,0.0,0.031545678973302786,0.02474115097519865,2.0,0.0074885624849506385,28.12301278488049,0.9751824817518249,-0.7571183616296762,-0.8439117760470143,-0.06722244369808299,-0.11264419454741657,0.049214659685863874,-0.7571261226083561,0.05764563106796117,-0.8723372530504399,-0.01611668001112962,-0.1320165983688786,Asset Management,Financial Services,LEO
2015Q2,2015,Q2,2015-03-31,2015-03-31,25610000.0,19510000.0,16480000.0,0.41407,19100000.0,0.9789851358277806,840400000.0,693400000.0,0.0,800000.0,146900000.0,0.0,0.0,518921500.00000006,664921500.0,11.210994341147938,0.0,0.17384578772013326,0.21070089414479376,0.01963073257891602,11.210994341147938,0.03693394865878281,26.597719118400825,5.065614017961734,0.7483725122584368,0.6520890277235455,0.0,0.03218213159408504,0.023215135649690622,0.125,0.03047358400761542,28.080167748917752,0.9789851358277806,-0.3660803135381743,2.4100235958706677,-0.13950184564019813,-0.11824616748221314,0.002098635886673662,-0.3660891089108911,-0.002421307506053269,-0.4070578449973813,-0.08550488493819923,-0.08778080979596843,Asset Management,Financial Services,LEO
2014Q4,2014,Q4,2014-09-30,2014-09-30,40400000.0,19580000.0,16520000.0,0.65319,19060000.0,0.9734422880490297,832800000.0,684600000.0,0.0,2100000.0,148200000.0,0.0,0.0,517882420.00000006,665182420.0,11.068714632174617,0.0,0.17687319884726224,0.2151621384750219,0.019858156028368795,11.068714632174617,0.059012562080046745,26.44956179775281,3.204717945544555,0.7564744668419515,0.45024752475247515,0.0,0.03512380281222907,0.02351104707012488,0.0,0.04851104707012488,25.599724172021748,0.9734422880490297,0.037484712273066705,-0.5591943216671597,-0.17539211918829373,-0.1589825103810309,-0.03834510595358224,0.03749357986646122,-0.04065040650406504,-0.40027030783472983,-0.08803382407080583,-0.06847300805070025,Asset Management,Financial Services,LEO
2014Q2,2014,Q2,2014-03-31,2014-03-31,38940000.0,20240000.0,17220000.0,0.62959,19820000.0,0.9792490118577075,812200000.0,662500000.0,0.0,3700000.0,149800000.0,0.0,0.0,500985000.0,649885000.0,10.711398544866613,0.0,0.18332922925387835,0.22475471698113209,0.02122257825979788,10.711398544866613,0.05877735849056604,24.7522233201581,3.216390600924499,0.7562037735849056,0.46687211093990755,0.0,0.03628851163208479,0.024919970450627923,0.0,0.0479438561930559,11.610312862108922,0.9792490118577075,1.7361042908920847,2.9560350342953217,-0.1573484236054972,-0.10315281128197287,0.014329580348004094,1.7361058601134216,0.031137724550898204,1.863337844209399,-0.07109036015376251,-0.03597413096200478,Asset Management,Financial Services,LEO
2013Q4,2013,Q4,2013-09-30,2013-09-30,-52900000.0,19870000.0,16700000.0,-0.8553,19540000.0,0.9833920483140413,826400000.0,682600000.0,0.0,14600000.0,143900000.0,0.0,0.0,496037000.0,628137000.0,11.036378334680679,0.0,0.15984995159728946,0.1935247582771755,0.020498342948324536,11.036378334680679,-0.07749780251977732,24.964116758933066,-2.3442202268431003,0.7266876648110167,-0.34385633270321353,0.0,0.03667065158445841,0.02404404646660213,0.0,-0.06401258470474347,-78.8612082670906,0.9833920483140413,-4.936033133916245,-0.9686030707243293,-0.20359199185594593,-0.12110769181255616,-0.0050916496945010185,-4.936011904761905,0.0048134777376654635,-2.3275027406933986,-0.09808807573143112,-0.11394225745767493,Asset Management,Financial Services,LEO
2013Q2,2013,Q2,2013-03-31,2013-03-31,13440000.0,19900000.0,16620000.0,0.2173,19640000.0,0.9869346733668342,866200000.0,784300000.0,0.0,77500000.0,81900000.0,0.0,0.0,569638500.0,647138500.0,12.680679062247373,0.0,0.08947125375202032,0.09881422924901186,0.019285216987700162,12.680679062247373,0.01713629988524799,28.62505025125628,10.59595424107143,0.7263017977814612,1.2306547619047619,0.0,0.02903595877034294,0.02297390902793812,0.1664516129032258,0.015516047102285846,33.72637655417407,0.9869346733668342,-0.724151063154554,2.58777991472323,-0.19669297536484698,-0.04894907033144706,-0.047064531780688985,-0.7241945413502976,-0.060486150367439234,0.7895633396525488,-0.12230070365145787,-0.0026542676035472973,Asset Management,Financial Services,LEO
2012Q4,2012,Q4,2012-09-30,2012-09-30,48730000.0,20890000.0,17690000.0,0.78775,20610000.0,0.9865964576352322,867000000.0,787700000.0,0.0,77600000.0,79300000.0,0.0,0.0,618600000.0,696200000.0,12.7335919818946,0.0,0.0895040369088812,0.0985146629427447,0.020443776724835317,12.7335919818946,0.06186365367525708,29.61225466730493,3.173609686025036,0.7853243620667767,0.3775908064847116,0.0,0.029744584545748458,0.024094579008073817,0.17010309278350516,0.056205305651672435,12.694438744100141,0.9865964576352322,0.12806449765150632,54.22540683263283,-0.15457319593227478,-0.07663996134150886,-0.015759312320916905,0.13483931066604565,-0.02157079646017699,-0.46839137936265246,-0.12036394557681711,-0.032482639735265224,Asset Management,Financial Services,LEO
2012Q2,2012,Q2,2012-03-31,2012-03-31,42940000.0,21210000.0,18080000.0,0.69832,20940000.0,0.9872701555869873,834100000.0,755700000.0,0.0,77600000.0,78400000.0,0.0,0.0,560788800.0,638388800.0,12.289803220035779,0.0,0.09303440834432322,0.10268625115786688,0.02169686787471499,12.289803220035779,0.05682149000926293,26.43983026874116,3.264955752212389,0.7420786026200872,0.42524452724732187,0.0,0.032561277971314695,0.02542860568277185,0.17525773195876287,0.05148063781321185,13.059823008849557,0.9872701555869873,-0.3588394619657531,1.0463721875031686,-0.19872196768748493,-0.1327621400945423,-0.0042796005706134095,-0.3574741882388149,-0.009857612267250822,3.1695913113376375,-0.11179460074808918,0.029004328577534173,Asset Management,Financial Services,LEO
2011Q4,2011,Q4,2011-09-30,2011-09-30,66830000.0,21300000.0,18260000.0,1.08915,21030000.0,0.9873239436619718,810300000.0,729100000.0,0.0,77900000.0,81100000.0,0.0,0.0,521560000.0,599460000.0,11.882333767926989,0.0,0.09613723312353449,0.10684405431353723,0.022627013630731104,11.882333767926989,0.09166095185845563,24.486384976525823,1.9510698787969474,0.7153476889315594,0.2738291186592848,0.0,0.03508704655264974,0.026286560533135876,0.18356867779204109,0.08247562631124275,7.803111909036505,0.9873239436619718,2.493520740486802,1.155875777913414,-0.1450118453270582,-0.1612877411478375,-0.014526710402999063,2.4974232578982747,-0.01136978884677856,3.5068497232056233,-0.13945872095526277,-0.053739239879989235,Asset Management,Financial Services,LEO
2011Q2,2011,Q2,2011-03-31,2011-03-31,-44630000.0,21560000.0,18470000.0,-0.72925,21340000.0,0.9897959183673469,755400000.0,680000000.0,0.0,74500000.0,75400000.0,0.0,0.0,492047999.99999994,566548000.0,11.11111111111111,0.0,0.09862324596240403,0.10955882352941176,0.024479787939032473,11.11111111111111,-0.06563235294117648,22.82226345083488,-2.756262603629845,0.7235999999999999,-0.41317499439838673,0.0,0.0374760185998114,0.028541170240931956,0.20536912751677852,-0.059081281440296535,-11.02505041451938,0.9897959183673469,-2.1318660851479923,-3.9555289964369247,-0.09401084146165534,-0.20601223938881688,-0.015228426395939087,-2.1287303995953466,-0.0096514745308311,-4.328515136499846,-0.12043988648090805,-0.16666666666666674,Asset Management,Financial Services,LEO
2010Q4,2010,Q4,2010-09-30,2010-09-30,39540000.0,21860000.0,18650000.0,0.64429,21670000.0,0.9913083257090577,824600000.0,764400000.0,0.0,52000000.0,60300000.0,0.0,0.0,553802880.0,605802880.0,12.455597197327684,0.0,0.06306087800145525,0.06802721088435375,0.022844194022537973,12.455597197327684,0.05172684458398744,25.334075022872828,3.5015356600910468,0.7244935635792779,0.46686899342438026,0.0,0.03333315998645583,0.02650982294445792,0.6038461538461538,0.047950521464952704,14.002601264222504,0.9913083257090577,4.305855225232644,0.30255104379269276,-0.0831706064680867,-0.11556939624272312,-0.025629496402877698,4.350473612990528,-0.027125717266562335,44.532442561512134,-0.10825327520584102,-0.09679839545731396,Asset Management,Financial Services,LEO
2010Q2,2010,Q2,2010-03-31,2010-03-31,7390000.0,22310000.0,19170000.0,0.12143,22240000.0,0.9968623935454953,814800000.0,773800000.0,0.0,29400000.0,41000000.0,0.0,0.0,517310000.0,536110000.0,12.714426552744003,0.0,0.03608247422680412,0.037994313776169554,0.02386703187250996,12.714426552744003,0.009550271387955543,23.187359928283282,17.500338294993234,0.6685319203928664,2.3748308525033828,0.0,0.03392549921710387,0.02738095238095238,0.8197278911564626,0.009069710358370153,70.00135317997294,0.9968623935454953,-0.9180534747810126,-0.6727217562505629,-0.040560533008164416,-0.08659342562158036,0.0,-0.9179344808439756,-0.056594488188976375,-0.6441724519839447,-0.1484411179228,-0.10279832181928668,Asset Management,Financial Services,LEO
2009Q4,2009,Q4,2009-09-30,2009-09-30,90050000.0,23330000.0,20320000.0,1.48182,0.0,0.0,800500000.0,799800000.0,0.0,0.0,700000.0,0.0,0.0,480690700.0,477490700.0,13.161099226592068,0.0,0.0,0.0,0.025406351587896975,13.161099226592068,0.11259064766191548,20.603973424774967,1.3345105496946141,0.6010136284071018,0.17878956135480287,0.0,0.033493470957520075,0.02914428482198626,0.0,0.11249219237976264,5.3380421987784565,0.0,5.603784136452606,7.708367894912158,0.014873334384416768,-0.05203161895005538,0.0,5.6037832310838445,-0.012633624878522837,1.9331353478126216,-0.054435088451592104,-0.07102632556009619,Asset Management,Financial Services,LEO
2009Q2,2009,Q2,2009-03-31,2009-03-31,-19560000.0,23600000.0,20580000.0,-0.32187,0.0,0.0,754300000.0,725800000.0,0.0,27800000.0,28400000.0,0.0,0.0,403512800.0,431112800.0,11.943393121606055,0.0,0.036855362587829774,0.03830256268944613,0.02730891719745223,11.943393121606055,-0.026949572885092313,17.098,-5.1573721881390595,0.5559559107192064,-0.929959100204499,0.0,0.04507911521022382,0.031287286225639664,0.7086330935251799,-0.025931327058199654,-20.629488752556238,0.0,0.25916634059889065,-1.5526229390247468,0.020385823390227178,-0.15004675917534543,-1.0,0.25965177895533686,-0.015311004784688996,-2.3044858540590845,-0.0012692237954736575,-0.14653828371493,Asset Management,Financial Services,LEO
2008Q4,2008,Q4,2008-09-30,2008-09-30,-26420000.0,24530000.0,20900000.0,-0.43447,24170000.0,0.9853240929474113,789800000.0,763600000.0,0.0,25300000.0,26200000.0,0.0,0.0,411075600.0,436375600.0,12.557145206380529,0.0,0.03203342618384401,0.03313253012048193,0.026492584611484345,12.557145206380529,-0.03459926663174437,16.75807582551977,-3.889814534443603,0.5383389209009953,-0.7577592732778198,0.0,0.04870150405424209,0.031058495821727018,2.4901185770750986,-0.03345150671055964,-15.559258137774416,0.9853240929474113,-2.174557942422914,-1.862534242216004,0.013147896929153184,-0.08788820670558112,0.015973097940311057,-2.1793020457280385,0.023506366307541625,-1.8783589268158694,0.038286097189499366,-0.10835880926450693,Asset Management,Financial Services,LEO
2008Q2,2008,Q2,2008-03-31,2008-03-31,-8310000.0,24320000.0,20420000.0,-0.13686,23790000.0,0.9782072368421053,873000000.0,809600000.0,0.0,24100000.0,63300000.0,0.0,0.0,516727200.0,540127200.0,13.333333333333334,0.0,0.027605956471935852,0.029767786561264824,0.02449322298188797,13.333333333333334,-0.010264328063241106,21.247006578947367,-15.54534296028881,0.63825,-2.4861612515042117,0.0,0.03998241238316853,0.02785796105383734,1.2448132780082988,-0.009518900343642611,-62.18137184115523,0.9782072368421053,-8.247297297297298,-3.72346837944664,-0.08455350495433064,-0.03327665776050523,0.016232379325074753,-8.233333333333333,0.021510755377688845,-1.368870484787532,0.04829077705404123,-0.04213105683345188,Asset Management,Financial Services,LEO
2007Q4,2007,Q4,2007-09-30,2007-09-30,-900000.0,24290000.0,19990000.0,-0.0148,23410000.0,0.9637710992177851,878700000.0,838600000.0,0.0,38800000.0,40100000.0,0.0,0.0,533911799.99999994,572711800.0,13.790494984377569,0.0,0.04415613975190622,0.04626758883854042,0.022783223159334398,13.790494984377569,-0.0010732172668733604,21.980724578015643,-148.30883333333333,0.6366704030527068,-22.877777777777776,0.0,0.03856442206371914,0.027643109138500058,0.5773195876288659,-0.0010242403550699897,-593.2353333333319,0.9637710992177851,-1.0433699633699633,-1.0437048875314379,-0.12228896156187016,-0.019984828926347606,-0.07798345805435211,-1.043499275012083,-0.09012289485662267,-1.086978075323578,0.055939049131087416,-0.00669746659125428,Asset Management,Financial Services,LEO
2007Q2,2007,Q2,2007-03-31,2007-03-31,20690000.0,26100000.0,21970000.0,0.34125,25390000.0,0.9727969348659004,904700000.0,859200000.0,0.0,39200000.0,45500000.0,0.0,0.0,579622800.0,618422800.0,14.171202375061851,0.0,0.04332928042445009,0.04562383612662942,0.02445458593054319,14.171202375061851,0.02408054003724395,22.20777011494253,7.003658772353794,0.6746075418994414,0.9782503624939585,0.0,0.03491926128509783,0.02884934232342213,0.39285714285714285,0.02286945948933348,28.014635089415176,0.9727969348659004,-0.3245249406175772,2.16936802853868,-0.1063588674846318,-0.007002398534104654,0.07721680101824353,-0.32407709898725906,0.09249129786176032,-0.4141017287686806,0.13108329581887992,0.008495597727269868,Asset Management,Financial Services,LEO
2023Q2,2023,Q2,2023-03-31,2023-03-31,,,,,,,663162926.0,509860728.0,13740557.0,5618384.0,153302198.0,0.0,-62092761.0,0.0,145299095.0,0.0,2.4456421988956256,0.22200111198616673,0.2887512195291103,,0.0,,0.0,0.0,0.0,0.0,0.0,,,2.4456421988956256,,0.0,0.0,0.0,1.0,-1.0,-1.0,0.0,0.0,0.0,1.0,-1.0,-1.0,Asset Management,Financial Services,LEO
2022Q4,2022,Q4,2022-09-30,2022-09-30,,,,,,,664722300.0,486588962.0,13866837.0,2916057.0,178133338.0,0.0,-85364527.0,0.0,170608169.0,0.0,4.755338115818724,0.26293797725757057,0.3591958524533896,,0.0,,0.0,0.0,0.0,0.0,0.0,,,4.755338115818724,,0.0,0.0,0.0,-1.0,-1.0,-1.0,0.0,0.0,0.0,-1.0,-1.0,-1.0,Asset Management,Financial Services,LEO
2022Q2,2022,Q2,2022-03-31,2022-03-31,,,,,,,757938340.0,564010209.0,23622598.0,8805030.0,193928131.0,0.0,-7943280.0,0.0,178607703.0,0.0,2.682852642182934,0.2435630014441544,0.3273092118798864,,0.0,,0.0,0.0,0.0,0.0,0.0,,,2.682852642182934,,0.0,0.0,0.0,1.0,-1.0,-1.0,0.0,0.0,0.0,-1.0,-1.0,-1.0,Asset Management,Financial Services,LEO
2021Q4,2021,Q4,2021-09-30,2021-09-30,,,,,,,820068428.0,621241726.0,0.0,0.0,198826702.0,0.0,49414890.0,0.0,195511168.0,0.0,0.0,0.23938274087537487,0.315996527251938,,0.0,,0.0,0.0,0.0,0.0,0.0,,,0.0,,0.0,0.0,0.0,-1.0,-1.0,-1.0,0.0,0.0,0.0,-1.0,-1.0,-1.0,Asset Management,Financial Services,LEO
2021Q2,2021,Q2,2021-03-31,2021-03-31,,,,,,,821537515.0,615983855.0,0.0,0.0,205553660.0,0.0,44745459.0,0.0,204189387.0,0.0,0.0,0.249528635341747,0.3327962792141687,,0.0,,0.0,0.0,0.0,0.0,0.0,,,0.0,,0.0,0.0,0.0,-1.0,-1.0,-1.0,0.0,0.0,0.0,1.0,-1.0,-1.0,Asset Management,Financial Services,LEO
2020Q4,2020,Q4,2020-09-30,2020-09-30,,,,,,,823270210.0,599577354.0,0.0,0.0,223692856.0,0.0,28338958.0,0.0,222660481.0,0.0,0.0,0.27110427571526,0.3722490059222617,,0.0,,0.0,0.0,0.0,0.0,0.0,,,0.0,,0.0,0.0,0.0,-1.0,-1.0,-1.0,0.0,0.0,0.0,-1.0,-1.0,-1.0,Asset Management,Financial Services,LEO
