Quarters,Year,Quarter,FillingDate,Date,NetIncome,Revenue,OperatingIncome,EPSDiluted,GrossProfit,GrossProfitRatio,TotalAssets,CommonStockEquity,CurrentAssets,CurrentLiability,TotalLiability,Inventory,RetainedEarnings,MarketCap,EnterpriseValue,bookValuePerShare,currentRatio,debtToAssets,debtToEquity,roic,shareholdersEquityPerShare,roe,priceToSalesRatio,peRatio,pbRatio,payoutRatio,inventoryTurnover,dividendYield,assetTurnover,quickRatio,returnOnAssets,priceToFreeCashFlowsRatio,grossProfitMargin,epsdilutedGrowth,fiveYNetIncomeGrowthPerShare,fiveYRevenueGrowthPerShare,fiveYShareholdersEquityGrowthPerShare,grossProfitGrowth,netIncomeGrowth,operatingIncomeGrowth,threeYNetIncomeGrowthPerShare,threeYRevenueGrowthPerShare,threeYShareholdersEquityGrowthPerShare,Industry,Sector,Symbol
2023Q1,2023,Q1,2023-05-15,2023-03-31,9225000.0,21198000.0,12354000.0,1.12,19874000.0,0.9375412775,1940674000.0,141470000.0,891683000.0,30028000.0,1799204000.0,0.0,134003000.0,193603557.42,-165529442.58,17.288836241467862,29.6950512854669,0.0,0.0,0.0676902570187934,17.288836241467862,0.06520817134374779,9.133104888197,5.246708873170731,1.3685131647699158,0.14319783197831978,0.0,0.006823221730033849,0.010923009222569066,31.37461702411083,0.0047535031643645455,16.324077354131532,0.9375412774790075,-0.026086956521738962,2.24892798175453,1.001990440090511,0.524173572632126,-0.03214181357748125,-0.026385224274406333,-0.08359913952970847,2.3769361013788792,0.826037028982345,0.2264593450422632,Banks—Regional,Financial Services,OVLY
2022Q4,2022,Q4,2023-03-29,2022-12-31,9475000.0,20534000.0,13481000.0,1.15,20534000.0,1.0,1968346000.0,126627000.0,997415000.0,27423000.0,1841719000.0,0.0,126728000.0,185183478.14999998,-230619521.85000002,15.487891137225624,36.37147649783029,0.0,0.0,0.08087309934511337,15.487891137225624,0.0748260639516059,9.018383079283138,4.886107602902374,1.4624327998768034,0.1304485488126649,0.0,0.006674461525119595,0.010432108988968403,34.68515479706816,0.004813686211672135,24.46604282600079,1.0,0.38554216867469876,4.888430411327921,0.9846978071903416,0.3776616270581591,0.234385332131049,0.39338235294117646,0.4807776801405975,1.9438476321005156,0.7547991078356129,0.1155849425373969,Banks—Regional,Financial Services,OVLY
2022Q3,2022,Q3,2022-11-14,2022-09-30,6800000.0,18383000.0,9104000.0,0.83,16635000.0,0.9049121471,1962470000.0,106188000.0,966778000.0,25400000.0,1856282000.0,0.0,117253000.0,146051510.0,-255003490.0,12.992536400342592,38.06212598425197,0.0,0.0,0.06615184334811966,12.992536400342592,0.06403736768749764,7.944922482728608,5.36954080882353,1.3754050363506234,0.18205882352941177,0.0,0.008476461489511474,0.009367276952004362,38.06212598425197,0.0034650211213419825,17.861258407728997,0.9049121470924223,0.596153846153846,1.7187541458107805,0.8330017508158505,0.16843724499842655,0.2888355156116836,0.5969938938468765,0.6133262449051923,1.0871767495565468,0.5555216105515165,-0.03669660327041335,Banks—Regional,Financial Services,OVLY
2022Q2,2022,Q2,2022-08-12,2022-06-30,4258000.0,14604000.0,5643000.0,0.52,12907000.0,0.8837989592,1991235000.0,118698000.0,994967000.0,20035000.0,1872537000.0,0.0,111691000.0,140524000.0,-310551000.0,14.528518971848225,49.661442475667585,0.0,0.0,0.03749375856773535,14.528518971848225,0.03587255050632698,9.622295261572171,8.25058713010803,1.183878414126607,0.0,0.0,0.0,0.007334141876774967,49.661442475667585,0.002138371412716229,33.80418571084917,0.8837989591892632,0.7931034482758622,0.4847090626311033,0.37365311438480747,0.3295039465667839,0.06440705921161141,0.7973828619670748,0.7379119186941793,0.4251955996663874,0.2738310383247804,0.10447509755902368,Banks—Regional,Financial Services,OVLY
2022Q1,2022,Q1,2022-05-13,2022-03-31,2369000.0,12126000.0,3247000.0,0.29,12126000.0,1.0,1946019000.0,131649000.0,1005961000.0,15065000.0,1814370000.0,0.0,107433000.0,150515100.0,-477259900.0,16.137411130178965,66.774709591769,0.0,0.0,0.019450459089562076,16.137411130178965,0.017994819558067286,12.412592775853538,15.883822287885184,1.1433060638516055,0.5217391304347826,0.0,0.008211800676476979,0.00623118273768139,66.774709591769,0.0012173570761642102,67.58648405927256,1.0,-0.30952380952380953,0.05811741113684387,0.251263912351594,0.5438110516362639,-0.05648926237161531,-0.3167003172771849,-0.32899359371771025,-0.24286229245279445,0.056520460712968734,0.2776788710610476,Banks—Regional,Financial Services,OVLY
2021Q4,2021,Q4,2022-03-31,2021-12-31,3467000.0,12852000.0,4839000.0,0.42,12852000.0,1.0,1964478000.0,142612000.0,1002279000.0,14900000.0,1821866000.0,0.0,106300000.0,140252091.0,-595079909.0,17.69277578898984,67.26704697986577,0.0,0.0,0.025518342838566948,17.69277578898984,0.02431071719069924,10.912861111111111,10.11336104701471,0.9834522410456342,0.0,0.0,0.0,0.0065421959421281374,67.26704697986577,0.0017648454194956625,-41.79144547079857,1.0,-0.2500000000000001,0.4879069619015879,0.3784544076079121,0.7236518907454969,-0.11966573052948833,-0.23869126043039088,0.0,0.16760824132025226,0.12985514387461433,0.44466789743393476,Banks—Regional,Financial Services,OVLY
2021Q3,2021,Q3,2021-11-10,2021-09-30,4554000.0,14599000.0,0.0,0.56,14599000.0,1.0,1856759000.0,139788000.0,0.0,0.0,1716971000.0,0.0,102833000.0,142920786.728277,-480487213.27172303,17.155528708707376,0.0,0.0,0.0,0.0,17.155528708707376,0.032577903682719546,9.789765513273306,7.845892991231719,1.0224109846930851,0.2624066754501537,0.0,0.008361274992642958,0.007862625144135561,0.0,0.0024526607922729874,30.063270241539126,1.0,0.16666666666666682,1.3255611828667089,0.6155948878876342,0.6627520716692465,0.09004703949824536,0.15,0.0,0.4274993218741985,0.30707573510638947,0.449669074985833,Banks—Regional,Financial Services,OVLY
2021Q2,2021,Q2,2021-08-13,2021-06-30,3960000.0,13393000.0,0.0,0.48,13393000.0,1.0,1764464000.0,136620000.0,0.0,0.0,1627844000.0,0.0,99474000.0,148004425.46,-330707574.53999996,16.7723728009126,0.0,0.0,0.0,0.0,16.7723728009126,0.028985507246376812,11.050879224968268,9.343713728535354,1.083329127946128,0.0002525252525252525,0.0,6.756554723900888e-06,0.007590407058460813,0.0,0.0022443076197644156,76.80561777893098,1.0,-0.09433962264150951,1.0499052684431895,0.4407649381705714,0.6422643063858654,-0.0018631688776270681,-0.09111774156529723,0.0,0.5160955115458653,0.28510948817036197,0.4395137259475185,Banks—Regional,Financial Services,OVLY
2021Q1,2021,Q1,2021-05-13,2021-03-31,4357000.0,13418000.0,0.0,0.53,13418000.0,1.0,1665394000.0,131942000.0,0.0,0.0,1533452000.0,0.0,95514000.0,139512351.64999998,-164152648.35000002,16.21939042126382,0.0,0.0,0.0,0.0,16.21939042126382,0.03302208546179382,10.397402865553731,8.005069523181087,1.0573763596883479,0.27358274041771863,0.0,0.008544046357919737,0.008056952288767703,0.0,0.002616197728585548,20.02186447330654,1.0,-0.0701754385964911,1.842539422041482,0.5397822041367641,0.6450689281473441,0.0007458233890214797,-0.06280920628092063,0.0,0.5435166816398328,0.2746911098065829,0.42989186195184165,Banks—Regional,Financial Services,OVLY
2020Q4,2020,Q4,2021-03-31,2020-12-31,4649000.0,13408000.0,0.0,0.57,13408000.0,1.0,1511478000.0,129694000.0,0.0,0.0,1381784000.0,0.0,92349000.0,135104727.9,-58466272.099999994,15.9543956270386,0.0,0.0,0.0,0.0,15.9543956270386,0.0358459142288772,10.076426603520288,7.265257469348247,1.0417191843878668,0.0,0.0,0.0,0.008870787401470613,0.0,0.003075797332147739,53.57047101506741,1.0,0.23913043478260854,8.333224248383923,0.7334233872026399,0.6301652385493075,0.05716313175116297,0.2403948772678762,0.0,1.9058579293124893,0.303404860739979,0.41915761439248167,Banks—Regional,Financial Services,OVLY
2020Q3,2020,Q3,2020-11-09,2020-09-30,3748000.0,12683000.0,0.0,0.46,12683000.0,1.0,1449051000.0,123982000.0,0.0,0.0,1325069000.0,0.0,87700000.0,93124624.68,-27765375.319999993,15.257336337003748,0.0,0.0,0.0,0.0,15.257336337003748,0.030230194705683083,7.342476123945439,6.211621176627536,0.7511140704295786,0.3068303094983991,0.0,0.012349043058715068,0.008752624993875302,0.0,0.0025865204192261006,46.562312340000005,1.0,0.43750000000000006,1.6701563126788261,0.7049083102162342,0.5811401897059998,0.04223847481304955,0.45215032932971716,0.0,0.507169813369148,0.27195007764926826,0.3721139188151875,Banks—Regional,Financial Services,OVLY
2020Q2,2020,Q2,2020-08-10,2020-06-30,2581000.0,12169000.0,0.0,0.32,12169000.0,1.0,1464880000.0,119907000.0,0.0,0.0,1344973000.0,0.0,85102000.0,103009860.08,16477860.079999998,14.759953647342146,0.0,0.020479493200808257,0.2501939002727114,0.0,14.759953647342146,0.021525015220128934,8.46494042895883,9.9777082603642,0.8590812886653822,0.0,0.0,0.0,0.00830716509202119,0.0,0.0017619190650428704,11.280098563293912,1.0,-0.030303030303030328,0.6816014510459623,0.6275156999799879,0.5488205671350102,0.05707088255733148,-0.04724990771502399,0.0,-0.09492155980860123,0.15112544740901845,0.350682520586461,Banks—Regional,Financial Services,OVLY
2020Q1,2020,Q1,2020-05-11,2020-03-31,2709000.0,11512000.0,0.0,0.33,11512000.0,1.0,1156635000.0,114387000.0,0.0,0.0,1042248000.0,0.0,82521000.0,127722906.82000001,54838906.82000001,14.096542467024944,0.0,0.0,0.0,0.0,14.096542467024944,0.02368276115292822,11.09476257991661,11.786905391288299,1.1165858604561707,0.42414174972314506,0.0,0.008996037035230388,0.009953010240914377,0.0,0.0023421390499163523,33.209284144565785,1.0,-0.15384615384615383,0.7440942597719274,0.5647613786722986,0.48228353209319846,-0.008013787160706592,-0.1513157894736842,0.0,0.21645889948157213,0.1942679329632162,0.3485681113840276,Banks—Regional,Financial Services,OVLY
2019Q4,2019,Q4,2020-03-13,2019-12-31,3192000.0,11605000.0,0.0,0.39,11605000.0,1.0,1147785000.0,112570000.0,0.0,0.0,1035215000.0,0.0,80961000.0,157788685.6,23979685.599999994,13.883202028523646,0.0,0.0,0.0,0.0,13.883202028523646,0.02835568979301768,13.596612287806979,12.358136403508773,1.4016939291107757,0.0,0.0,0.0,0.010110778586581982,0.0,0.0027810086383773963,33.92575480541819,1.0,-0.025000000000000022,0.9084275065492472,0.4782426333355443,0.4726854324018511,-0.009812286689419795,-0.012070566388115135,0.0,0.36179548786875565,0.23735383389241682,0.3525185483307794,Banks—Regional,Financial Services,OVLY
2019Q3,2019,Q3,2019-11-08,2019-09-30,3231000.0,11720000.0,0.0,0.4,11720000.0,1.0,1101132000.0,109320000.0,0.0,0.0,991812000.0,0.0,77769000.0,135925780.38,29916780.379999995,13.487481145039279,0.0,0.0,0.0,0.0,13.487481145039279,0.02955543358946213,11.59776283105802,10.517315102135562,1.243375232162459,0.34292788610337355,0.0,0.00815150736602304,0.010643592230540934,0.0,0.0029342531140680683,30.36090694214876,1.0,0.08108108108108115,1.0669765669356077,0.570326157297767,0.4747451606254648,0.030782761653474055,0.09044886938913263,0.0,0.6587033182077962,0.30386907628070375,0.307236727955307,Banks—Regional,Financial Services,OVLY
2019Q2,2019,Q2,2019-08-07,2019-06-30,2963000.0,11370000.0,0.0,0.37,11370000.0,1.0,1068999000.0,106583000.0,0.0,0.0,962416000.0,0.0,75647000.0,157189761.0,85037761.0,13.154229555702422,0.0,0.0,0.0,0.0,13.154229555702422,0.027799930570541267,13.824956992084433,13.262720300371244,1.4748108141073155,0.0,0.0,0.0,0.01063611846222494,0.0,0.0027717518912552773,-120.54429524539877,1.0,-0.026315789473684233,0.14642828186622886,0.5715040472380927,0.46593271051926827,-0.0014052344985069384,-0.04542525773195876,0.0,0.5419401163591483,0.22962582946342944,0.28799436631653363,Banks—Regional,Financial Services,OVLY
2019Q1,2019,Q1,2019-05-09,2019-03-31,3104000.0,11386000.0,0.0,0.38,11386000.0,1.0,1055681000.0,102218000.0,0.0,0.0,953463000.0,0.0,72684000.0,155549497.32,68257497.32,12.630255923992593,0.0,0.0,0.0,0.0,12.630255923992593,0.030366471658611987,13.661469991217285,12.528148946520618,1.521742719677552,0.35631443298969073,0.0,0.007110276915422694,0.01078545507591782,0.0,0.002940282149626639,19.438827458135464,1.0,0.027027027027027053,1.1456724042085,0.6029332699754836,0.46708403059122255,-0.002278303540133193,0.04196038939241356,0.0,1.0355133517440058,0.31333643955730744,0.28103714353342113,Banks—Regional,Financial Services,OVLY
2018Q4,2018,Q4,2019-03-11,2018-12-31,2979000.0,11412000.0,0.0,0.37,11412000.0,1.0,1094887000.0,99038000.0,0.0,0.0,995849000.0,0.0,70686000.0,147987488.4,31562488.400000006,12.246950195554504,0.0,0.0,0.0,0.0,12.246950195554504,0.03007936347664533,12.967708412197688,12.41922527693857,1.4942495648135061,0.0,0.0,0.0,0.010422993423065576,0.0,0.0027208287247907775,118.67481026463513,1.0,-0.05128205128205133,0.6838358678029853,0.5326983299980335,0.48125428246298096,0.029870950275245917,-0.058767772511848344,0.0,5.0118519315395345,0.4830917918811138,0.2513512234335477,Banks—Regional,Financial Services,OVLY
2018Q3,2018,Q3,2018-11-09,2018-09-30,3165000.0,11081000.0,0.0,0.39,11081000.0,1.0,1075805000.0,95666000.0,0.0,0.0,980139000.0,0.0,67707000.0,156747344.53,5091344.530000001,11.834099936825258,0.0,0.0,0.0,0.0,11.834099936825258,0.03308385424288671,14.145595571699305,12.381306834913111,1.6384854026508897,0.33617693522906794,0.0,0.006787993781906526,0.010300193808357462,0.0,0.00294198298018693,37.161532605500234,1.0,0.21875000000000003,1.0295349696213838,0.5509721620280457,0.4569196225572438,0.0718707680402399,0.2215360864531069,0.0,1.2665659116844865,0.49732310022782444,0.22638517011195458,Banks—Regional,Financial Services,OVLY
2018Q2,2018,Q2,2018-08-08,2018-06-30,2591000.0,10338000.0,0.0,0.32,10338000.0,1.0,1069600000.0,94145000.0,0.0,0.0,975455000.0,0.0,65606000.0,184792664.58,26017664.580000013,11.65141568196765,0.0,0.0,0.0,0.0,11.65141568196765,0.027521376599925648,17.875088467788743,17.83024552103435,1.9628516074140954,0.0,0.0,0.0,0.009665295437546746,0.0,0.0024224008975317875,97.92934000000001,1.0,-0.08571428571428563,0.8203091881555872,0.45899506561007286,0.4325461930442423,-0.010623026126902095,-0.07530335474660957,0.0,0.6972407970212716,0.3901056357192495,0.22262933039227112,Banks—Regional,Financial Services,OVLY
2018Q1,2018,Q1,2018-05-10,2018-03-31,2802000.0,10449000.0,0.0,0.35,10449000.0,1.0,1052813000.0,91595000.0,0.0,0.0,961218000.0,0.0,63015000.0,180071630.3,28665630.300000012,11.343088839686036,0.0,0.0,0.0,0.0,11.343088839686036,0.030591189475408048,17.233384084601397,16.066348170949322,1.9659548043015451,0.3758029978586724,0.0,0.005847672941293962,0.009924839453920116,0.0,0.002661441300591843,44.62741767038414,1.0,0.7499999999999998,1.0771172191768255,0.5172394725612212,0.37648579333408255,0.02270725261818538,0.763373190685966,0.0,0.8128117653290865,0.4272356959146626,0.1927516147642451,Banks—Regional,Financial Services,OVLY
2017Q4,2017,Q4,2018-03-15,2017-12-31,1589000.0,10217000.0,0.0,0.2,10217000.0,1.0,1034852000.0,90767000.0,0.0,0.0,944085000.0,0.0,61429000.0,157762149.7,14794149.699999988,11.242159056355709,0.0,0.0,0.0,0.0,11.242159056355709,0.017506362444500753,15.441142184594302,24.820980129011957,1.7381002974649375,0.0,0.0,0.0,0.00987290936288474,0.0,0.0015354852674585352,179.88842611174456,1.0,-0.3548387096774193,0.025871139336285022,0.40932026862870136,0.24719400055011312,0.032437348423605496,-0.35615883306320906,0.0,-0.04590537651891341,0.30700948262447586,0.19253208568342015,Banks—Regional,Financial Services,OVLY
2017Q3,2017,Q3,2017-11-13,2017-09-30,2468000.0,9896000.0,0.0,0.31,9896000.0,1.0,996721000.0,89676000.0,0.0,0.0,907045000.0,0.0,60003000.0,135406145.1,5773145.099999994,11.119584261763316,0.0,0.0,0.0,0.0,11.119584261763316,0.027521298898255945,13.682916845189975,13.716181634927066,1.5099485380703865,0.40964343598055103,0.0,0.00746642627816749,0.009928555734252614,0.0,0.00247611919483988,-3982.5336794117648,1.0,-0.11428571428571424,0.6039150833887614,0.35012645664747327,0.25223590564602016,-0.0567152797636069,-0.12791519434628976,0.0,0.5868096933419691,0.3326098964192402,0.21583510678225867,Banks—Regional,Financial Services,OVLY
2017Q2,2017,Q2,2017-08-11,2017-06-30,2830000.0,10491000.0,0.0,0.35,10491000.0,1.0,1020495000.0,88100000.0,0.0,0.0,932395000.0,0.0,58546000.0,112062161.4,-59116838.599999994,10.927774234417006,0.0,0.0,0.0,0.0,10.927774234417006,0.03212258796821794,10.681742579353733,9.899484222614841,1.271988211123723,0.0,0.0,0.0,0.010280305146032072,0.0,0.0027731640037432816,39.75245172046825,1.0,0.2962962962962961,1.0065355602013608,0.4607497337864327,0.2616655601296273,0.09818905056003349,0.2822836429542365,0.0,0.10047455341411066,0.4573043305197303,0.21781223564378685,Banks—Regional,Financial Services,OVLY
2017Q1,2017,Q1,2017-05-12,2017-03-31,2207000.0,9553000.0,0.0,0.27,9553000.0,1.0,989879000.0,84061000.0,0.0,0.0,905818000.0,0.0,55716000.0,106152142.8,-48792857.2,10.452970337966649,0.0,0.0,0.0,0.0,10.452970337966649,0.026254743579067583,11.111916968491572,12.024483778885365,1.2627989531411712,0.45808790212958767,0.0,0.009524065867467351,0.009650674476375395,0.0,0.0022295654317345858,29.952636230248306,1.0,-0.06896551724137918,0.45073994911882737,0.29301191894032835,0.12755555092194926,0.02819933268754709,-0.04952627045650301,0.0,0.5353395267584563,0.35345691677774216,0.21417855246648754,Banks—Regional,Financial Services,OVLY
2016Q4,2016,Q4,2017-03-27,2016-12-31,2322000.0,9291000.0,0.0,0.29,9291000.0,1.0,1002110000.0,82450000.0,0.0,0.0,919660000.0,0.0,54520000.0,100806369.0,-78218631.0,10.264703612129905,0.0,0.0,0.0,0.0,10.264703612129905,0.028162522741055185,10.849894413948983,10.853398901808786,1.2226363735597332,0.0,0.0,0.0,0.009271437267365857,0.0,0.00231711089600942,38.90635623311463,1.0,0.2083333333333333,0.4913681906769534,0.2813874013632701,0.1259663893294023,0.04322928362901415,0.20310880829015543,0.0,0.32135992815352005,0.2562817330762833,0.2415038798148907,Banks—Regional,Financial Services,OVLY
2016Q3,2016,Q3,2016-11-14,2016-09-30,1930000.0,8906000.0,0.0,0.24,8906000.0,1.0,947018000.0,82858000.0,0.0,0.0,864160000.0,0.0,52198000.0,81913976.39999999,-51329023.60000001,10.317550644507596,0.0,0.0,0.0,0.0,10.317550644507596,0.023292862487629438,9.197616932405118,10.610618704663212,0.9886067295855558,0.5031088082901555,0.0,0.011853898964182139,0.009404256307694257,0.0,0.002037976046917799,43.50184620286776,1.0,0.0,0.058779937511396436,0.20305920130315497,0.14281131153597704,-0.027941497489631085,0.01365546218487395,0.0,0.24578953854191085,0.25479357109314515,0.2702142174695761,Banks—Regional,Financial Services,OVLY
2016Q2,2016,Q2,2016-08-12,2016-06-30,1904000.0,9162000.0,0.0,0.24,9162000.0,1.0,925635000.0,81993000.0,0.0,0.0,843642000.0,0.0,51239000.0,78276237.0,-84347763.0,10.212955816974185,0.0,0.0,0.0,0.0,10.212955816974185,0.02322149451782469,8.543575311067453,10.27786725315126,0.9546697522959278,0.0005252100840336134,0.0,1.2775269204624642e-05,0.0098980699735857,0.0,0.0020569662988110865,32.47976639004149,1.0,0.26315789473684204,0.26230136410759447,0.2611400842300502,0.16480741767316395,0.0679566383028325,0.2617627567925779,0.0,0.3462878662116413,0.3013700932991943,0.25568698042233656,Banks—Regional,Financial Services,OVLY
2016Q1,2016,Q1,2016-05-13,2016-03-31,1509000.0,8579000.0,0.0,0.19,8579000.0,1.0,905750000.0,78960000.0,0.0,0.0,826790000.0,0.0,49334000.0,74239740.53999999,-79793259.46000001,9.859398681567644,0.0,0.0,0.0,0.0,9.859398681567644,0.01911094224924012,8.653658997552162,12.299493131212724,0.9402196117021276,0.6428098078197482,0.0,0.01306577842196753,0.009471708528843499,0.0,0.0016660226331769252,31.470852284866464,1.0,2.166666666666667,0.246701497628079,0.20125127128163453,0.1558293427855623,0.12748061506111183,2.0795918367346937,0.0,0.12788763901054656,0.2560293669621069,0.1964397359308952,Banks—Regional,Financial Services,OVLY
2015Q4,2015,Q4,2016-03-30,2015-12-31,490000.0,7609000.0,0.0,0.06,7609000.0,1.0,897038000.0,78263000.0,0.0,0.0,818775000.0,0.0,48795000.0,83165097.60000001,-91612902.39999999,9.7869806383778,0.0,0.0,0.0,0.0,9.7869806383778,0.006260940674392753,10.929832776974637,42.431172244897965,1.062636208680986,0.0020408163265306124,0.0,1.2024274952573373e-05,0.008482360836441712,0.0,0.0005462421881793191,-319.86576,1.0,-0.6470588235294118,-0.6850030738075646,0.0396043092293514,0.16724373013527918,0.039622899303183495,-0.6451846488052136,0.0,-0.6805995757351103,0.05970353349991126,0.08575794689403078,Banks—Regional,Financial Services,OVLY
2015Q3,2015,Q3,2015-11-16,2015-09-30,1381000.0,7319000.0,0.0,0.17,7319000.0,1.0,793723000.0,77147000.0,0.0,0.0,716576000.0,0.0,48304000.0,75631347.22000001,-60962652.77999999,9.649578472760677,0.0,0.0,0.0,0.0,9.649578472760677,0.01790089050773199,10.333562948490233,13.691409706734252,0.9803537042269952,0.6430123099203475,0.0,0.011741163322358174,0.009221101064225176,0.0,0.0017399017037429934,45.781687179176764,1.0,-0.1052631578947368,0.16470711980447444,0.0011007207981705758,0.15799526147602447,-0.005029907558455683,-0.08543046357615894,0.0,-0.09467008151826904,0.007264403064162429,0.0866906849648376,Banks—Regional,Financial Services,OVLY
2015Q2,2015,Q2,2015-08-14,2015-06-30,1510000.0,7356000.0,0.0,0.19,7356000.0,1.0,764008000.0,76165000.0,0.0,0.0,687843000.0,0.0,47810000.0,78764077.08,-48134922.92,9.529802199518135,0.0,0.0,0.0,0.0,9.529802199518135,0.01982537911114029,10.70746017944535,13.040410112582784,1.034124296986805,0.0,0.0,0.0,0.009628171432759866,0.0,0.0019764190950880096,518.1847176315789,1.0,0.0,0.3971629698773514,0.013475014466168627,0.1716122563802398,0.01770890979524073,-0.010484927916120577,0.0,0.0799658110939537,0.03317356070862351,0.10026277740181083,Banks—Regional,Financial Services,OVLY
2015Q1,2015,Q1,2015-05-14,2015-03-31,1526000.0,7228000.0,0.0,0.19,7228000.0,1.0,753552000.0,75816000.0,0.0,0.0,677736000.0,0.0,46300000.0,78606138.5,-52031861.5,9.510017592328365,0.0,0.0,0.0,0.0,9.510017592328365,0.02012767753508494,10.875226687880465,12.877807749017038,1.036801446924132,0.5294888597640891,0.0,0.010279095442399832,0.009591906066203791,0.0,0.002025075907170308,58.26993217197924,1.0,-0.050000000000000044,0.5516668898555778,0.03837711028836653,0.18974773043171345,-0.06215129103412482,-0.07064555420219244,0.0,0.011852147354590985,-0.013138557241280503,0.025839811928628505,Banks—Regional,Financial Services,OVLY
2014Q4,2014,Q4,2015-03-24,2014-12-31,1642000.0,7707000.0,0.0,0.2,7707000.0,1.0,749665000.0,75041000.0,0.0,0.0,674624000.0,0.0,45582000.0,80874697.28,-51203302.72,9.427133400702603,0.0,0.0,0.0,0.0,9.427133400702603,0.021881371516904093,10.493667741014661,12.313443556638246,1.0777401324609215,0.0,0.0,0.0,0.010280591997758999,0.0,0.002190311672547071,43.110179786780385,1.0,0.05263157894736847,1.1549602172352476,0.11061126444551718,0.193201406334214,0.05157593123209169,0.06970684039087947,0.0,0.06419471834543931,0.07257738210448851,0.0340907792381162,Banks—Regional,Financial Services,OVLY
2014Q3,2014,Q3,2014-11-13,2014-09-30,1535000.0,7329000.0,0.0,0.19,7329000.0,1.0,706821000.0,72793000.0,0.0,0.0,634028000.0,0.0,43940000.0,79831939.47999999,-25145060.52000001,9.145635127440599,0.0,0.0,0.0,0.0,9.145635127440599,0.02108719244982347,10.892610107790967,13.001944540716613,1.0966980270080915,0.34201954397394135,0.0,0.006576315236980135,0.010368961872949445,0.0,0.002171695521213999,42.283866249999996,1.0,-0.40625,0.6822933302427192,0.03885822923380476,0.16771298924923794,0.031962827372571105,-0.3949546708711076,0.0,-0.15035234375895704,-0.0010790546764736877,0.013005473385655572,Banks—Regional,Financial Services,OVLY
2014Q2,2014,Q2,2014-08-13,2014-06-30,2537000.0,7102000.0,0.0,0.32,7102000.0,1.0,678319000.0,71369000.0,0.0,0.0,606950000.0,0.0,42930000.0,78978245.07,2885245.069999993,8.973283331021982,0.0,0.0,0.0,0.0,8.973283331021982,0.03554764673737897,11.120563935511123,7.782641414071739,1.106618350684471,1.064249113125739e-05,0.0,3.418662946494868e-07,0.010470000103196283,0.0,0.0037401281697844227,29.866315232386118,1.0,0.7777777777777779,55.2329390052879,0.04698545974524641,0.17260574451373534,0.027107272836396794,0.8015778896613431,0.0,0.6977888133428751,-0.013218944700554527,0.023420366460964657,Banks—Regional,Financial Services,OVLY
2014Q1,2014,Q1,2014-05-14,2014-03-31,1408210.0,6914565.0,0.0,0.18,6914565.0,1.0,687591402.0,67823706.0,0.0,0.0,619767696.0,0.0,40392668.0,74133410.32000001,-15145406.679999992,8.609088273493581,0.0,0.0,0.0,0.0,8.609088273493581,0.020762799366935213,10.721341157397466,13.160929534657473,1.0930309576418604,0.563107064997408,0.0,0.010696567129140539,0.0100562121339615,0.0,0.002048033171886579,-133.23953313491208,1.0,-0.18181818181818185,2.182604220265799,0.07511440649606446,0.12202078325019929,-0.03759395879974919,-0.17511153078343347,0.0,0.18269570838671723,-0.015774956331874753,0.00925392739598868,Banks—Regional,Financial Services,OVLY
2013Q4,2013,Q4,2014-03-27,2013-12-31,1707152.0,7184665.0,0.0,0.22,7184665.0,1.0,671852542.0,64516929.0,0.0,0.0,607335613.0,0.0,38984458.0,65312397.065299995,-34783162.934700005,8.2679593507677,0.0,0.0,0.0,0.0,8.2679593507677,0.026460527902684272,9.090527820754343,9.56452575185162,1.0123296021312482,0.0,0.0,0.0,0.010693812333599834,0.0,0.0025409623292011003,40.239268576200736,1.0,0.15789473684210525,4.90410373239837,0.182320506329432,0.09243497213778303,0.04185856512927479,0.13415447575769654,0.0,0.12464339035007427,0.005957002526560138,-0.013922263690452434,Banks—Regional,Financial Services,OVLY
2013Q3,2013,Q3,2013-11-14,2013-09-30,1505220.0,6896008.0,0.0,0.19,6896008.0,1.0,659191951.0,63378919.0,0.0,0.0,595813032.0,0.0,38070279.0,62109531.8,-22203295.200000003,8.122685530210356,0.0,0.0,0.0,0.0,8.122685530210356,0.02374953728699601,9.006592190728316,10.315690032021896,0.9799714602263886,0.0,0.0,0.0,0.010461304919665198,0.0,0.0022834320075003464,24.896593498216216,1.0,0.05555555555555561,1.7558573692521684,0.1704792043895871,0.44391737429847455,0.007922177273076729,0.09519052438498214,0.0,0.3007341555378669,-0.033527956461979945,-0.02523914583468201,Banks—Regional,Financial Services,OVLY
2013Q2,2013,Q2,2013-08-13,2013-06-30,1374391.0,6841806.0,0.0,0.18,6841806.0,1.0,644229870.0,63456582.0,0.0,0.0,580773288.0,0.0,36565059.0,60075492.4,-42141690.6,8.133361240664588,0.0,0.0,0.0,0.0,8.133361240664588,0.02165876189171361,8.780648325895239,10.927656758520683,0.9467180630686979,0.0,0.0,0.0,0.010620131599921003,0.0,0.002133386022600908,58.701581876187824,1.0,0.12499999999999993,1.5165503562438973,0.20452955190100722,0.46958821442991816,0.03134522162491675,0.0576867875246935,0.0,0.3027028638832312,-0.03437827688541955,-6.88875145325233e-05,Banks—Regional,Financial Services,OVLY
2013Q1,2013,Q1,2013-05-14,2013-03-31,1299431.0,6633866.0,0.0,0.16,6633866.0,1.0,648418314.0,64098244.0,0.0,0.0,584320070.0,0.0,35190668.0,63315630.620000005,-32782538.379999995,8.240614537845063,0.0,0.0,0.0,0.0,8.240614537845063,0.020272489836071016,9.544303520752456,12.181414522971977,0.9877904084236692,0.05194581320593398,0.0,0.0010660874627485468,0.010230843048026555,0.0,0.002004001077612993,32.879946480714935,1.0,-0.11111111111111106,0.6387227314681367,0.19690090177894617,0.0,-0.04820588781343196,-0.12740613997565067,0.0,0.35422303942795547,-0.02322019402611239,0.030939464472993013,Banks—Regional,Financial Services,OVLY
2012Q4,2012,Q4,2013-03-28,2012-12-31,1489159.0,6969854.0,0.0,0.18,6969854.0,1.0,660580756.0,69968724.0,0.0,0.0,590612032.0,0.0,33958737.0,57828844.45,-72971153.55,9.013961782527025,0.0,0.0,0.0,0.0,9.013961782527025,0.021283209337932187,8.296995094875733,9.708305904540751,0.8264956275320956,0.05665949707183719,0.0,0.0014590469652727084,0.010551100583378182,0.0,0.0022543178657175415,116.54694206797868,1.0,0.0,0.4337867428898014,0.1988048158273666,0.5015516306749455,-0.010573176886107772,0.0069838947114308535,0.0,1.0041853974077015,0.029985508937771875,0.14090587439364127,Banks—Regional,Financial Services,OVLY
2012Q3,2012,Q3,2012-11-13,2012-09-30,1478831.0,7044335.0,0.0,0.18,7044335.0,1.0,627816876.0,68824781.0,0.0,0.0,558992095.0,0.0,32553953.0,52317407.25,-41324854.75,8.879783922204975,0.0,0.0,0.0,0.0,8.879783922204975,0.02148689728486023,7.426876667563368,8.844385742860409,0.7601536320180954,0.0,0.0,0.0,0.011220365793416487,0.0,0.0023555132977980033,11.769151069669089,1.0,0.12499999999999993,0.3378532407277026,0.20396140712891736,0.5212267907824499,0.023233292487291536,0.0938422734400426,0.0,0.6643520539962734,0.025380067502084155,0.13376915689255844,Banks—Regional,Financial Services,OVLY
2012Q2,2012,Q2,2012-08-13,2012-06-30,1351960.0,6884388.0,0.0,0.16,6884388.0,1.0,596417090.0,66935410.0,0.0,0.0,529481680.0,0.0,31159497.0,53787047.04,-10850880.96,8.661387438755366,0.0,0.0,0.0,0.0,8.661387438755366,0.020197978917287578,7.812901748129246,9.946123968164738,0.8035664088708802,0.1470087872422261,0.0,0.00369512756207261,0.011542908671513755,0.0,0.002266802918071982,37.02758464871429,1.0,-0.058823529411764754,0.23890002575072142,0.21567632108683646,0.565959095310901,-0.029671300650622002,-0.07457363757396956,0.0,30.743788505891054,0.044515983256727294,0.1318479860132671,Banks—Regional,Financial Services,OVLY
2012Q1,2012,Q1,2012-05-14,2012-03-31,1460905.0,7094903.0,0.0,0.17,7094903.0,1.0,593512631.0,71592218.0,0.0,0.0,521920413.0,0.0,29921912.0,57070080.51,-8267914.490000002,9.270470381188533,0.0,0.0,0.0,0.0,9.270470381188533,0.02040591897851244,8.043814060600969,9.766220341158391,0.7971548040319131,0.11551059103774715,0.0,0.002956890869821554,0.0119540893140655,0.0,0.0024614556181197767,31.27223657821829,1.0,-0.12296721590738277,0.3410100165571108,0.26933608434841266,0.8462961199378143,0.017758296098697654,-0.0240561421323188,0.0,2.368197077891403,0.12537325332006355,0.208218583403829,Banks—Regional,Financial Services,OVLY
2011Q4,2011,Q4,2012-03-30,2011-12-31,1496915.0,6971108.0,0.0,0.19383539940970726,6971108.0,1.0,612171658.0,70402006.0,0.0,0.0,541769652.0,0.0,28629757.0,52127610.75,-18062164.25,9.116349927854692,0.0,0.004900586233935057,0.04261242215172108,0.0,9.116349927854692,0.02126239130174785,7.477665064147621,8.70584013621348,0.7404279183465312,0.1753599903802153,0.0,0.005035699818641697,0.01138750530002485,0.0,0.002445253680790299,43.056579707056464,1.0,0.2922359960647151,0.1921737416026922,0.2769336732939208,0.8810407921516241,-0.01851860977307167,-0.144103038235094,0.0,4.2310664344474525,0.1591558128033139,0.20453174198413318,Banks—Regional,Financial Services,OVLY
2011Q3,2011,Q3,2011-11-14,2011-09-30,1748943.0,7102639.0,0.0,0.15,7102639.0,1.0,583954870.0,69563907.0,0.0,0.0,514390963.0,0.0,27661078.0,31205914.2,-37262164.8,9.0282188672428,0.0,0.0102747666099608,0.08625162471107323,0.0,9.0282188672428,0.02514152921284309,4.39356613788199,4.460681994781991,0.44859346672405853,0.09219854506407585,0.0,0.00516728973125229,0.012162993006634228,0.0,0.0029949968565207786,13.562228269018398,1.0,-0.06250000000000006,0.6171132108920029,0.35001293889249585,0.941784666586695,0.01753667394006701,0.20678262921585552,0.0,2.2426174303959447,0.220812557832038,0.6048881903524305,Banks—Regional,Financial Services,OVLY
2011Q2,2011,Q2,2011-08-15,2011-06-30,1449261.0,6980229.0,0.0,0.16,6980229.0,1.0,572261868.0,67634045.0,0.0,0.0,504627823.0,0.0,26210381.0,45125694.9,-16119776.100000001,8.767935078380367,0.0,0.010484710471745078,0.08871271857242902,0.0,8.767935078380367,0.021427980538499508,6.46478717245523,7.784259512261766,0.6672038453414991,0.11643865390706022,0.0,0.0037395546012965668,0.01219761334857978,0.0,0.0025325136638319574,-544.3389010856454,1.0,0.3333333333333334,0.5108686255414964,0.3648210499291843,0.8649135121276781,0.015056664624501705,0.24349278749626763,0.0,1.683987600470469,0.24295370113151418,0.584247111962972,Banks—Regional,Financial Services,OVLY
2011Q1,2011,Q1,2011-05-16,2011-03-31,1165476.0,6876689.0,0.0,0.12,6876689.0,1.0,562769368.0,65779414.0,0.0,0.0,496989954.0,0.0,24971531.0,46191291.99,13645231.990000002,8.530150876604653,0.0,0.014215414794928924,0.12161859635903718,0.0,8.530150876604653,0.017717944401268153,6.717083176220417,9.908246070704159,0.7022150119792798,0.14479062631920347,0.0,0.003653285992444915,0.012219373318840623,0.0,0.002070965596691823,19.5503966219688,1.0,-0.38312205391301685,0.2795283157047433,0.4054013063320615,0.9044369535289282,-0.02569631435289184,-0.22305899073584595,0.0,0.48254824118283157,0.2514806168519962,0.0,Banks—Regional,Financial Services,OVLY
2010Q4,2010,Q4,2011-03-28,2010-12-31,1500083.0,7058055.0,0.0,0.19452794634852993,7058055.0,1.0,552396418.0,64657732.0,0.0,0.0,487738686.0,0.0,24016466.0,45497265.900000006,25405349.900000006,8.384693261315292,0.0,0.014482353142268204,0.1237284351390488,0.0,8.384693261315292,0.023200365271086217,6.446147826844649,7.582458087319169,0.7036631891140259,0.11249377534443095,0.0,0.0037090140838550918,0.012777155625943976,0.0,0.002715591468589139,107.58220105129497,1.0,0.6210662195710829,0.24772951434591683,0.41479133960884274,0.8670472702280075,0.0033020006464978663,0.31479775585206016,0.0,0.45383035802898125,0.221981948353686,0.3967276701396927,Banks—Regional,Financial Services,OVLY
2010Q3,2010,Q3,2010-11-15,2010-09-30,1140923.0,7034826.0,0.0,0.12,7034826.0,1.0,534878870.0,64104962.0,0.0,0.0,470773908.0,0.0,22726795.0,41541660.0,23719775.0,8.333003418736757,0.0,0.03458727019820394,0.2885892046859025,0.0,8.333003418736757,0.017797733036640753,5.905143922536251,9.102643210803885,0.6480256551747118,0.14790656337018362,0.0,0.004062187211584708,0.013152185278883797,0.0,0.0021330493014240777,13.24057228604613,1.0,0.09090909090909087,-0.08807210897530465,0.4559083903891026,0.9129739871440841,0.008390850780407749,0.0983244848549026,0.0,0.039916855296515175,0.21137408341601716,0.42755591344573796,Banks—Regional,Financial Services,OVLY
2010Q2,2010,Q2,2010-08-13,2010-06-30,1038785.0,6976289.0,0.0,0.11,6976289.0,1.0,519203288.0,62483785.0,0.0,0.0,456719503.0,0.0,21796285.0,40329854.25,37241316.25,8.133921566304693,0.0,0.03563151549225166,0.29607681416866793,0.0,8.133921566304693,0.016624873157091876,5.780989613532352,9.706015741948526,0.645445122282525,0.16244940002021593,0.0,0.004184245223251706,0.01343652700442837,0.0,0.002000728855168575,19.97707272166185,1.0,0.09999999999999995,0.04306379893747335,0.6273015466697471,0.8706268422128972,0.04009647330062493,0.09617988246603935,0.0,-0.0423667818138278,0.23930498078240892,0.47059446853825027,Banks—Regional,Financial Services,OVLY
2010Q1,2010,Q1,2010-05-17,2010-03-31,947641.0,6707348.0,0.0,0.1,6707348.0,1.0,520275366.0,61403593.0,0.0,0.0,458871773.0,0.0,20967913.0,31495695.699999996,31849799.699999996,7.993305932911969,0.0,0.046706036049379285,0.39574231429747114,0.0,7.993305932911969,0.015432989401776539,4.695700252916652,8.308973466745318,0.5129291978076918,0.1780737642208389,0.0,0.005357874980993039,0.012891919238013664,0.0,0.0018214220044390878,15.606693114129255,1.0,0.04468429140657936,0.01605528140668578,0.5811275866019985,0.9115835720097969,0.0015650601990453148,0.2887288700311425,0.0,-0.12551858021303613,0.20636214640546507,0.5919375309539806,Banks—Regional,Financial Services,OVLY
2009Q4,2009,Q4,2010-03-31,2009-12-31,735330.0,6696867.0,0.0,0.09572269902264773,6696867.0,1.0,524721713.0,60692251.0,0.0,0.0,464029462.0,0.0,20230683.0,33877077.57,46073529.57,7.900705908204467,0.0,0.06136586156479482,0.530545489242111,0.0,7.900705908204467,0.012115714739267126,5.058645717467586,11.517644312757538,0.5581779718468507,0.22949016088014904,0.0,0.004981273831879707,0.01276270227452928,0.0,0.001401371397032316,10.53263660108488,1.0,0.06358554469608588,-0.2827607330998213,0.5770726079225605,0.9247204111510122,-0.014795427336005125,-0.1635907824708156,0.0,-0.41126291380384833,0.23320393036572717,0.6302083857835463,Banks—Regional,Financial Services,OVLY
2009Q3,2009,Q3,2009-11-13,2009-09-30,879151.0,6797438.0,0.0,0.09,6797438.0,1.0,521179168.0,60063457.0,0.0,0.0,461115711.0,0.0,19705766.0,32976231.299999997,50374785.3,7.832091628372342,0.0,0.051805600948347956,0.4495245753170684,0.0,7.832091628372342,0.014637036293132445,4.851273568070793,9.37729448638516,0.5490231989144414,0.53318258183179,0.0,0.01421472319670441,0.013042420759227276,0.0,0.0016868498473830021,11.814076945730001,1.0,4.0,-0.0995245849176436,0.6778507706683528,0.9714594596646313,0.04026135092731403,20.50937576282094,0.0,-0.18327177263873357,0.298113797598824,0.6845222357707417,Banks—Regional,Financial Services,OVLY
2009Q2,2009,Q2,2009-08-14,2009-06-30,-45063.0,6534356.0,0.0,-0.03,6534356.0,1.0,525606074.0,58630064.0,0.0,0.0,466976010.0,0.0,19037025.0,32561914.75,64455368.75,7.652429960372647,0.0,0.08390313997779257,0.7521738335472395,0.0,7.652429960372647,-0.0007685988539940874,4.983186522130107,-180.64662111932182,0.5553791438808595,-2.2191154605774138e-05,0.0,3.0710724712526306e-08,0.012432040501875935,0.0,-8.57353105854709e-05,9.449910222425501,1.0,-2.0,-1.0471855974785695,0.6168533743428896,0.9407524909932211,0.04471050193414398,-1.1047221770351607,0.0,-1.0472984849783813,0.28634026710525423,0.6276489168925069,Banks—Regional,Financial Services,OVLY
2009Q1,2009,Q1,2009-05-15,2009-03-31,430310.0,6254705.0,0.0,0.03,6254705.0,1.0,523746531.0,58786454.0,0.0,0.0,464960077.0,0.0,19292501.0,28731101.25,69596539.25,7.672842073883262,0.0,0.09928466714751377,0.8845575206832513,0.0,7.672842073883262,0.00731988359086942,4.5935181994994165,16.69209479793637,0.4887367632346051,0.4451256071204481,0.0,0.006666712783938277,0.011942236615978655,0.0,0.0008215997138508971,62.394080173211314,1.0,-0.1903852778629019,-0.44305220995716216,0.5589865188986142,0.736727447728056,0.048310364113546,0.5157150958615564,0.0,-0.5245112043441895,0.28658973755550443,0.7130346456323374,Banks—Regional,Financial Services,OVLY
2008Q4,2008,Q4,2009-03-31,2008-12-31,283899.0,5966463.0,0.0,0.0370546621494364,5966463.0,1.0,508203011.0,57986079.0,0.0,0.0,450216932.0,0.0,19226645.0,45969762.0,105896902.0,7.5683766646431625,0.0,0.13577251316206781,1.1899407787169054,0.0,7.5683766646431625,0.00489598546575291,7.704692378047095,40.480736106854906,0.7927723824885625,0.6746800798875656,0.0,0.004166673736531418,0.011740314147804213,0.0,0.000558633053828955,1725.7860119382813,1.0,-0.47064768357948,-0.7013681264358316,0.38014309484342895,1.3509635249190504,0.006794067024400122,-0.48325251730991853,0.0,-0.7623262031197725,0.20375079986720113,0.685275364451763,Banks—Regional,Financial Services,OVLY
2008Q3,2008,Q3,2008-11-14,2008-09-30,549396.0,5926200.0,0.0,0.07,5926200.0,1.0,490111151.0,44151426.0,0.0,0.0,445959725.0,0.0,19149174.0,49445638.199999996,117182092.19999999,5.625450371879314,0.0,0.1591475726288872,1.7666473558521076,0.0,5.625450371879314,0.012443448598919545,8.343565556343018,22.499999180918678,1.119910333133974,0.0,0.0,0.0,0.01209154288350399,0.0,0.0011209620488720528,154.59056679870812,1.0,0.0,-0.4043358839473324,0.40246206577123,0.8264934684899211,0.030096004627801293,-0.006802745684333076,0.0,-0.5695801355767129,0.20215271829397002,0.29141195396347364,Banks—Regional,Financial Services,OVLY
2008Q2,2008,Q2,2008-06-30,2008-06-30,553159.0,5753056.0,0.0,0.07,5753056.0,1.0,476094821.0,43734717.0,0.0,0.0,432360104.0,0.0,18982143.0,55315897.0,115384414.0,5.534449147593142,0.0,0.1499701253839096,1.6325702987857449,0.0,5.534449147593142,0.01264805257571462,9.615045812173564,24.99999864415114,1.2648051889760712,0.0,0.0,0.0,0.01208384495323044,0.0,0.001161867291137788,-138.89427985306045,1.0,-0.3,-0.215728795141222,0.5244183668786396,0.7594465760417859,0.06093737782649555,-0.2869797124763308,0.0,-0.4600536425915739,0.3045406159129279,0.27280415085849197,Banks—Regional,Financial Services,OVLY
2008Q1,2008,Q1,2008-03-31,2008-03-31,775797.0,5422616.0,0.0,0.1,5422616.0,1.0,,,,,,,,64609231.11,,,0.0,0.0,0.0,0.0,,0.0,11.914771599169109,20.82027615149324,0.0,0.0,0.0,0.0,0.0,0.0,0.0,247.86118346395978,1.0,-0.25263676231681553,0.21782283250184226,0.634689192716269,0.0,0.019248488311551612,-0.18372214880346124,0.0,-0.16034271997883562,0.29034366585037186,0.0,Banks—Regional,Financial Services,OVLY
2007Q4,2007,Q4,2007-12-31,2007-12-31,950408.0,5320210.0,0.0,0.1338037448965226,5320210.0,1.0,454403376.0,42640006.0,0.0,0.0,411763370.0,0.0,18002262.0,58599750.0,106396799.0,6.0030981275517385,0.0,0.13644264826060623,1.4540335665055957,0.0,6.0030981275517385,0.02228911506250726,11.014555816405743,15.414366777215678,1.374290378852198,,0.0,,0.01170812164036387,0.0,0.0020915513620655846,0.0,1.0,-0.05772010636251676,0.07835453652782383,0.3274407040066272,0.8647413256154839,-0.007793733681462141,-0.061788746298124385,0.0,0.002576200608116257,0.35498449060022236,0.46243710758082224,Banks—Regional,Financial Services,OVLY
2007Q3,2007,Q3,2007-09-30,2007-09-30,1013000.0,5362000.0,0.0,0.142,5362000.0,1.0,453883000.0,41462000.0,0.0,0.0,412421000.0,0.0,17051000.0,70674850.0,83605850.0,5.837251865408982,0.0,0.050673852072009744,0.5547248082581641,0.0,5.837251865408982,0.024432010033283488,13.180688176053712,17.441966929911153,1.7045692441271525,,0.0,,0.01181361716565723,0.0,0.0022318527021280813,0.0,1.0,0.0070921985815602905,0.21358727216896164,0.4021266736295507,0.8952620148239476,0.03016330451488953,0.009970089730807577,0.0,0.12023356601526027,0.42897830968606737,0.46932721864709787,Banks—Regional,Financial Services,OVLY
2007Q2,2007,Q2,2007-06-30,2007-06-30,1003000.0,5205000.0,0.0,0.141,5205000.0,1.0,441334000.0,39287000.0,0.0,0.0,402047000.0,0.0,17483000.0,77777850.0,97333850.0,5.531043221174151,0.0,0.06650292069045213,0.747066459643139,0.0,5.531043221174151,0.025530073561228904,14.942910662824207,19.386303589232302,1.9797350268536666,,0.0,,0.011793788831134697,0.0,0.0022726551772580404,0.0,1.0,0.0,0.5820759353424575,0.5343922974467189,0.7583638042218029,0.012448939894962069,0.000998003992015968,0.0,0.13284236238209218,0.38920958053528354,0.40274213091421446,Banks—Regional,Financial Services,OVLY
2007Q1,2007,Q1,2007-03-31,2007-03-31,1002000.0,5141000.0,0.0,0.141,5141000.0,1.0,452521000.0,35665000.0,0.0,0.0,416856000.0,0.0,16480000.0,78843300.0,131878300.0,5.021117837533437,0.0,0.13507660417969553,1.713865133884761,0.0,5.021117837533437,0.02809477078368148,15.336179731569734,19.671482035928143,2.2106631150988365,,0.0,,0.011360798725363021,0.0,0.0022142618795591806,0.0,1.0,-0.13278741613818282,0.9433629343507345,0.0,0.0,0.02385007059009094,-0.13237438478243552,0.0,0.39887837957880756,0.3821727376131912,0.13651670173212213,Banks—Regional,Financial Services,OVLY
