Quarters,Year,Quarter,FillingDate,Date,NetIncome,Revenue,OperatingIncome,EPSDiluted,GrossProfit,GrossProfitRatio,TotalAssets,CommonStockEquity,CurrentAssets,CurrentLiability,TotalLiability,Inventory,RetainedEarnings,MarketCap,EnterpriseValue,bookValuePerShare,currentRatio,debtToAssets,debtToEquity,roic,shareholdersEquityPerShare,roe,priceToSalesRatio,peRatio,pbRatio,payoutRatio,inventoryTurnover,dividendYield,assetTurnover,quickRatio,returnOnAssets,priceToFreeCashFlowsRatio,grossProfitMargin,epsdilutedGrowth,fiveYNetIncomeGrowthPerShare,fiveYRevenueGrowthPerShare,fiveYShareholdersEquityGrowthPerShare,grossProfitGrowth,netIncomeGrowth,operatingIncomeGrowth,threeYNetIncomeGrowthPerShare,threeYRevenueGrowthPerShare,threeYShareholdersEquityGrowthPerShare,Industry,Sector,Symbol
2023Q1,2023,Q1,2023-05-22,2023-03-31,1844901.0,0.0,-447393.0,0.0984,-447393.0,0.0,154305282.0,147369643.0,234850.0,405889.0,6935639.0,0.0,-6704539.0,192187500.0,192121506.0,7.859714293333333,0.5786064662998998,0.0,0.0,-0.008015486971783935,7.859714293333333,0.012518867267663802,0.0,26.043064099374437,1.3041186508133158,0.0,0.0,0.0,0.0,0.16766160206361838,0.011956175291523721,-1150.53399743777,0.0,-0.5721739130434782,0.0,0.0,0.0,0.0,-0.4584204579513574,-0.8576589145355572,0.0,0.0,0.0,Shell Companies,Financial Services,MITA
2022Q4,2022,Q4,2023-04-17,2022-12-31,3406519.0,0.0,-240837.0,0.23,0.0,0.0,152820389.0,146670889.0,471854.0,195500.0,6149500.0,0.0,-5681396.0,150600000.0,150366964.0,9.778059266666666,2.4135754475703326,0.0,0.0,-0.003533888224474754,9.778059266666666,0.023225597275816606,0.0,11.052338178650992,1.0267886219739215,0.0,0.0,0.0,0.0,1.2025268542199488,0.022290998094501645,-2072.610167625444,0.0,3.299065420560748,-0.48169777243724143,0.0,0.31827487268959137,1.0,2.3929235553138573,0.4133881857773361,-0.48169777243724143,0.0,0.31827487268959137,Shell Companies,Financial Services,MITA
2022Q3,2022,Q3,2022-11-14,2022-09-30,1004007.0,0.0,-410556.0,0.0535,-410556.0,0.0,151712909.0,145088048.0,694552.0,177361.0,6624861.0,0.0,-5934059.0,184125000.0,183819302.0,7.738029226666667,3.916035656091249,0.0,0.0,-0.00861717961712889,7.738029226666667,0.006919984201593229,0.0,45.847538911581296,1.2690569798002935,0.0,0.0,0.0,0.0,1.7350714080322056,0.006617808640133583,-1062.3903711225996,0.0,-0.7325,-0.8170202094666595,0.0,0.0321944565837477,-0.4472351180719324,-0.7386910490856593,-0.4472351180719324,-0.8170202094666595,0.0,0.0321944565837477,Shell Companies,Financial Services,MITA
2022Q2,2022,Q2,2022-08-12,2022-06-30,3842222.0,0.0,-283683.0,0.2,-283683.0,0.0,151277686.0,144758353.0,999580.0,71833.0,6519333.0,0.0,-5523503.0,182437500.0,181958490.0,7.720445493333333,13.915331393649158,0.0,0.0,-0.003808666375567529,7.720445493333333,0.02654231635254927,0.0,11.870572548905296,1.2602899675157262,0.0,0.0,0.0,0.0,6.678462545069815,0.025398471523420844,-961.4675176153761,0.0,-0.45945945945945943,0.3705215122302043,0.0,-0.6717833469086237,0.0,-0.4502166453391096,0.10362206416264057,0.3705215122302043,0.0,-0.6717833469086237,Shell Companies,Financial Services,MITA
2022Q1,2022,Q1,2022-05-16,2022-03-31,6988611.0,0.0,-316477.0,0.37,0.0,0.0,151409186.0,142781387.0,1226492.0,124049.0,8627799.0,0.0,-7296070.0,181875000.0,181206241.0,7.615007306666667,9.887157494215995,0.0,0.0,-0.004178969315897814,7.615007306666667,0.048946232746709485,0.0,6.5061211734348925,1.2738004849329556,0.0,0.0,0.0,0.0,5.396923796241808,0.04615711361132342,-1365.5714564593877,0.0,-0.15909090909090912,0.0,0.0,0.0,0.0,-0.14934567542535995,-0.2002085822098337,0.0,0.0,0.0,Shell Companies,Financial Services,MITA
2021Q4,2021,Q4,2022-04-18,2021-12-31,8215571.0,0.0,-263685.0,0.44,0.0,0.0,151585642.0,139074646.0,1321753.0,26996.0,12510996.0,0.0,-10959843.0,182250000.0,181448055.0,7.417314453333334,48.96106830641577,0.0,0.0,-0.0039177350825194265,7.417314453333334,0.05907310380642637,0.0,5.545871370352712,1.3104473406317354,0.0,0.0,0.0,0.0,29.70606756556527,0.05419755388178519,-1838.1425934704334,0.0,-0.26666666666666666,0.0,0.0,0.0,0.0,0.4972838443275658,-0.13365606607135946,0.0,0.0,0.0,Shell Companies,Financial Services,MITA
2021Q3,2021,Q3,2021-11-23,2021-09-30,5486983.0,0.0,-232597.0,0.6,0.0,0.0,151789916.0,140562708.0,1417750.0,9208.0,11227208.0,0.0,-9453136.0,182437500.0,181536406.0,7.49667776,153.9693744569939,0.0,0.0,-0.0033796584761117752,7.49667776,0.03903583730045952,0.0,8.312286551644137,1.297908261699113,0.0,0.0,0.0,0.0,97.85990443092963,0.03614853439934706,-157.28143538087647,0.0,12.100436681222709,0.0,0.0,0.0,0.0,5.390616119263918,-5.312337168910117,0.0,0.0,0.0,Shell Companies,Financial Services,MITA
2021Q2,2021,Q2,2021-08-20,2021-06-30,858600.0,0.0,-36848.0,0.0458,0.0,0.0,152052884.0,135075725.0,2052870.0,51659.0,16977159.0,0.0,387898.0,57424280.0,56414221.0,23.522406375839626,39.73886447666428,0.0,0.0,-0.0005700549529894843,23.522406375839626,0.006356434511086281,0.0,16.7203237829024,0.4251265725207102,,0.0,,0.0,19.55243036063416,0.005646719597899899,0.0,0.0,0.0,0.0,0.0,0.0,0.0,0.0,0.0,0.0,0.0,0.0,Shell Companies,Financial Services,MITA
2021Q1,2021,Q1,2021-08-05,2021-03-31,,,,,,,401763.0,2022.0,0.0,399741.0,399741.0,0.0,-22978.0,0.0,95045.0,0.0,0.0,0.2365698185248517,47.00544015825915,,0.0,,0.0,0.0,0.0,0.0,0.0,,,0.0,,0.0,0.0,0.0,0.0,0.0,0.0,0.0,0.0,0.0,0.0,0.0,0.0,Shell Companies,Financial Services,MITA
