Quarters,Year,Quarter,FillingDate,Date,NetIncome,Revenue,OperatingIncome,EPSDiluted,GrossProfit,GrossProfitRatio,TotalAssets,CommonStockEquity,CurrentAssets,CurrentLiability,TotalLiability,Inventory,RetainedEarnings,MarketCap,EnterpriseValue,bookValuePerShare,currentRatio,debtToAssets,debtToEquity,roic,shareholdersEquityPerShare,roe,priceToSalesRatio,peRatio,pbRatio,payoutRatio,inventoryTurnover,dividendYield,assetTurnover,quickRatio,returnOnAssets,priceToFreeCashFlowsRatio,grossProfitMargin,epsdilutedGrowth,fiveYNetIncomeGrowthPerShare,fiveYRevenueGrowthPerShare,fiveYShareholdersEquityGrowthPerShare,grossProfitGrowth,netIncomeGrowth,operatingIncomeGrowth,threeYNetIncomeGrowthPerShare,threeYRevenueGrowthPerShare,threeYShareholdersEquityGrowthPerShare,Industry,Sector,Symbol
2023Q1,2023,Q1,2023-03-31,2023-03-31,6741000.0,8579000.0,-665000.0,0.33,8000.0,0.0009325096,224164000.0,173284000.0,72512000.0,0.0,50880000.0,0.0,0.0,23052177.12,15223177.120000001,8.419078119594111,0.0,0.19059706286468836,0.24656055954387018,-0.008025010429927627,8.419078119594111,0.03890145656840793,2.687047105723278,0.8549242367601246,0.13303119226241317,0.0,0.0,0.0,0.038271087239699506,0.0,0.030071733195339127,-9.022378520547946,0.0009325096165054202,2.736842105263158,1.006805471895964,-0.9966239936599228,-0.9937626898078514,1.0048250904704463,2.677282906195571,0.7092260603410582,1.0021163280647858,-0.9894123675062071,-0.7122624235377968,Marine Shipping,Industrials,GLBS
2022Q4,2022,Q4,2022-12-31,2022-12-31,-4019000.0,8305000.0,-2287000.0,-0.19,-1658000.0,-0.1996387718,225458000.0,170698000.0,62327000.0,16902000.0,54760000.0,3028000.0,-113790000.0,21674999.85,13675999.850000001,8.269107323661643,3.6875517690214177,0.19885743686185453,0.26265099766839684,-0.013493481600640542,8.269107323661643,-0.023544505500943187,2.609873552077062,-1.3482831456830058,0.12697863976145005,0.0,3.2902906208718625,0.0,0.03683612912382794,3.1322920364453912,-0.017825936538069173,-2.3831775536008797,-0.19963877182420228,-1.9047619047619049,0.9953494977418491,-0.9970148585788119,-0.9942632691800024,-1.324017979284737,-1.927104959630911,-1.6196152804118125,0.9755391918923841,-0.5512647853216306,2.487037107175677,Marine Shipping,Industrials,GLBS
2022Q3,2022,Q3,2022-08-16,2022-09-30,4335000.0,15867000.0,3691000.0,0.21,5117000.0,0.3224932249,225575000.0,173851000.0,72841000.0,12224000.0,51724000.0,1595000.0,-110637000.0,26009999.82,9300999.82,8.421847809147735,5.958851439790576,0.2038612434888618,0.26451386532145343,0.019210129203522636,8.421847809147735,0.02493514561319751,1.639251264889393,1.4999999896193772,0.1496108726438157,0.0,6.739811912225705,0.0,0.07034024160478776,5.367473821989528,0.019217555136872438,7.108499540858158,0.3224932249322493,-0.6111111111111112,1.0039458045079583,-0.9944512913338247,-0.994369906963267,-0.571978251777499,-0.6064457557875624,-0.6661843176268427,-0.9668289997704429,-0.9931266540002329,-0.9910364219732166,Marine Shipping,Industrials,GLBS
2022Q2,2022,Q2,2022-05-13,2022-06-30,11015000.0,19142000.0,11057000.0,0.54,11955000.0,0.62454289,206243000.0,169516000.0,53066000.0,12225000.0,36727000.0,1407000.0,-114972000.0,36019026.75,22012026.75,8.23600820918905,4.340777096114519,0.14367033062940318,0.1747976592180089,0.05510037195039409,8.23600820918905,0.06497911701550296,1.881675203740466,0.8174994723104858,0.2124815754854999,0.0,5.1080312722103765,0.0,0.09281284698147331,3.74560327198364,0.05340787323690986,-4.88923941224379,0.6245428899801484,-0.12903225806451607,1.0106917619612465,-0.9929327509336905,-0.994590126787279,0.05034264628360569,-0.13267716535433072,-0.03567067852782139,1.0072582121939282,-0.9888635363997518,-0.9917704620302407,Marine Shipping,Industrials,GLBS
2022Q1,2022,Q1,2022-03-31,2022-03-31,12700000.0,18441000.0,11466000.0,0.62,11382000.0,0.617211648,195530000.0,158501000.0,61349000.0,11223000.0,37029000.0,2554000.0,-125987000.0,47545115.31,25186115.310000002,7.700839668023512,5.466363717366123,0.15812407303227127,0.1950650153626791,0.06334589845051837,7.700839668023512,0.08012567744052088,2.5782286920449002,0.9359274667322834,0.2999672892284591,0.0,2.763899765074393,0.0,0.0943128931621746,4.828655439722,0.0649516698204879,4.60440783556072,0.6172116479583537,-0.4363636363636364,1.0044833836525875,-0.9943384260000608,-0.9969824029145289,-0.0529994175888177,0.28607594936708863,0.0971198928332217,1.041958379677763,-0.9918834718033572,-0.9939103639010328,Marine Shipping,Industrials,GLBS
2021Q4,2021,Q4,2022-04-11,2021-12-31,9875000.0,18630000.0,10451000.0,1.1,12019000.0,0.6451422437,185652000.0,146418000.0,49940000.0,12126000.0,39234000.0,852000.0,-138070000.0,18903578.400000002,5898578.400000002,16.265587048852083,4.1184232228269835,0.17348587680175812,0.21997295414498216,0.056563148594536275,16.265587048852083,0.06744389351036074,1.0146848309178744,0.47857160506329116,0.12910692947588412,0.0,7.759389671361502,0.0,0.10034904013961606,3.8113145307603498,0.05319091633809493,-1.187559894459103,0.6451422436929684,0.7758024390243904,1.1505475491980688,-0.9865475469977685,-0.9866670763578846,0.7858841010401189,0.7709827833572453,0.7731591448931117,1.0260786943422808,-0.9847809530161197,-0.9872930301810077,Marine Shipping,Industrials,GLBS
2021Q3,2021,Q3,2021-09-30,2021-09-30,5576000.0,12755000.0,5894000.0,0.6194382752421097,6730000.0,0.5276362210897687,174145000.0,136245000.0,66481000.0,9587000.0,37900000.0,985000.0,-148233000.0,26284975.68,-3654024.3200000003,15.135467684785015,6.934494628142276,0.19233971690258117,0.24584388417923594,0.03452456961439559,15.135467684785015,0.04092627252376234,2.060758579380635,1.1784870731707318,0.19292433248926566,0.0,6.116751269035533,0.0,0.07324356139998277,6.655992489829978,0.03201929426627236,-3.0084669428865745,0.5276362210897687,243.44159500669656,1.0005783791276535,-0.9985364320323996,-0.9983002357773518,2.023360287511231,243.43478260869566,2.5699576014536643,-0.92154924420827,-0.9906599386288442,-0.9885590446682894,Marine Shipping,Industrials,GLBS
2021Q2,2021,Q2,2021-06-30,2021-06-30,-23000.0,6829000.0,1651000.0,-0.002555,2226000.0,0.32596280568165176,170652000.0,130654000.0,76794000.0,10796000.0,39998000.0,468000.0,-153809000.0,34926611.519999996,-5646388.480000004,14.514363058372059,7.113190070396443,0.20039026791364883,0.26173710716855203,0.009986632067311473,14.514363058372059,-0.0001760374730203438,5.114454754722506,-379.63708173913045,0.2673214101366969,0.0,9.835470085470085,0.0,0.040017110845463284,6.926732123008522,-0.00013477720741626235,21.219083547995137,0.32596280568165176,0.9767727272727272,0.9999977235677214,-0.9990672354455109,-0.9985486195594608,1.7515451174289245,0.9699738903394256,15.029126213592233,0.9999127652726606,-0.99420713914376,-0.9889656385295106,Marine Shipping,Industrials,GLBS
2021Q1,2021,Q1,2021-03-31,2021-03-31,-766000.0,5167000.0,103000.0,-0.11,809000.0,0.15657054383588156,121954000.0,84210000.0,53645000.0,12386000.0,37744000.0,700000.0,-153786000.0,33885387.9,13618387.899999999,11.68016730893023,4.33109962861295,0.25516998212440756,0.3695404346277164,0.0008895414111754037,11.68016730893023,-0.009096306851917825,6.558039074898393,-11.05919970626632,0.40239149625935167,0.0,6.225714285714286,0.0,0.04236843399970481,4.1566284514774745,-0.006281056791905145,-8.708657902852737,0.15657054383588156,0.9403866242257398,0.9998355346711899,-0.9989509854425264,0.0,2.236,0.7364074328974536,1.0556155507559395,0.9977922900811567,-0.9941952386579885,-0.9913466978727233,Marine Shipping,Industrials,GLBS
2020Q4,2020,Q4,2020-12-31,2020-12-31,-2906000.0,3981000.0,-1852000.0,-1.8452234682454567,250000.0,0.06279829188646069,86441000.0,42094000.0,22281000.0,13062000.0,44347000.0,1248000.0,-153020000.0,8992547.67,27069547.67,26.72843656996705,1.7057877813504823,0.4293564396524797,0.88169335297192,-0.023216748150933934,26.72843656996705,-0.06903596712120492,2.2588665335342877,-0.7736190356159669,0.2136301532284886,0.0,2.9895833333333335,0.0,0.0460545343066369,1.469147144388302,-0.03361830612787913,-0.44670148874869603,0.06279829188646069,-1.3065293353068208,0.9705471114406152,-0.7509540435421478,-0.772412198847505,0.6129032258064516,-1.2936069455406471,-2.8825995807127884,0.9559241570462872,-0.981243983113643,-0.9814570255482691,Marine Shipping,Industrials,GLBS
2020Q3,2020,Q3,2020-09-30,2020-09-30,-1267000.0,3183000.0,-477000.0,-0.8,155000.0,0.0486961985548225,76373000.0,34022000.0,32030000.0,9623000.0,42351000.0,343000.0,-150114000.0,20079681.75,28763681.75,21.6029569293348,3.328483840798088,0.4847917457740301,1.0882664158485686,-0.006662197268080114,21.6029569293348,-0.03724060901769443,6.308413996229972,-3.9620524368587215,0.5901969828346364,0.0,8.82798833819242,0.0,0.04167703245911513,3.0364751117115243,-0.01658963246173386,-28.644339158345222,0.0486961985548225,0.9794871794871796,0.9991669226547327,-0.9983665610001219,-0.9988220491833513,1.1324786324786325,0.6981177031212771,0.7179183914843288,0.9848836742806377,-0.985409945863343,-0.9855581981369242,Marine Shipping,Industrials,GLBS
2020Q2,2020,Q2,2020-07-16,2020-06-30,-4197000.0,2299000.0,-1691000.0,-39.0,-1170000.0,-0.508916920400174,66087000.0,21524000.0,21068000.0,9374000.0,44563000.0,466000.0,-148847000.0,2899967.1,22081967.1,198.17148960069235,2.2474930659270322,0.5660568644362733,1.7380133804125628,-0.0283553558253404,198.17148960069235,-0.1949916372421483,1.2614036972596783,-0.17274047533952824,0.13473179241776623,0.0,7.444206008583691,0.0,0.0347874771135019,2.012054619159377,-0.06350719506105588,-1.4550763171098846,-0.508916920400174,0.7483870967741936,0.9904050424021449,-0.9833419522505711,-0.9897396773285373,0.4881889763779528,0.5337702732726061,0.7715790895582871,0.22800255231648645,-0.8391525529874302,-0.869829824608522,Marine Shipping,Industrials,GLBS
2020Q1,2020,Q1,2020-04-01,2020-03-31,-9002000.0,2290000.0,-7403000.0,-155.0,-2286000.0,-0.9982532751091703,49081000.0,1702000.0,4379000.0,0.0,47379000.0,0.0,0.0,3519806.19,38585806.19,29.25957124929086,0.0,0.7626780220451906,21.993537015276146,-0.18916570844512584,29.25957124929086,-5.289071680376028,1.537033270742358,-0.09775067179515663,2.068041239717979,0.0,0.0,0.0,0.04665756606426112,0.0,-0.18341109594344043,-1.7812784362348177,-0.9982532751091703,-18.473952018694995,0.8800090710455432,-0.9723245754522374,-0.9987476181710856,-4.279445727482679,0.7285119729778635,0.7602655440414507,-0.12445872585488449,-0.7512342824122016,-0.9885345493828913,Marine Shipping,Industrials,GLBS
2019Q4,2019,Q4,2020-03-06,2019-12-31,-33158000.0,3735000.0,-30880000.0,-7.95935,-433000.0,-0.11593038821954485,55656000.0,9879000.0,5489000.0,8731000.0,45777000.0,1545000.0,-135648000.0,411551236.8,447608236.8,2.371384952183431,0.6286794181651586,0.6903658185999713,3.889361271383743,-0.6304742848976091,2.371384952183431,-3.3564125923676484,110.18774746987953,-3.102955823632306,41.659200000000006,0.0,2.697734627831715,0.0,0.06710866752910738,0.2984766922460199,-0.5957668535288199,376.1894303473492,-0.11593038821954485,-2.3265583333333333,-1.0064176146664696,-0.999579480524185,-0.9999041244258817,-1.9252136752136753,-119.42142857142858,-7721.0,-0.09229190516101772,-0.9941723556861389,-0.9980561725562955,Marine Shipping,Industrials,GLBS
2019Q3,2019,Q3,2019-10-10,2019-09-30,280000.0,4946000.0,4000.0,6.0,468000.0,0.09462191670036393,86477000.0,41555000.0,5556000.0,0.0,44922000.0,0.0,0.0,9066740.0,44086740.0,939.5631726508094,0.0,0.4326699584860714,0.9003970641318734,5.0651504982841804e-05,939.5631726508094,0.006738057995427747,1.8331459765467044,8.095303571428571,0.21818649981951632,0.0,0.0,0.0,0.05719439851058663,0.0,0.003237855152237011,10.421540229885057,0.09462191670036393,1.0810810810810811,-0.9173438933319551,-0.9546694166789,-0.9600600980279834,1.4,1.093302232589137,1.002572347266881,1.005911195260078,-0.8844914925939026,-0.8944838772709326,Marine Shipping,Industrials,GLBS
2019Q2,2019,Q2,2019-08-02,2019-06-30,-3001000.0,3399000.0,-1555000.0,-74.0,-1170000.0,-0.3442188879082083,88472000.0,40733000.0,5917000.0,0.0,47739000.0,0.0,0.0,9564735.0,44536735.0,1000.78622146876,0.0,0.4259087620942219,0.9250730366042276,-0.01983064248731094,1000.78622146876,-0.07367490732330052,2.8139849955869374,-0.7967956514495168,0.23481538310460806,0.0,0.0,0.0,0.03841893480423185,0.0,-0.03392033637761099,-13.509512711864406,-0.3442188879082083,-3.933333333333333,0.8480188682065576,-0.9703219895996188,-0.9573246123471847,-0.8083462132921174,-5.358050847457627,-0.2766830870279146,0.9343079911384267,-0.8973200296605118,-0.8999252298458167,Marine Shipping,Industrials,GLBS
2019Q1,2019,Q1,2019-05-02,2019-03-31,-472000.0,3543000.0,-1218000.0,-15.0,-647000.0,-0.18261360429014958,89932000.0,40588000.0,7102000.0,0.0,49344000.0,0.0,0.0,10848448.0,48959448.0,1264.581256231306,0.0,0.4566561401948139,1.011826155513945,-0.014916233957088272,1264.581256231306,-0.011629052922045925,3.061938470222975,-5.746,0.26728215236030356,0.0,0.0,0.0,0.0393964328603834,0.0,-0.0052484099097095584,-9.660238646482636,-0.18261360429014958,0.6428571428571429,-1.0347531803849082,-0.9619029476895269,-0.9473682915477082,-1.5776892430278884,0.6501111934766494,-0.5838751625487646,0.9772358583721258,-0.8384236109698117,0.0,Marine Shipping,Industrials,GLBS
2018Q4,2018,Q4,2019-02-12,2018-12-31,-1349000.0,4361000.0,-769000.0,-42.0,-251000.0,-0.05755560651226783,86674000.0,41050000.0,2794000.0,43206000.0,45624000.0,650000.0,-99297000.0,9235872.0,46057872.0,1280.052387040444,0.06466694440586955,0.4253640076608902,0.8981242387332521,-0.009869349829307733,1280.052387040444,-0.03286236297198539,2.1178335244210045,-1.7116145292809488,0.2249907917174178,0.0,7.095384615384615,0.0,0.05031497334840898,0.01441929361662732,-0.01556406765581374,7.607802306425041,-0.05755560651226783,-6.25,-1.0250063914505196,-0.9538641075596361,-0.945798245792371,-1.1993645750595712,-6.33201581027668,-1.9424019607843137,0.32856271083672156,12.397835056091337,9.899414463092041,Marine Shipping,Industrials,GLBS
2018Q3,2018,Q3,2018-10-09,2018-09-30,253000.0,4861000.0,816000.0,8.0,1259000.0,0.25900020571898785,86951000.0,42389000.0,2705000.0,0.0,44562000.0,0.0,0.0,14739320.0,51775320.0,1322.9199176081393,0.0,0.43473910593322673,0.8917643728325745,0.01017583239805462,1322.9199176081393,0.005968529571351058,3.0321579921826785,14.564545454545454,0.34771568095496475,0.0,0.0,0.0,0.05590504997067314,0.0,0.0029096847649825765,11.497129485179407,0.25900020571898785,1.2758620689655173,-0.9830821354857655,-0.949331761315268,-0.9402902225007743,11.319672131147541,1.2697228144989339,2.5280898876404496,1.008176289403048,-0.8773919663512506,-0.9278647546997921,Marine Shipping,Industrials,GLBS
2018Q2,2018,Q2,2018-06-30,2018-06-30,-938000.0,4194000.0,-534000.0,-29.0,-122000.0,-0.029089175011921792,89111000.0,42125000.0,3464000.0,46902000.0,46986000.0,398000.0,-98202000.0,16163017.5,53908017.5,1315.3786104605776,0.07385612553835658,0.4413933184455342,0.9337210682492582,-0.006555525546907609,1315.3786104605776,-0.022267062314540058,3.8538429899856936,-4.307840485074626,0.38369181008902076,0.0,10.844221105527637,0.0,0.04706489658964662,0.036437678563813906,-0.010526197663588109,14.88307320441989,-0.029089175011921792,0.42,0.9340014179676761,-0.9511839161463255,-0.9393044824951949,0.7046004842615012,0.38892508143322474,0.44375,0.9927272342402699,-0.896936181591557,-0.9318963136137287,Marine Shipping,Industrials,GLBS
2018Q1,2018,Q1,2018-03-31,2018-03-31,-1535000.0,3938000.0,-960000.0,-50.0,-413000.0,-0.10487557135601829,91187000.0,43053000.0,4502000.0,0.0,48134000.0,0.0,0.0,23634936.0,62430936.0,1349.793077501881,0.0,0.44813405419632185,0.9491556918217081,-0.011439875114696664,1349.793077501881,-0.03565372912456739,6.001761300152362,-3.8493381107491853,0.5489730332381019,0.0,0.0,0.0,0.043185980457740684,0.0,-0.016833539868621624,236.34936,-0.10487557135601829,-0.25,-1.093041969734972,-0.957461926771661,-0.9391002610578506,-0.4340277777777778,-0.20203602192638997,-0.6666666666666666,0.9626858836024831,-0.9132059615105117,-0.9422255265241203,Marine Shipping,Industrials,GLBS
2017Q4,2017,Q4,2018-01-12,2017-12-31,-1277000.0,4111000.0,-576000.0,-40.0,-288000.0,-0.0700559474580394,91603000.0,43968000.0,4230000.0,47553000.0,47635000.0,661000.0,-95729000.0,34962538.6,115282538.6,1441.4319902960365,0.08895337833575169,0.9069135290328919,1.8894650655021834,-0.004533862283933126,1441.4319902960365,-0.029043850072780205,8.504631135976648,-6.844662999216915,0.7951814637918486,0.0,6.655068078668684,0.0,0.04487844284575833,0.06167854814627889,-0.013940591465345022,-813.0822930232558,-0.0700559474580394,0.24528301886792453,0.8351051760473941,4.61337514297621,7.358853192974733,0.26903553299492383,0.13306177868295996,0.3215547703180212,-1.0337555025567382,-0.9367862788955864,-0.9417226125624558,Marine Shipping,Industrials,GLBS
2017Q3,2017,Q3,2017-09-30,2017-09-30,-1473000.0,3834000.0,-849000.0,-53.0,-394000.0,-0.10276473656755347,90411000.0,41401000.0,1893000.0,10848000.0,49010000.0,360000.0,-94452000.0,25462840.0,67039840.0,1495.862990931098,0.17450221238938052,0.4622999413788145,1.0095649863529867,-0.010204572225293878,1495.862990931098,-0.035578850752397286,6.641324986958789,-4.321595383570944,0.6150295886572789,0.0,11.744444444444444,0.0,0.042406344360752565,0.0478429203539823,-0.016292265321697582,13.929343544857769,-0.10276473656755347,-0.06,0.8304413638812265,-0.9525008933600937,-0.972112296402202,-0.2792207792207792,-0.0650759219088937,-0.09831824062095731,-1.6948610169941443,-0.9438476946110846,-0.9364123425008276,Marine Shipping,Industrials,GLBS
2017Q2,2017,Q2,2017-06-30,2017-06-30,-1383000.0,3636000.0,-773000.0,-50.0,-308000.0,-0.0847084708470847,91832000.0,42064000.0,2674000.0,0.0,49768000.0,0.0,0.0,34261200.0,77644200.0,1522.4031849439016,0.0,0.4814117083369632,1.0509937238493723,-0.008959929526039433,1522.4031849439016,-0.03287847090148346,9.422772277227724,-6.193275488069414,0.8145017116774439,0.0,0.0,0.0,0.03959404129279554,0.0,-0.01506010976565903,-253.78666666666666,-0.0847084708470847,0.6428571428571429,0.947588755824107,-0.9564495964484058,-0.971801580615271,0.768595041322314,0.40947907771135783,0.5748074807480749,0.8968260509326215,-0.9532338425530797,-0.9350818939273438,Marine Shipping,Industrials,GLBS
2017Q1,2017,Q1,2017-03-31,2017-03-31,-2342000.0,2693000.0,-1818000.0,-140.0,-1331000.0,-0.49424433717044186,93556000.0,43427000.0,3019000.0,0.0,50129000.0,0.0,0.0,79129050.0,122040050.0,2551.9774343303757,0.0,0.47231604600453203,1.0175236603956064,-0.020749871597329224,2551.9774343303757,-0.053929582978331454,29.383234311177127,-8.446738898377456,1.8221164252653879,0.0,0.0,0.0,0.02878489888409081,0.0,-0.02503313523451195,-87.0506600660066,-0.49424433717044186,-13.857138005832487,-1.2100536404913556,-0.9576841689774408,-0.9540067919142733,0.12087186261558784,-17.887096774193548,-6.092436974789916,-1.3252425512945247,-0.9453834217674698,-0.8937870289958368,Marine Shipping,Industrials,GLBS
2016Q4,2016,Q4,2017-01-13,2016-12-31,-124000.0,2618000.0,357000.0,-9.42308,-1514000.0,-0.5783040488922842,93996000.0,20760000.0,2149000.0,31136000.0,73236000.0,516000.0,-89254000.0,69429360.0,134838360.0,1219.956514074161,0.06901978417266187,0.6976041533682285,3.1585741811175336,0.004135198999212343,1219.956514074161,-0.005973025048169557,26.52,-139.97854838709677,3.3443815028901738,0.0,8.007751937984496,0.0,0.027852249031873697,0.013039568345323741,-0.001319205072556279,-54.53995286724273,-0.5783040488922842,0.9911933831775701,-1.7795069337016027,2.7945479934430213,1.1781981625246591,-0.23289902280130292,0.9555714797563597,1.1719653179190752,-1.0043317479607956,-0.9478054809352114,-0.9483429086267902,Marine Shipping,Industrials,GLBS
2016Q3,2016,Q3,2016-09-30,2016-09-30,-2791000.0,2523000.0,-2076000.0,-1070.0,-1228000.0,-0.48672215616329767,94750000.0,23205000.0,1933000.0,71545000.0,71545000.0,0.0,0.0,7505280.0,137018280.0,8904.451266308519,0.027017960724019848,1.3699841688654353,5.5938806291747465,-0.013567651998875899,8904.451266308519,-0.12027580262874381,2.97474435196195,-0.672275170189896,0.32343374272786035,0.0,0.0,0.0,0.02662796833773087,0.0040953246208679855,-0.029456464379947228,-9.064347826086957,-0.48672215616329767,0.044642857142857144,-3.174040426995706,-0.7358824171951697,-0.8395830528673219,0.2810304449648712,0.042866941015089165,0.09895833333333333,-3.2947219117472843,-0.6766501663331173,-0.5980990256573718,Marine Shipping,Industrials,GLBS
2016Q2,2016,Q2,2016-06-30,2016-06-30,-2916000.0,2113000.0,-2304000.0,-1120.0,-1708000.0,-0.808329389493611,96804000.0,25981000.0,2520000.0,70823000.0,70823000.0,0.0,0.0,4717968.0,131515968.0,10000.384911470363,0.0355816613247109,1.311846617908351,4.887879604326239,-0.015061481437900806,10000.384911470363,-0.11223586467033601,2.2328291528632276,-0.4044897119341564,0.18159301027674069,0.0,0.0,0.0,0.021827610429321104,0.002739223133727744,-0.030122722201561918,-15.99311186440678,-0.808329389493611,-0.7230769230769231,-2.7536329721087225,-0.8085324934183361,-0.8677496338066975,0.3189792663476874,-0.7482014388489209,-1.890840652446675,-1.5291190793107876,-0.6968315530967081,-0.5385522216782852,Marine Shipping,Industrials,GLBS
2016Q1,2016,Q1,2016-03-31,2016-03-31,-1668000.0,1764000.0,-797000.0,-650.0,-2508000.0,-1.4217687074829932,,,,,,,,2272160.0,,,0.0,0.0,0.0,0.0,,0.0,1.2880725623582767,-0.34055155875299764,0.0,-0.008393285371702638,0.0,0.006161537919864798,0.0,0.0,0.0,-0.9550903741067676,-1.4217687074829932,-9.374462223789918,-1.538243682378392,-0.8532038969341356,0.0,0.02828361100348702,0.8975996070968137,0.9488938762423854,-2.248954298993029,-0.764613978633271,0.0,Marine Shipping,Industrials,GLBS
2015Q4,2015,Q4,2016-02-05,2015-12-31,-16289000.0,2639000.0,-15595000.0,-62.65385,-2581000.0,-0.978021978021978,114837000.0,30535000.0,4697000.0,69629000.0,84302000.0,453000.0,-79429000.0,150800000.0,227040000.0,117.4423076923077,0.06745752488187393,0.6813570539111958,2.5624692975274277,-0.14336275050560765,117.4423076923077,-0.5334534141149501,57.142857142857146,-2.314445331205108,4.938595054855084,-0.01633003867640739,11.52317880794702,0.0017639257294429706,0.02298039830368261,0.03870513722730472,-0.14184452746066165,-887.0588235294117,-0.978021978021978,0.9347355729166666,-5.536394817073171,-0.7707986688851913,-0.8105576250421226,-1.058213716108453,-5.573446327683616,-7.79086809470124,0.7532371621288957,-0.5772484706494858,-0.3189529473100202,Marine Shipping,Industrials,GLBS
2015Q3,2015,Q3,2015-11-27,2015-09-30,-2478000.0,3175000.0,-1774000.0,-960.0,-1254000.0,-0.39496062992125985,130225000.0,47059000.0,6444000.0,83166000.0,83166000.0,0.0,0.0,10161360.0,162618360.0,18339.438815276695,0.07748358704278191,1.1927817239393357,3.3007501221870417,-0.008765298509306336,18339.438815276695,-0.0526573025351155,3.2004283464566927,-1.0251573849878934,0.21592809026966148,-0.026634382566585957,0.0,0.006495193556767992,0.024380879247456324,0.03454536709713104,-0.019028604338644655,-158.77125,-0.39496062992125985,0.7623762376237624,-1.7636202421217473,-0.7463100119685787,0.0,-0.04066390041493776,0.7600232423009878,0.8146290491118078,-2.0766693953007436,-0.5757328327713533,-0.6580937980743545,Marine Shipping,Industrials,GLBS
2015Q2,2015,Q2,2015-08-04,2015-06-30,-10326000.0,3258000.0,-9570000.0,-4040.0,-1205000.0,-0.3698588090853284,136970000.0,49522000.0,11954000.0,87448000.0,87448000.0,0.0,0.0,11691840.0,173588840.0,19314.352574102963,0.13669838075198976,1.2043659195444258,3.331085174265983,-0.04461871281773932,19314.352574102963,-0.20851338798917654,3.58865561694291,-0.2830679837303893,0.23609385727555432,-0.005132674801472012,0.0,0.004533076059884501,0.023786230561436812,0.03504940078675327,-0.0753887712637804,-80.08109589041096,-0.3698588090853284,-1.9705882352941178,-12.571310427694446,-0.6021885323694764,-0.6946979736272524,0.4363891487371375,-2.1262488646684834,-2.4561213434452873,-3.2169385660184773,-0.5794842629214307,-0.6422536293832399,Marine Shipping,Industrials,GLBS
2015Q1,2015,Q1,2015-04-28,2015-03-31,-3303000.0,3643000.0,-2769000.0,-1360.0,-2138000.0,-0.5868789459236893,147230000.0,59833000.0,7387000.0,87397000.0,87397000.0,0.0,0.0,12395240.0,173405240.0,23363.139398672392,0.08452235202581325,1.119337091625348,2.754332893219461,-0.012326773003076129,23363.139398672392,-0.055203650159610915,3.4024814713148506,-0.9381804420224038,0.20716393963197569,-0.03633060853769301,0.0,0.009681135661754029,0.024743598451402567,0.043365332906163824,-0.022434286490525028,39.34996825396826,-0.5868789459236893,-2.1333333333333333,-6.372472456378099,-0.5332412558993878,0.0,-11.480392156862745,-2.0403149606299213,-1.7691666666666668,-2.968454207382121,-0.6196362570162636,-0.5789360370339893,Marine Shipping,Industrials,GLBS
2014Q4,2014,Q4,2014-12-31,2014-12-31,3175000.0,5458000.0,3600000.0,1200.0,204000.0,0.03737632832539392,152069000.0,63319000.0,10235000.0,48436000.0,88750000.0,441000.0,-46585000.0,24576000.0,102881000.0,24733.984375,0.21130976959286482,0.5549323004688661,1.3327437262117217,0.024372575436506057,24733.984375,0.050142927083497844,4.502748259435691,1.9351181102362205,0.38812994519812377,0.0,11.913832199546485,0.0,0.03589160183863904,0.14990915847716574,0.02087868007286166,108.26431718061674,0.03737632832539392,14.0,0.0,0.0,0.0,-0.8413685847589425,15.198979591836734,4.438066465256798,131.67376711596063,51.585616860694564,43.16183584906334,Marine Shipping,Industrials,GLBS
2014Q3,2014,Q3,2014-12-05,2014-09-30,196000.0,6313000.0,662000.0,80.0,1286000.0,0.20370663709805165,149071000.0,60199000.0,19709000.0,0.0,88872000.0,0.0,0.0,34559806.800000004,112623806.80000001,23524.42360296991,0.0,0.5636173367053283,1.3956876360072425,0.004590273058841476,23524.42360296991,0.0032558680376750444,5.4743872643751,44.0813862244898,0.5740927058589014,0.0,0.0,0.0,0.04234894781681212,0.0,0.001314809721542084,17.331899097291878,0.20370663709805165,1.1428571428571428,-0.93943543982801,-0.4941965889555649,0.0,-0.2243667068757539,1.1579371474617244,1.8994565217391304,-0.844522347043432,-0.3269923849558806,-0.5761989027080383,Marine Shipping,Industrials,GLBS
2014Q2,2014,Q2,2014-07-25,2014-06-30,-1241000.0,7198000.0,-736000.0,-560.0,1658000.0,0.23034176160044456,150344000.0,59988000.0,19234000.0,90356000.0,90356000.0,0.0,0.0,35709680.0,200521680.0,23451.13369820172,0.21286909557749348,1.1340525727664557,2.842201773688071,-0.003193252518591151,23451.13369820172,-0.020687470827498833,4.961055848846902,-7.1937308622078975,0.5952803894112155,0.0,0.0,0.0,0.04787686904698558,0.06292885917924654,-0.008254403235247166,7.962024526198439,0.23034176160044456,-2.272727272727273,-2.393925895453684,-0.1190413152219568,-0.6293078625685313,-0.2868817204301075,-2.146950092421442,-1.4309133489461359,-1.757986674953055,-0.33756078552595875,-0.6898698353422408,Marine Shipping,Industrials,GLBS
2014Q1,2014,Q1,2014-04-10,2014-03-31,1082000.0,7409000.0,1708000.0,440.0,2325000.0,0.3138075313807531,155691000.0,61437000.0,23660000.0,94254000.0,94254000.0,0.0,0.0,44491800.0,218148800.0,24026.98474775127,0.2510238292274068,1.1610176567688562,2.942200953822615,0.007052110472053741,24026.98474775127,0.01761153702166447,6.005101903090836,10.279990757855822,0.7241857512573856,0.0,0.0,0.0,0.047587850293208986,0.0753601969147198,0.0069496631147593635,15.844658119658119,0.3138075313807531,-0.725,0.7626729308157453,-0.049238172817475674,0.0,-0.07222665602553871,-0.7482550023266635,-0.6545307443365695,-0.6474378666854024,-0.37741156287397837,-0.6326050240431661,Marine Shipping,Industrials,GLBS
2013Q4,2013,Q4,2013-12-31,2013-12-31,4298000.0,7531000.0,4944000.0,1600.0,2506000.0,0.3327579338733236,155662000.0,60340000.0,21955000.0,22521000.0,95322000.0,633000.0,-49504000.0,40472222.0,119643222.0,23616.438356164384,0.9748679010701123,0.5464403643792319,1.4096784885647995,0.034002751031636864,23616.438356164384,0.07122969837587007,5.374083388660204,2.3541311074918565,0.6707361948955916,0.0,7.938388625592417,0.0,0.04838046536727011,0.2990986190666489,0.0276111061145302,12.045304166666666,0.3327579338733236,2.3333333333333335,0.0,0.0,0.0,-0.02717391304347826,2.6057046979865772,1.5817232375979113,120.80504510524557,65.55992691334963,37.094910242734684,Marine Shipping,Industrials,GLBS
2013Q3,2013,Q3,2013-11-20,2013-09-30,1192000.0,7647000.0,1915000.0,480.0,2576000.0,0.3368641297240748,155726000.0,56586000.0,20350000.0,99140000.0,99140000.0,0.0,0.0,30648000.0,212954000.0,22155.833985904464,0.20526528142021383,1.2141582009426815,3.341391863711872,0.0077952634107025095,22155.833985904464,0.021065281164952463,4.007846214201647,6.427852348993288,0.541618068073375,0.0,0.0,0.0,0.04910548013819144,0.06828727052652814,0.007654470030694939,12.701201823456278,0.3368641297240748,1.9230769230769231,-0.6309475059124826,-0.3861158114761923,0.0,1.0509554140127388,2.05207413945278,4.853118712273642,-0.6309475059124826,-0.3861158114761923,0.0,Marine Shipping,Industrials,GLBS
2013Q2,2013,Q2,2013-07-25,2013-06-30,-1133000.0,6849000.0,-497000.0,-520.0,1256000.0,0.18338443568404147,155963000.0,55328000.0,18898000.0,100635000.0,100635000.0,0.0,0.0,19709160.0,204297160.0,21671.758715236978,0.1877875490634471,1.2229182562530856,3.44725997686524,-0.0020198489786960798,21671.758715236978,-0.02047787738577212,2.877669732807709,-4.3488879082082965,0.356223973395026,0.0,0.0,0.0,0.0439142617159198,0.06103244398072241,-0.007264543513525644,6.203701605288008,0.18338443568404147,-2.0,-2.2751096717885115,-0.16011351947925193,-0.6574344480127934,-0.5602240896358543,-1.8583333333333334,-1.2349881796690307,-2.2751096717885115,-0.16011351947925193,-0.6574344480127934,Marine Shipping,Industrials,GLBS
2013Q1,2013,Q1,2013-04-29,2013-03-31,1320000.0,7407000.0,2115000.0,520.0,2856000.0,0.38558120696638315,164659000.0,56563000.0,25674000.0,108096000.0,108096000.0,0.0,0.0,30419840.0,225988840.0,22164.184952978056,0.23751110124333927,1.2655488008551006,3.684104449905415,0.007982728621195938,22164.184952978056,0.023336810282340047,4.106904279735385,5.761333333333333,0.5378045718932871,0.0,0.0,0.0,0.04498387576749525,0.11855202782711664,0.008016567572984168,9.083260674828306,0.38558120696638315,3.0482520925652388,1.1546089700247917,-0.04763254829829578,0.0,1.2912502549459515,1.016247353650731,1.0262228008183,1.1546089700247917,-0.04763254829829578,0.0,Marine Shipping,Industrials,GLBS
2012Q4,2012,Q4,2013-01-09,2012-12-31,-81244000.0,7683000.0,-80655000.0,-253.875,-9806000.0,-1.2763243524664845,165722000.0,55182000.0,24756000.0,31728000.0,110540000.0,658000.0,-54612000.0,2159360000.0,2246516000.0,172.44375,0.7802571860816944,0.5962334512014096,1.7906020079011271,-0.5237643758401465,172.44375,-1.4722916893189808,281.0568788233763,-6.644675299099011,39.13160088434635,0.0,26.5790273556231,0.0,0.04636077286057373,0.39028618255168934,-0.4902426955986532,411.8558077436582,-1.2763243524664845,0.2947916666666667,0.0,0.0,0.0,-3.4356681569796326,-101.06532663316582,-430.3101604278075,0.0,0.0,0.0,Marine Shipping,Industrials,GLBS
2012Q3,2012,Q3,2012-11-27,2012-09-30,-796000.0,7396000.0,-187000.0,-360.0,4026000.0,0.5443482963764197,247997000.0,136028000.0,15066000.0,13858000.0,111969000.0,679000.0,26548000.0,22600832.0,120745832.0,53638.801261829656,1.087169865781498,0.4308237599648383,0.7854485841150352,-0.0007699560672126355,53638.801261829656,-0.00585173640721028,3.055818280151433,-7.098251256281407,0.16614838121563208,0.0,4.963181148748159,0.0,0.029822941406549272,0.7719007071727522,-0.0032097162465674987,9.908299868478737,0.5443482963764197,0.6666666666666666,-1.2481970416737298,-0.4020513307957618,0.0,0.563495145631068,0.6712102437009501,0.8978142076502732,-1.2481970416737298,-0.4020513307957618,0.0,Marine Shipping,Industrials,GLBS
2012Q2,2012,Q2,2012-08-13,2012-06-30,-2421000.0,7660000.0,-1830000.0,-1080.0,2575000.0,0.33616187989556134,250660000.0,136862000.0,14440000.0,14363000.0,113798000.0,649000.0,27392000.0,32448000.0,132010000.0,53988.95463510848,1.0053609970061965,0.431528764062874,0.7903362511142611,,53988.95463510848,-0.017689351317385395,4.236031331592689,-3.3506815365551423,0.23708553141120253,0.0,7.835130970724191,0.0,0.030559323386260273,0.6749286360788136,-0.009658501555892445,12.207674943566591,0.33616187989556134,-2.6875,-3.744007351906901,-0.05399148580212034,-0.14659643968881497,-0.6163015943972582,-2.461074230537115,-1.7555739058629232,-3.744007351906901,-0.05399148580212034,-0.14659643968881497,Marine Shipping,Industrials,GLBS
2012Q1,2012,Q1,2012-05-14,2012-03-31,1657000.0,9458000.0,2422000.0,640.0,6711000.0,0.7095580460985409,255597000.0,140324000.0,16521000.0,11012000.0,115273000.0,634000.0,30864000.0,51390291.6,151532291.6,55485.96283115856,1.5002724300762804,0.42837748486875826,0.7802799236053705,0.009695135619816185,55485.96283115856,0.011808386305977595,5.433526284626772,7.753514121907062,0.36622595992132495,0.0,4.332807570977918,0.0,0.03700356420458769,1.112967671630948,0.00648286169242988,13.545148023194518,0.7095580460985409,67.37606837606837,1.7292849568103676,0.22713784557685843,0.0,-0.08194254445964433,-0.29097133076593923,-0.13991477272727273,1.7292849568103676,0.22713784557685843,0.0,Marine Shipping,Industrials,GLBS
2011Q4,2011,Q4,2012-02-16,2011-12-31,2337000.0,10136000.0,2816000.0,9.36,7310000.0,0.7211917916337806,256059000.0,140019000.0,13467000.0,10456000.0,116040000.0,554000.0,30750000.0,3310000000.0,3411514000.0,560.076,1.2879686304514155,0.4327713534771283,0.79142830615845,,560.076,0.016690591991086925,326.5588003157064,354.0864356011981,23.639648904791493,0.0,5.101083032490974,0.0,0.03958462698050059,1.0220925784238715,0.009126802807165536,-58.42894969108561,0.7211917916337806,-0.9804999999999999,0.0,0.0,0.0,0.21509308510638298,0.8907766990291263,0.37836514929025944,0.0,0.0,0.0,Marine Shipping,Industrials,GLBS
2011Q3,2011,Q3,2011-10-21,2011-09-30,1236000.0,9197000.0,2043000.0,480.0,6016000.0,0.6541263455474611,257170000.0,139270000.0,11031000.0,10993000.0,117900000.0,636000.0,30267000.0,52187200.0,156305200.0,55508.170585890795,1.0034567452014918,0.43603841816697125,0.8051698140303009,0.008126297701725496,55508.170585890795,0.008874847418683133,5.674372077851474,10.555663430420712,0.3747196093918288,0.0,5.001572327044025,0.0,0.03576233619784578,0.9008459929045757,0.004806159349846405,14.036363636363637,0.6541263455474611,-0.24050632911392406,-0.6104613169784059,-0.2484432571966115,0.0,0.1796078431372549,0.05641025641025641,0.12810601877415792,-0.6104613169784059,-0.2484432571966115,0.0,Marine Shipping,Industrials,GLBS
2011Q2,2011,Q2,2011-07-15,2011-06-30,1170000.0,7765000.0,1811000.0,632.0,5100000.0,0.6567933032839666,254935000.0,138228000.0,32994000.0,19726000.0,116707000.0,0.0,0.0,58349760.0,58349760.0,75617.06783369803,1.672614823076143,0.0,0.0,,75617.06783369803,0.008464276412883063,7.514457179652286,12.467897435897434,0.4221269207396475,,0.0,,0.030458744385823838,0.0,0.004589405142487301,0.0,0.6567933032839666,-0.47333333333333333,0.8389846965845609,0.3298709761279765,0.19527920749193123,-0.13309535951045384,-0.46379468377635197,-0.6351732473811442,0.8389846965845609,0.3298709761279765,0.19527920749193123,Marine Shipping,Industrials,GLBS
2011Q1,2011,Q1,2011-05-04,2011-03-31,2182000.0,8461000.0,4964000.0,1200.0,5883000.0,0.6953078832289328,219636000.0,118894000.0,26833000.0,15829000.0,100742000.0,0.0,0.0,65375280.0,160875280.0,65398.239823982396,1.6951797334007201,0.0,0.0,,65398.239823982396,0.018352482042828064,7.726661151164165,7.490293308890926,0.5498618937877437,0.0,0.0,0.0,0.038522828680179935,0.01895255543622465,0.009934619097051485,14.90884378563284,0.6953078832289328,86.02292401375833,3.9996093291246337,0.5271112832923931,0.0,-0.05112903225806452,-0.16844512195121952,0.7766642806012884,3.9996093291246337,0.5271112832923931,0.0,Marine Shipping,Industrials,GLBS
2010Q4,2010,Q4,2010-12-31,2010-12-31,2624000.0,8414000.0,2794000.0,13.78947,6200000.0,0.7368671262182077,218452000.0,117788000.0,26896000.0,15276000.0,100664000.0,467000.0,28942000.0,6885600000.0,6957220000.0,619.9368421052632,1.7606703325477875,0.4405452914141322,0.8170441810710769,,619.9368421052632,0.022277311780486978,818.3503684335631,656.0213414634146,58.45756783373518,0.0,4.740899357601713,0.0,0.038516470437441636,1.6299423932966746,0.012011792064160549,-67.76098252243742,0.7368671262182077,-0.9892269765625,0.0,0.0,0.0,-0.0440949737897009,0.14635211882918306,-0.11888994008199306,0.0,0.0,0.0,Marine Shipping,Industrials,GLBS
2010Q3,2010,Q3,2010-09-30,2010-09-30,2289000.0,8828000.0,3171000.0,1280.0,6486000.0,0.734707748074309,,,,,,,,43601304.6433321,,,0.0,0.0,0.0,0.0,,0.0,4.938978776997293,4.762047252439068,0.0,0.0,0.0,0.0,0.0,0.0,0.0,7.49420842958613,0.734707748074309,2.67816091954023,0.0,0.0,0.0,0.5869831172008808,2.6275752773375594,1.0107799619530755,0.0,0.0,0.0,Marine Shipping,Industrials,GLBS
2010Q2,2010,Q2,2010-06-30,2010-06-30,631000.0,5791000.0,1577000.0,348.0,4087000.0,0.7057503021930582,220588000.0,114696000.0,24372000.0,15064000.0,105892000.0,416000.0,26138000.0,10918392.99977368,89860392.99977368,63263.0998345284,1.6178969729155603,0.46098155838032895,0.8865784334240078,,63263.0998345284,0.005501499616377206,1.8854071835216162,4.325829239213027,0.09519419160017507,,4.096153846153846,,0.026252561336065426,1.5266861391396707,0.0028605363845721436,0.0,0.7057503021930582,0.45,0.0,0.0,0.0,0.009634387351778656,0.3747276688453159,-0.485313315926893,0.0,0.0,0.0,Marine Shipping,Industrials,GLBS
2010Q1,2010,Q1,2010-03-31,2010-03-31,459000.0,5827000.0,3064000.0,240.0,4048000.0,0.6946970997082547,,,,,,,,11514598.68481372,,,0.0,0.0,0.0,0.0,,0.0,1.9760766577679285,6.271567911118583,0.0,,0.0,,0.0,0.0,0.0,0.0,0.6946970997082547,0.0,0.0,0.0,0.0,0.0,0.0,0.0,0.0,0.0,0.0,Marine Shipping,Industrials,GLBS
2009Q4,2009,Q4,2009-12-31,2009-12-31,,,,,,,187570000.0,113458000.0,61336000.0,37894000.0,74112000.0,355000.0,24913000.0,0.0,10918000.0,0.0,1.6186203620625956,0.373593858292904,0.6176294311551411,,0.0,,0.0,0.0,0.0,0.0,,,,1.5699846941468307,,0.0,0.0,0.0,0.0,0.0,0.0,0.0,0.0,0.0,0.0,0.0,0.0,Marine Shipping,Industrials,GLBS
