Quarters,Year,Quarter,FillingDate,Date,NetIncome,Revenue,OperatingIncome,EPSDiluted,GrossProfit,GrossProfitRatio,TotalAssets,CommonStockEquity,CurrentAssets,CurrentLiability,TotalLiability,Inventory,RetainedEarnings,MarketCap,EnterpriseValue,bookValuePerShare,currentRatio,debtToAssets,debtToEquity,roic,shareholdersEquityPerShare,roe,priceToSalesRatio,peRatio,pbRatio,payoutRatio,inventoryTurnover,dividendYield,assetTurnover,quickRatio,returnOnAssets,priceToFreeCashFlowsRatio,grossProfitMargin,epsdilutedGrowth,fiveYNetIncomeGrowthPerShare,fiveYRevenueGrowthPerShare,fiveYShareholdersEquityGrowthPerShare,grossProfitGrowth,netIncomeGrowth,operatingIncomeGrowth,threeYNetIncomeGrowthPerShare,threeYRevenueGrowthPerShare,threeYShareholdersEquityGrowthPerShare,Industry,Sector,Symbol
2023Q4,2023,Q4,2023-05-26,2023-03-31,18169000.0,185443000.0,22593000.0,1.03,41951000.0,0.2262204559,393923000.0,202176000.0,243770000.0,167887000.0,191747000.0,0.0,731668000.0,3297171840.0,3259602840.0,11.66759002770083,1.4519885399107733,0.08570202806132163,0.1669832225387781,0.06736844447081158,11.66759002770083,0.08986724438113328,17.779974655284914,45.36809730860256,16.308423551756885,0.0,0.0,0.0,0.470759513915156,0.9753465128330365,0.04612322712814433,585.8514285714285,0.22622045588132203,0.07291666666666674,1.210021607194506,0.4073892266136018,0.28695475599978604,0.03980666749287396,0.0783429283637011,0.41223902987873484,0.6132805385725093,0.31560372676112547,0.11158563373059445,Insurance Brokers,Financial Services,CRVL
2023Q3,2023,Q3,2023-02-02,2022-12-31,16849000.0,179386000.0,15998000.0,0.96,40345000.0,0.2249060685,407687000.0,194805000.0,256743000.0,186426000.0,212882000.0,0.0,713499000.0,2506215850.0,2464644850.0,11.296317773267614,1.377184512889833,0.08943135297421796,0.18716152049485382,0.047201638491068634,11.296317773267614,0.08649161982495315,13.97107828927564,37.18641833343225,12.865254228587563,0.0,0.0,0.0,0.44000912464709446,0.8626586420349093,0.04132827389639601,104.50839623034902,0.2249060684780306,0.1566265060240964,0.9245654784112017,0.39320373522930135,0.32928139410863555,0.11777580761345376,0.1496315502183406,0.3092724445535641,0.9069560646755203,0.28211801559540844,0.06633407449876522,Insurance Brokers,Financial Services,CRVL
2023Q2,2023,Q2,2022-11-03,2022-09-30,14656000.0,177426000.0,12219000.0,0.83,36094000.0,0.2034312897,399886000.0,197833000.0,248383000.0,175510000.0,202053000.0,0.0,696650000.0,2406743980.0,2368049980.0,11.378868054756701,1.4152071107059427,0.0923538208389391,0.18667765236335698,0.037112224891195755,11.378868054756701,0.07408268590174541,13.564776188382762,41.05390249727075,12.165533454984761,0.0,0.0,0.0,0.4436914520638382,0.9139764116004786,0.036650445376932426,510.119537939805,0.20343128966442348,-0.11702127659574467,0.8841186190049612,0.4031826540659119,0.44524012728293905,-0.09468509368180793,-0.12192199388892218,-0.17877545533974057,0.2085007844881617,0.2812454559203936,0.04554852873461607,Insurance Brokers,Financial Services,CRVL
2023Q1,2023,Q1,2022-08-04,2022-06-30,16691000.0,176307000.0,14879000.0,0.94,39869000.0,0.2261339595,415677000.0,205628000.0,260635000.0,181405000.0,210049000.0,0.0,681994000.0,2578108620.0,2523817620.0,11.74614417913858,1.4367575314903118,0.09626945921953825,0.19460871087595075,0.042922762098956485,11.74614417913858,0.08117085221856946,14.62283755040923,38.615251033491106,12.537731340089872,0.0,0.0,0.0,0.4241442273688465,0.9668862490008544,0.040153773242204885,119.1307527378587,0.22613395951380263,-0.1376146788990827,1.0439025773174067,0.3766964995776118,0.593502990413857,-0.07393384744030475,-0.15002291592402098,-0.26501679509978265,0.3173421746029924,0.24257864318514183,0.06755361316456947,Insurance Brokers,Financial Services,CRVL
2022Q4,2022,Q4,2022-05-27,2022-03-31,19637000.0,171359000.0,20244000.0,1.09,43052000.0,0.2512386277,415246000.0,212395000.0,264994000.0,171370000.0,202851000.0,0.0,665303000.0,2967575920.0,2913211920.0,12.055568168918152,1.5463266616093831,0.10389022410811904,0.20311212599166648,0.05305794380611034,12.055568168918152,0.09245509545893264,17.317887709428742,37.780413505117885,13.971966948374492,0.0,0.0,0.0,0.41266863497782036,1.0508840520511176,0.047290040120795865,544.6092714259497,0.25123862767639865,0.43421052631578955,1.6645984336875725,0.3900311102279634,0.6602644044352032,0.22348527907241106,0.4170154423437725,0.14489311163895488,0.7441144135426011,0.19252258095542457,0.14636351613685392,Insurance Brokers,Financial Services,CRVL
2022Q3,2022,Q3,2022-02-03,2021-12-31,13858000.0,164508000.0,17682000.0,0.76,35188000.0,0.2138984122,423708000.0,214927000.0,268675000.0,170537000.0,208781000.0,0.0,645666000.0,3699280000.0,3621986000.0,12.084734326679786,1.5754645619425696,0.09026027358463848,0.17793948643027632,0.0475541753169878,12.084734326679786,0.06447770638402807,22.486930726773167,66.73545966228893,17.211797494032858,0.0,0.0,0.0,0.38825795123056445,1.0852952731665269,0.03270648654261897,115.64586720020007,0.21389841223527123,-0.13636363636363635,1.1473486390479306,0.3993983795278235,0.6416531984397418,-0.04017893674476965,-0.1377551020408163,-0.11603259511073338,0.4193200292241444,0.18774436409462164,0.1790076689821469,Insurance Brokers,Financial Services,CRVL
2022Q2,2022,Q2,2021-11-04,2021-09-30,16072000.0,157743000.0,20003000.0,0.88,36661000.0,0.23240967903488585,424901000.0,223795000.0,272046000.0,162648000.0,201106000.0,0.0,631808000.0,3322351020.0,3242180020.0,12.543859649122806,1.6726058728050759,0.1198020244715828,0.22745816483835654,0.04936072456334862,12.543859649122806,0.07181572421189035,21.061796846769745,51.67917838476854,14.84551048951049,0.0,0.0,0.0,0.3712464785914837,1.2328033544833015,0.03782528165384407,213.17619634263716,0.23240967903488585,-0.04347826086956525,1.537323457321414,0.35024750937384913,0.68063412287184,-0.014833525918361862,-0.04577569316630054,-0.02746985608712563,0.3296799463803401,0.1263828044770159,0.24584581297084784,Insurance Brokers,Financial Services,CRVL
2022Q1,2022,Q1,2021-08-05,2021-06-30,16843000.0,152620000.0,20568000.0,0.92,37213000.0,0.2438278076267855,422483000.0,229539000.0,266877000.0,152258000.0,192944000.0,0.0,615736000.0,2403567100.0,2318470100.0,12.825557355981449,1.752794598641779,0.12678616654397928,0.23335903702638766,0.050028366140036654,12.825557355981449,0.07337750883292164,15.74870331542393,35.6760538502642,10.471279826086201,0.0,0.0,0.0,0.36124530454479825,1.3524346832350354,0.039866692861014526,300.5585969738652,0.2438278076267855,0.13580246913580243,1.4588646343204184,0.29927739117038316,0.7859456761904244,0.041855647012710676,0.13734890944695793,0.0627809641915982,0.5119404936644646,0.07289244776859781,0.33442496516581505,Insurance Brokers,Financial Services,CRVL
2021Q4,2021,Q4,2021-05-28,2021-03-31,14809000.0,145510000.0,19353000.0,0.81,35718000.0,0.24546766545254622,424760000.0,220402000.0,268941000.0,162460000.0,204358000.0,0.0,598893000.0,1836566180.0,1751513180.0,12.311585297732098,1.6554290286839837,0.03005226480836237,0.05791689730583207,0.05145050898099573,12.311585297732098,0.06719086033702054,12.621580509930588,31.004223445202243,8.332801789457445,0.0,0.0,0.0,0.3425699218382145,1.258389757478764,0.034864394010735475,110.23144949282756,0.24546766545254622,0.2857142857142858,1.4299298631684192,0.2405658144394796,0.8270314950957363,0.1561842488589648,0.3013181019332162,0.38671539122957865,0.7435648874853338,0.06891582068201951,0.35798851478291194,Insurance Brokers,Financial Services,CRVL
2021Q3,2021,Q3,2021-02-04,2020-12-31,11380000.0,141506000.0,13956000.0,0.63,30893000.0,0.21831583113083544,457865000.0,209873000.0,259232000.0,158822000.0,247992000.0,0.0,584084000.0,1897294000.0,1864395000.0,11.725403653835409,1.632217199128584,0.02981883306214714,0.06505362767006713,0.03562305920064109,11.725403653835409,0.0542232683575305,13.407869630969712,41.68044815465729,9.04020050220848,0.0,0.0,0.0,0.30905616284275933,1.211469443779829,0.024854487676498532,67.99118437555994,0.21831583113083544,-0.030769230769230795,0.869360475807523,0.2553849569684832,0.8012811557141051,0.012785627643182638,-0.04087652760219132,-0.06605099377635013,0.2523774922642044,0.05885226422815872,0.3797735889071271,Insurance Brokers,Financial Services,CRVL
2021Q2,2021,Q2,2020-11-05,2020-09-30,11865000.0,136028000.0,14943000.0,0.65,30503000.0,0.22424059752403916,441580000.0,202400000.0,242308000.0,149077000.0,239180000.0,0.0,572704000.0,1532357910.0000002,1522040910.0000002,11.283938228243295,1.6253882221938998,0.029138547941482858,0.06357213438735178,0.03814720028807325,11.283938228243295,0.058621541501976286,11.265018305054843,32.28735587863464,7.570938290513835,0.0,0.0,0.0,0.3080483717559672,1.20190908054227,0.026869423434032338,73.79167437156892,0.22424059752403916,0.41304347826086957,0.5924533496365135,0.21267780743233927,0.7599898010054785,0.15066581161115092,0.4291736930860034,0.367905529110216,0.4784627765151342,0.04273781989139528,0.43318300579308844,Insurance Brokers,Financial Services,CRVL
2021Q1,2021,Q1,2020-08-06,2020-06-30,8302000.0,129600000.0,10924000.0,0.46,26509000.0,0.20454475308641976,425009000.0,198092000.0,224436000.0,138535000.0,226917000.0,0.0,560839000.0,1274814870.0,1274656870.0,11.015514652727576,1.6200671310499153,0.030789936213115487,0.06606021444581306,0.02720798607811071,11.015514652727576,0.04190981967974477,9.83653449074074,38.38878794266442,6.435468721604103,0.0,0.0,0.0,0.3049347190294794,1.16634785433284,0.019533703992150753,107.99854879701796,0.20454475308641976,-0.28125,0.3481089466944224,0.14393482478736636,0.7449437073029077,-0.13777850056919824,-0.29326636588065036,-0.2631862943477674,-0.010341536554070638,-0.014858909669019206,0.4943844782055404,Insurance Brokers,Financial Services,CRVL
2020Q4,2020,Q4,2020-06-10,2020-03-31,11747000.0,147025000.0,14826000.0,0.64,30745000.0,0.2091140962421357,416260000.0,189711000.0,208991000.0,133689000.0,226549000.0,0.0,552537000.0,985213740.0,1000309740.0,10.496348345689942,1.563262497288483,0.031766203814923365,0.06970075535946782,0.03899643282470317,10.496348345689942,0.0619205001291438,6.700994660771977,20.967347833489402,5.193234656925534,0.0,0.0,0.0,0.3532047278143468,1.1144521987598082,0.028220343054821507,99.36598487140697,0.2091140962421357,0.28,1.3690841108505143,0.3530505703231144,0.6677085444067764,0.05100331589922401,0.25609495295124035,0.20998939035338285,0.5537671117912519,0.16254859864334384,0.445532329188031,Insurance Brokers,Financial Services,CRVL
2020Q3,2020,Q3,2020-02-07,2019-12-31,9352000.0,148092000.0,12253000.0,0.5,29253000.0,0.19753261486103232,422080000.0,193365000.0,210552000.0,135725000.0,228715000.0,0.0,540790000.0,1594582080.0,1605800080.0,10.593601051881883,1.5513133173696814,0.031413476118271416,0.06856980322188606,0.030415975542329332,10.593601051881883,0.04836449202285833,10.767509926262054,42.62676646706587,8.246487627026607,0.0,0.0,0.0,0.35086239575435935,1.148019893166329,0.02215693707354056,165.17320074580485,0.19753261486103232,-0.27536231884057966,0.5447867092137558,0.3659424730172744,0.6735761029811711,-0.10930791949578297,-0.27340532981120347,-0.24596923076923077,0.4119721093309959,0.22745494053335807,0.4390898947130262,Insurance Brokers,Financial Services,CRVL
2020Q2,2020,Q2,2019-11-07,2019-09-30,12871000.0,146970000.0,16250000.0,0.69,32843000.0,0.22346737429407362,426769000.0,200816000.0,219086000.0,132941000.0,225953000.0,0.0,531438000.0,1396816400.0,1399434400.0,10.883156297420333,1.647994223001181,0.030962886245252116,0.06580152975858497,0.040916431423412426,10.883156297420333,0.06409349852601387,9.504091991562904,27.131077616346825,6.955702732849972,0.0,0.0,0.0,0.3443783405073939,1.2738056731933716,0.030159172760908126,132.21168007572172,0.22346737429407362,-0.028169014084507067,0.8422017180651376,0.34037483154550063,0.7139302023192199,-0.008782519466409127,-0.03997911538748415,-0.06512484179035784,0.9646896095539275,0.2163756852460222,0.45813205421755715,Insurance Brokers,Financial Services,CRVL
2020Q1,2020,Q1,2019-08-05,2019-06-30,13407000.0,150139000.0,17382000.0,0.71,33134000.0,0.22068882835239345,427864000.0,203817000.0,221609000.0,130735000.0,224047000.0,0.0,518567000.0,1623072880.0,1621156880.0,11.002861153098683,1.6951007763796995,0.03549024923807565,0.07450310818037749,0.04169997294027265,11.002861153098683,0.06577959640265532,10.81046816616602,30.265400164093386,7.963383231035684,0.0,0.0,0.0,0.3509035581399697,1.3100317436034727,0.031334723183067514,88.53768710451669,0.22068882835239345,0.11100185842203064,0.8257614700139612,0.36438529403877706,0.7648110130946051,0.016006378020360604,0.13253928028383172,0.07628482972136223,0.8910031273114005,0.23489325013430246,0.5321371038067038,Insurance Brokers,Financial Services,CRVL
2019Q4,2019,Q4,2019-06-07,2019-03-31,11838000.0,151084000.0,16150000.0,0.6390628374001296,32612000.0,0.21585343252760053,318018000.0,194805000.0,215493000.0,116919000.0,123213000.0,0.0,505160000.0,1215915360.0,1124202360.0,10.51635715828115,1.8430965027070023,0.0,0.0,0.06076846076846078,10.51635715828115,0.06076846076846077,8.047942601466733,25.67822605169792,6.241705089705089,0.0,0.0,0.0,0.4750800269167154,1.3945466519556273,0.03722430805803445,210.7305649913345,0.21585343252760053,0.1834496988891288,0.6062847869129623,0.42067071543859086,0.7409233230600106,0.1109899843292226,0.1495436006991649,0.19179396354512582,0.8772111339831888,0.24483624121053177,0.5606207711848848,Insurance Brokers,Financial Services,CRVL
2019Q3,2019,Q3,2019-02-07,2018-12-31,10298000.0,146082000.0,13551000.0,0.54,29354000.0,0.20094193672047206,313745000.0,192268000.0,210022000.0,117416000.0,121477000.0,0.0,493322000.0,1157743760.0,1061260760.0,10.249920034118777,1.7887000068133814,0.0,0.0,0.05356065491917532,10.249920034118777,0.05356065491917532,7.925300584603168,28.106034181394445,6.021510391744855,0.0,0.0,0.0,0.46560742003856637,1.3534186141582067,0.03282283383002119,74.84767002844582,0.20094193672047206,-0.19402985074626866,0.3098239900073785,0.3463777118542223,0.8033423181618925,-0.06783105747856462,-0.19477676127922433,-0.17351793120273237,0.6141575359969166,0.23663350263690872,0.5746142606353121,Insurance Brokers,Financial Services,CRVL
2019Q2,2019,Q2,2018-11-02,2018-09-30,12789000.0,148176000.0,16396000.0,0.67,31490000.0,0.21251754670122017,309938000.0,190064000.0,204143000.0,115557000.0,119874000.0,0.0,483024000.0,1132620000.0,1042487000.0,10.068549027917571,1.7666000328842044,0.0,0.0,0.06728786093105481,10.068549027917571,0.06728786093105481,7.643747975380628,22.14051137696458,5.959150601902517,0.0,0.0,0.0,0.4780827133168569,1.3430428273492736,0.04126309132794301,50.81064106590104,0.21251754670122017,0.08064516129032265,0.6508135374780983,0.3901242294085161,0.8936142762638386,0.004369597805632635,0.0858380030565461,0.06357031655422937,0.630994121802011,0.25519677948292696,0.5704218900901692,Insurance Brokers,Financial Services,CRVL
2019Q1,2019,Q1,2018-08-03,2018-06-30,11778000.0,150398000.0,15416000.0,0.62,31353000.0,0.20846686791047753,291210000.0,181865000.0,183156000.0,104801000.0,109345000.0,0.0,470235000.0,1021788000.0,948448000.0,9.61129901701723,1.7476550796271029,0.0,0.0,0.06476232370164682,9.61129901701723,0.06476232370164682,6.793893535818295,21.68848700967906,5.61838726527919,0.0,0.0,0.0,0.51645891281206,1.3307506607761377,0.040445039662099516,51.51179673321234,0.20846686791047753,0.31914893617021284,0.5469789108865148,0.43982566831612285,0.7989655833867016,0.15476409708666347,0.31480241125251174,0.3295385942216473,0.8176443799028508,0.2616341820842621,0.5225049639054393,Insurance Brokers,Financial Services,CRVL
2018Q4,2018,Q4,2018-06-08,2018-03-31,8958000.0,143573000.0,11595000.0,0.47,27151000.0,0.18910937293223656,274004000.0,171176000.0,163317000.0,97989000.0,102828000.0,0.0,458457000.0,954434550.0,898663550.0,9.066045230655156,1.6666870771209013,0.0,0.0,0.052332102631209985,9.066045230655156,0.052332102631209985,6.647730074596199,26.636373911587405,5.575749813057905,0.0,0.0,0.0,0.5239814017313615,1.2318831705599609,0.03269295338754179,1036.3024429967427,0.18910937293223656,-0.06000000000000005,0.35323290616594794,0.46840029068405153,0.7594648021289069,0.06187179788024561,-0.06385202215487512,0.15109699195870147,0.729393630285948,0.2648088667670862,0.44045534667781433,Insurance Brokers,Financial Services,CRVL
2018Q3,2018,Q3,2018-02-02,2017-12-31,9569000.0,140734000.0,10073000.0,0.5,25569000.0,0.18168317535208264,271995000.0,160180000.0,166590000.0,109875000.0,111815000.0,0.0,449499000.0,997112100.0,943519100.0,8.498063557748422,1.5161774744027303,0.0,0.0,0.05973904357597703,8.498063557748422,0.05973904357597703,7.085083206616738,26.050582610513114,6.224947558996129,0.0,0.0,0.0,0.5174139230500561,1.0655745164960182,0.03518079376459126,69.37397203089125,0.18168317535208264,0.13636363636363635,0.9053764433491817,0.5473238400181057,0.7181746232390802,-0.0071062441752096925,0.14011676396997497,-0.16628041714947855,0.5306522000993225,0.2570304031191488,0.3425232857278912,Insurance Brokers,Financial Services,CRVL
2018Q2,2018,Q2,2017-11-14,2017-09-30,8393000.0,136431000.0,12082000.0,0.44,25752000.0,0.18875475515095544,255529000.0,147696000.0,148301000.0,101706000.0,107833000.0,0.0,439930000.0,1020489600.0,982356600.0,7.873340796417719,1.4581342300355928,0.0,0.0,0.05682618351207887,7.873340796417719,0.05682618351207887,7.479895331706137,30.397045156678185,6.90939226519337,0.0,0.0,0.0,0.5339159156103612,1.0238235698975477,0.032845586997953265,330.36244739397864,0.18875475515095544,-0.04347826086956525,0.5210655245462067,0.5544535891826903,0.48026976695768003,-0.10530521488378557,-0.04353276353276353,-0.14638971315529178,0.18161468126826877,0.22389566117531728,0.2399304223289522,Insurance Brokers,Financial Services,CRVL
2018Q1,2018,Q1,2017-08-04,2017-06-30,8775000.0,137612000.0,14154000.0,0.46,28783000.0,0.20916053832514606,240459000.0,138661000.0,134413000.0,95440000.0,101798000.0,0.0,431537000.0,892581950.0,857572950.0,7.371272128010207,1.408350796311819,0.0,0.0,0.0632838361183029,7.371272128010207,0.0632838361183029,6.4862217684504255,25.429685185185186,6.437152119197179,0.0,0.0,0.0,0.5722888309441526,1.0244865884325232,0.03649270769653039,55.50882773631841,0.20916053832514606,0.09523809523809533,0.6001561961072092,0.5823247114265859,0.4479524518675084,0.03831030626600772,0.0986603230249155,0.11299834866713848,0.17674521863526232,0.23146679603574308,0.18231994851321776,Insurance Brokers,Financial Services,CRVL
2017Q4,2017,Q4,2017-06-09,2017-03-31,7987000.0,133605000.0,12717000.0,0.42,27721000.0,0.2074847498222372,235383000.0,138646000.0,128867000.0,90051000.0,96737000.0,0.0,422762000.0,830589000.0,801978000.0,7.261233895464544,1.4310446302650721,0.0,0.0,0.05760714337232952,7.261233895464544,0.05760714337232953,6.2167508701021665,25.998153249029674,5.990717366530588,0.0,0.0,0.0,0.5676068365175055,1.0155578505513543,0.03393193221260669,325.08375733855183,0.2074847498222372,0.16666666666666666,0.8656479131505205,0.5160753069851571,0.4884009903678206,0.08382531180357353,0.13306852035749753,0.11133444026916019,0.05139461679860309,0.21880862650964278,0.20205611625254793,Insurance Brokers,Financial Services,CRVL
2017Q3,2017,Q3,2017-02-03,2016-12-31,7049000.0,128403000.0,11443000.0,0.36,25577000.0,0.19919316526872424,237725000.0,143001000.0,135552000.0,87478000.0,94724000.0,0.0,414775000.0,710991600.0,672182600.0,7.361319880572429,1.5495553167653582,0.0,0.0,0.049293361584884024,7.361319880572429,0.049293361584884024,5.537188383448985,25.216044829053768,4.971934461996769,0.0,0.0,0.0,0.5401325060469029,1.1201673563638859,0.029651908718056577,81.2376142595978,0.19919316526872424,0.0285714285714286,0.5349155770616698,0.4892559461648899,0.535325091646522,-0.012928372954615621,0.013952819332566167,0.015530706425275115,-0.13425356741325037,0.14274288336466515,0.29513007067123026,Insurance Brokers,Financial Services,CRVL
2017Q2,2017,Q2,2016-11-04,2016-09-30,6952000.0,128219000.0,11268000.0,0.35,25912000.0,0.20209173367441643,240238000.0,146148000.0,138697000.0,86611000.0,94090000.0,0.0,407726000.0,751910400.0,711048400.0,7.463765895510955,1.601378577778804,0.0,0.0,0.04756821851821441,7.463765895510955,0.04756821851821441,5.864266606353192,27.039355581127733,5.144855899499137,0.0,0.0,0.0,0.5337165644069631,1.169678216392837,0.02893796984656882,109.83207712532865,0.20209173367441643,-0.0789473684210527,0.03848966646835518,0.4437559397497552,0.582883901334154,0.012899695098115862,-0.07195301027900147,-0.07037373154030195,-0.13489403581399192,0.15964815133688315,0.4037269536297683,Insurance Brokers,Financial Services,CRVL
2017Q1,2017,Q1,2016-08-04,2016-06-30,7491000.0,128459000.0,12121000.0,0.38,25582000.0,0.1991452525708592,227444000.0,140554000.0,127961000.0,79178000.0,86890000.0,0.0,400774000.0,845118960.0,808884960.0,7.181381565501737,1.616118113617419,0.0,0.0,0.05329624201374561,7.181381565501737,0.05329624201374561,6.578900349527865,28.204477372847418,6.012770607737951,0.0,0.0,0.0,0.564793971263256,1.2242794715703857,0.03293557974710258,295.7029251224633,0.1991452525708592,0.11764705882352934,0.08472752622142131,0.4905548603366764,0.5802344918680079,-0.032633768198147096,0.12376237623762376,0.13994169096209913,-0.0487723376196713,0.1889517174221074,0.344153194550661,Insurance Brokers,Financial Services,CRVL
2016Q4,2016,Q4,2016-06-10,2016-03-31,6666000.0,128294000.0,10633000.0,0.34,26445000.0,0.20612811199276662,220269000.0,131948000.0,123108000.0,80415000.0,88321000.0,0.0,393283000.0,771883020.0,739104020.0,6.738573106582912,1.5309084126095878,0.0,0.0,0.05051990177948888,6.738573106582912,0.05051990177948889,6.016516906480428,28.94850810081008,5.849903143662655,0.0,0.0,0.0,0.5824423772750591,1.1506062301809363,0.0302629966086921,80.03764205723766,0.20612811199276662,0.0,1.9892661693313929,0.5148453410795027,0.5713125137581406,0.04807387444514902,-0.0037363622776864446,-0.0091324200913242,-0.029005151323930202,0.2652261440199721,0.30776781892894706,Insurance Brokers,Financial Services,CRVL
2016Q3,2016,Q3,2016-02-04,2015-12-31,6691000.0,123891000.0,10731000.0,0.34,25232000.0,0.20366289722417286,218580000.0,128061000.0,120771000.0,73776000.0,90519000.0,0.0,386617000.0,864038160.0,837534160.0,6.509479997966756,1.6369957709824332,0.0,0.0,0.05224853780620173,6.509479997966756,0.052248537806201735,6.974180206794682,32.28359587505605,6.747082718392017,0.0,0.0,0.0,0.5667993412023058,1.1166368466710042,0.030611217860737488,103.52721782890008,0.20366289722417286,-0.17073170731707307,0.18856690288960967,0.5530634582205227,0.5021090149486679,-0.05441463049018138,-0.19063747429539132,-0.20363636363636364,0.27650637895835956,0.3050876087075119,0.3161143438131915,Insurance Brokers,Financial Services,CRVL
2016Q2,2016,Q2,2015-11-05,2015-09-30,8267000.0,124460000.0,13475000.0,0.41,26684000.0,0.21439820022497189,221694000.0,127599000.0,122884000.0,77352000.0,94095000.0,0.0,379925000.0,642834600.0,617947600.0,6.411365691890262,1.5886337780535733,0.0,0.0,0.06478890900398906,6.411365691890262,0.06478890900398906,5.164989554877069,19.439778637958145,5.0379281969294425,0.0,0.0,0.0,0.5614044583976111,1.0873926983142,0.03729013865959385,104.74736842105263,0.21439820022497189,0.20588235294117632,0.30808073592196095,0.5884542111408433,0.46740266814947806,0.019134552954206928,0.1981159420289855,0.20087336244541484,0.4121850157779151,0.33661846268853207,0.20540327721276294,Insurance Brokers,Financial Services,CRVL
2016Q1,2016,Q1,2015-08-06,2015-06-30,6900000.0,126939000.0,11221000.0,0.34,26183000.0,0.2062644262204681,216622000.0,127197000.0,116892000.0,72682000.0,89425000.0,0.0,371658000.0,645170980.0000001,618068980.0000001,6.312819494764008,1.608266145675683,0.0,0.0,0.054246562418924976,6.312819494764008,0.054246562418924976,5.082527670771001,23.37576014492754,5.072218527166522,0.0,0.0,0.0,0.5859931124262541,1.1558845381249827,0.03185272040697621,61.869100498657474,0.2062644262204681,0.25925925925925924,0.055324686753787315,0.6464876130550099,0.5180118995443543,0.1547587545205963,0.2374461979913917,0.23879443585780524,0.17468853403574533,0.36267648968741933,0.24003866726162648,Insurance Brokers,Financial Services,CRVL
2015Q4,2015,Q4,2015-06-11,2015-03-31,5576000.0,122195000.0,9058000.0,0.27,22674000.0,0.1855558738082573,218754000.0,127923000.0,119228000.0,74088000.0,90831000.0,0.0,364758000.0,699383249.9999999,673867249.9999999,6.293874538745388,1.6092754562142317,0.0,0.0,0.0435887213401812,6.293874538745388,0.0435887213401812,5.72350137075985,31.356853030846484,5.467220515466335,0.0,0.0,0.0,0.5585954999680006,1.121004751106792,0.025489819614727044,222.45014312977096,0.1855558738082573,-0.1818181818181818,-0.008521499934660844,0.6410298049174464,0.572285180088973,-0.060261936339522544,-0.18384074941451992,-0.12006994365649894,0.2235877807624912,0.3026203618926648,0.29011256648414724,Insurance Brokers,Financial Services,CRVL
2015Q3,2015,Q3,2015-02-05,2014-12-31,6832000.0,122352000.0,10294000.0,0.33,24128000.0,0.19720151693474566,211341000.0,130390000.0,115318000.0,64832000.0,80951000.0,0.0,359182000.0,766694780.0,735665780.0,6.329918928103306,1.7787203849950641,0.0,0.0,0.052396656185290276,6.329918928103306,0.05239665618529028,6.266303615797044,28.055283225995314,5.880012117493672,0.0,0.0,0.0,0.5789316791346686,1.345878578479763,0.03232690296724251,61.14481059095622,0.19720151693474566,-0.10810810810810806,0.21606112656281445,0.6780565401594913,0.6656821693912256,-0.05257784583971414,-0.1333248763161233,-0.1905960056612675,0.4029496577503762,0.33826614586546877,0.3202093532239678,Insurance Brokers,Financial Services,CRVL
2015Q2,2015,Q2,2014-11-04,2014-09-30,7883000.0,123714000.0,12718000.0,0.37,25467000.0,0.20585382414278092,214413000.0,132197000.0,119109000.0,66097000.0,82216000.0,0.0,352350000.0,708886950.0,680724950.0,6.349824679379413,1.8020333751910071,0.0,0.0,0.059630702663449255,6.349824679379413,0.05963070266344925,5.730046316504195,22.481509260433842,5.362352776538045,0.0,0.0,0.0,0.5769892683745855,1.3383663403785346,0.036765494629523394,1044.0161266568482,0.20585382414278092,-0.05128205128205133,0.5096083205245211,0.8397552239295325,0.7154093288482399,-0.08061371841155235,-0.050126521267622605,-0.05757688032604669,0.10753878759945806,0.31019292455396164,0.3466439598981963,Insurance Brokers,Financial Services,CRVL
2015Q1,2015,Q1,2014-08-05,2014-06-30,8299000.0,124364000.0,13495000.0,0.39,27700000.0,0.2227332668617928,211074000.0,130521000.0,116397000.0,64434000.0,80553000.0,0.0,344467000.0,945843300.0,911709300.0,6.234583233818963,1.8064531148151597,0.0,0.0,0.06358363788202664,6.234583233818963,0.06358363788202664,7.605442893441832,28.492688878178093,7.246675247661297,0.0,0.0,0.0,0.5891962060699091,1.4172641772977,0.039317964315832364,185.9699764058199,0.2227332668617928,0.0,0.600154891847957,0.888546232049934,0.5671941401281672,0.04382560198967479,-0.004080163206528261,0.05158575547416816,0.12348911840591179,0.3490882260508489,0.37189527929148264,Insurance Brokers,Financial Services,CRVL
2014Q4,2014,Q4,2014-06-12,2014-03-31,8333000.0,120246000.0,12833000.0,0.39,26537000.0,0.22068925369658865,214481000.0,126522000.0,120960000.0,71840000.0,87959000.0,0.0,336168000.0,1042223200.0,1007357200.0,6.040677966101695,1.6837416481069043,0.0,0.0,0.06586206351464567,6.040677966101695,0.06586206351464567,8.667425111854033,31.267946717868714,8.237485970819304,0.0,0.0,0.0,0.5606370727477026,1.281945991091314,0.03885192627785212,295.9180011357183,0.22068925369658865,-0.04878048780487796,1.4244369838204702,0.9258971399400591,0.6215616833725746,-0.042193026781202625,-0.05037037037037037,-0.11508757412770652,2.493455071745151,0.32735500205093504,0.40857607828668274,Insurance Brokers,Financial Services,CRVL
2014Q3,2014,Q3,2014-02-07,2013-12-31,8775000.0,121098000.0,14502000.0,0.41,27706000.0,0.228789905696213,202891000.0,118997000.0,111084000.0,65669000.0,83894000.0,0.0,327835000.0,977711200.0,944965200.0,5.683846006878104,1.6915744110615358,0.0,0.0,0.0737413548240712,5.683846006878104,0.0737413548240712,8.07371880625609,27.855019943019943,8.216267636999254,0.0,0.0,0.0,0.5968623546633414,1.3421401270005635,0.04324982379701416,72.95807775539139,0.228789905696213,0.0,1.4783281841437088,1.0015696077654788,0.637287993414791,0.014128843338213763,0.011527377521613832,-0.03934817170111288,0.4647267403653001,0.4264721461495667,0.3115880729610302,Insurance Brokers,Financial Services,CRVL
2014Q2,2014,Q2,2013-11-08,2013-09-30,8675000.0,119359000.0,15096000.0,0.41,27320000.0,0.22888931710218752,192759000.0,112393000.0,100369000.0,62141000.0,80366000.0,0.0,319060000.0,781471860.0,759279860.0,5.317106632604788,1.6151816031283694,0.0,0.0,0.07718452216775067,5.317106632604788,0.07718452216775067,6.547238666543788,22.52080288184438,6.953029637077042,0.0,0.0,0.0,0.6192136294543964,1.232423037929869,0.04500438371230397,95.10427893391748,0.22888931710218752,0.024999999999999883,1.2758753745102691,0.9965464960271988,0.40074369229185036,0.01493424474329445,0.00766639563247764,0.07246376811594203,0.29237611801415947,0.4342765689570286,0.21695389632644557,Insurance Brokers,Financial Services,CRVL
2014Q1,2014,Q1,2013-08-05,2013-06-30,8609000.0,118113000.0,14076000.0,0.4,26918000.0,0.22790040046396248,191383000.0,114312000.0,98268000.0,58846000.0,77071000.0,0.0,310385000.0,628614480.0,603580480.0,5.3426808749298935,1.6699180912891276,0.0,0.0,0.07531142837147456,5.3426808749298935,0.07531142837147456,5.322144725813416,18.254573121152283,5.499111904262019,0.0,0.0,0.0,0.6171551287209418,1.2879719946980253,0.04498309672227941,55.550943796394485,0.22790040046396248,0.142857142857143,0.9971524503605578,0.9505860987830926,0.4704811787047445,0.12585218955205152,0.13575197889182058,0.1720233139050791,0.23996841350054832,0.4427198366576485,0.28472755324913757,Insurance Brokers,Financial Services,CRVL
2013Q4,2013,Q4,2013-06-10,2013-03-31,7580000.0,111959000.0,12010000.0,0.35,23909000.0,0.21355138934788628,182382000.0,111402000.0,92900000.0,52755000.0,70980000.0,0.0,301776000.0,533257300.0,513435300.0,5.1527289546716,1.7609705241209364,0.0,0.0,0.06804186639378108,5.1527289546716,0.06804186639378108,4.762969479898891,17.587641820580476,4.7867838997504535,0.0,0.0,0.0,0.6138708863813315,1.306549142261397,0.0415611189700738,96.11703316510454,0.21355138934788628,0.32075471698113195,0.5615433568865182,0.8494997250427118,0.4773102417095774,0.1000736173737002,0.27954085077650237,0.1981245011971269,0.26708166404002137,0.4135035664707875,0.2872133568236739,Insurance Brokers,Financial Services,CRVL
2013Q3,2013,Q3,2013-02-08,2012-12-31,5924000.0,107287000.0,10024000.0,0.265,21734000.0,0.20257813155368312,174987000.0,109969000.0,87623000.0,48280000.0,65018000.0,0.0,294196000.0,498375110.0,477606110.0,4.945983628676801,1.8148922949461475,0.0,0.0,0.05386972692304194,4.945983628676801,0.05386972692304195,4.645251614827519,21.0320353646185,4.531960006911039,0.0,0.0,0.0,0.613114117048695,1.3286246893123446,0.03385394343579809,29.56136840856516,0.20257813155368312,-0.08620689655172403,0.2294367699834303,0.7384854779819496,0.49203677439805754,-0.04825713785251357,-0.10648567119155354,-0.07655458314140949,-0.023097695300142773,0.3632363404345448,0.30150746541337164,Insurance Brokers,Financial Services,CRVL
2013Q2,2013,Q2,2012-11-07,2012-09-30,6630000.0,105458000.0,10855000.0,0.29,22836000.0,0.21654118227161523,179854000.0,119887000.0,91272000.0,43229000.0,59967000.0,0.0,288272000.0,508840500.0,488826500.0,5.31885536823425,2.1113604293414143,0.0,0.0,0.05530207612168124,5.31885536823425,0.05530207612168125,4.825053575831136,19.187047511312215,4.244334248083612,0.0,0.0,0.0,0.5863533755156961,1.7597446158828565,0.0368632335116261,68.18176336593864,0.21654118227161523,0.0,0.4507679214225217,0.7679914882799689,0.6738284609411119,-0.014882878219231267,0.005154639175257732,-0.01380939402198601,0.17271434117125126,0.4485272843532591,0.43689228886793297,Insurance Brokers,Financial Services,CRVL
2013Q1,2013,Q1,2012-08-07,2012-06-30,6596000.0,104606000.0,11007000.0,0.29,23181000.0,0.22160296732501003,173614000.0,115185000.0,84078000.0,41691000.0,58429000.0,0.0,281642000.0,554337000.0,539769000.0,5.0908247149297265,2.0166942505576744,0.0,0.0,0.057264400746625,5.0908247149297265,0.057264400746625,5.29928493585454,21.010347180109157,4.812579762989973,0.0,0.0,0.0,0.6025205340583133,1.6238996426087164,0.03799232780766528,55.09212880143113,0.22160296732501003,0.2934240094618568,0.4640631338011104,0.736935206717646,0.6666262559028158,0.08019571295433364,0.3002168342203824,0.3304726217816995,0.17674425949087222,0.4697880660987264,0.27968628574558946,Insurance Brokers,Financial Services,CRVL
2012Q4,2012,Q4,2012-06-08,2012-03-31,5073000.0,104427000.0,8273000.0,0.22421108459294617,21460000.0,0.20550240838097428,171882000.0,110382000.0,81247000.0,44762000.0,61500000.0,0.0,275046000.0,451275570.0,444678570.0,4.878546804561124,1.8150886913006568,0.0,0.0,0.04595858020329401,4.878546804561124,0.04595858020329401,4.321445315866586,22.239087817859254,4.088307604500733,0.0,0.0,0.0,0.6075505288511887,1.3794513203163397,0.029514434321220372,393.09718641114983,0.20550240838097428,-0.04591027832788859,0.18414659049012877,0.8177634607360816,0.7203688922280275,0.011024215584660322,-0.06055555555555556,-0.06982235214751518,0.3663028139386275,0.5482740449067769,0.3095987922563015,Insurance Brokers,Financial Services,CRVL
2012Q3,2012,Q3,2012-02-06,2011-12-31,5400000.0,101381000.0,8894000.0,0.235,21226000.0,0.20936861936654796,165887000.0,109519000.0,77628000.0,46620000.0,56368000.0,0.0,269973000.0,590579910.0,580514910.0,4.794632694159881,1.665122265122265,0.0,0.0,0.049306513025137194,4.794632694159881,0.049306513025137194,5.825351002653357,27.341662499999998,5.39248815274062,0.0,0.0,0.0,0.6111449360106579,1.3053410553410554,0.032552279563799455,83.23888794926005,0.20936861936654796,-0.3088235294117648,0.7337721534634343,0.8700037734897234,0.7668878423658465,-0.17124785256910824,-0.31480776551199086,-0.31689708141321044,0.39786436222700927,0.5358538139284745,0.38114131408246293,Insurance Brokers,Financial Services,CRVL
2012Q2,2012,Q2,2011-11-04,2011-09-30,7881000.0,104552000.0,13020000.0,0.34,25612000.0,0.24496901063585586,166726000.0,108697000.0,80173000.0,48281000.0,58029000.0,0.0,264573000.0,489855000.0,481721000.0,4.715295852854416,1.6605496986392163,0.0,0.0,0.07250430094666827,4.715295852854416,0.07250430094666827,4.6852762261841,15.53911305671869,4.506610118034537,0.0,0.0,0.0,0.6270887564027207,1.3215550630682877,0.047269172174705804,-122.43314171457136,0.24496901063585586,-0.02857142857142844,1.0021519467439932,0.9026685908811937,0.7840345513760059,0.0027013271737853814,-0.03866796779702367,-0.017284323345158125,0.895900771866654,0.6036584781617452,0.24220208085991887,Insurance Brokers,Financial Services,CRVL
2012Q1,2012,Q1,2011-08-05,2011-06-30,8198000.0,102307000.0,13249000.0,0.35,25543000.0,0.24967011054962027,172450000.0,105587000.0,86882000.0,57115000.0,66863000.0,0.0,256692000.0,544837300.0,527260300.0,4.544503744512353,1.52117657357962,0.0,0.0,0.07764213397482644,4.544503744512353,0.07764213397482644,5.325513405729813,16.61494571846792,5.16007936583102,0.0,0.0,0.0,0.5932560162365903,1.2385187779042284,0.047538416932444184,66.31417964946446,0.24967011054962027,2.073280423280423,1.1483239671052827,0.7831844450622764,0.7468776826480505,-0.006379585326953748,2.0982615268329554,1.8665080051925573,0.7513583926382548,0.555898916463908,0.25079662800304137,Insurance Brokers,Financial Services,CRVL
2011Q4,2011,Q4,2011-06-10,2011-03-31,2646000.0,100491000.0,4622000.0,0.11388482396487906,25707000.0,0.2558139534883721,164225000.0,99639000.0,82227000.0,54838000.0,64586000.0,0.0,248494000.0,617792060.0,605523060.0,4.288499612636653,1.4994529340967941,0.0,0.0,0.026555866678710138,4.288499612636653,0.026555866678710145,6.147735220069459,58.37037603930461,6.200303696343801,0.0,0.0,0.0,0.6119104886588522,1.116616215033371,0.01611204140660679,310.916990437846,0.2558139534883721,-0.5932684858397177,0.049025158732245944,0.8396347230168979,0.7807396460197262,0.07917383820998279,-0.6064842355740631,-0.5944190944190945,-0.49276830177344644,0.54473551987442,0.229531856817697,Insurance Brokers,Financial Services,CRVL
2011Q3,2011,Q3,2011-02-04,2010-12-31,6724000.0,95282000.0,11396000.0,0.28,23821000.0,0.25000524758086523,152953000.0,101830000.0,72495000.0,46356000.0,51123000.0,0.0,245848000.0,568064150.0,552295150.0,4.333560303004511,1.5638752265078955,0.0,0.0,0.0660316213296671,4.333560303004511,0.0660316213296671,5.961925127516215,21.120767028554432,5.578553962486498,0.0,0.0,0.0,0.622949533516832,1.3473768228492535,0.043961216844390104,62.30139833296776,0.25000524758086523,-0.09677419354838701,3.914080784333572,0.8382145574739753,0.8870806515763754,0.02504410688928095,-0.10739413248373822,0.2567269519188355,0.3204001184909063,0.46090350862536106,0.3072892717770929,Insurance Brokers,Financial Services,CRVL
2011Q2,2011,Q2,2010-11-08,2010-09-30,7533000.0,93392000.0,9068000.0,0.31,23239000.0,0.24883287647764263,150176000.0,103646000.0,72299000.0,41839000.0,46530000.0,0.0,239124000.0,503499450.00000006,484752450.00000006,4.36919315403423,1.7280288725829966,0.0,0.0,0.07268008413252804,4.36919315403423,0.07268008413252802,5.391248179715608,16.709791915571486,4.857876329043089,0.0,0.0,0.0,0.6218836565096952,1.5069432825832358,0.050161144257404644,55.47592000881446,0.24883287647764263,-0.03125000000000003,3.2475450311655,0.7549847084104585,0.8584529734410354,-0.023694492290887704,-0.02925257731958763,-0.26378176504018835,0.5662280345105426,0.4876916492380091,0.3749724980770468,Insurance Brokers,Financial Services,CRVL
2011Q1,2011,Q1,2010-08-06,2010-06-30,7760000.0,91503000.0,12317000.0,0.32,23803000.0,0.2601335475339606,144900000.0,99449000.0,68102000.0,40760000.0,45451000.0,0.0,231591000.0,404027030.0,390346030.0,4.158610019235594,1.6708047105004906,0.0,0.0,0.07802994499693311,4.158610019235594,0.0780299449969331,4.415451187392763,13.016334729381443,4.062655531981217,0.0,0.0,0.0,0.6314906832298136,1.4488223748773308,0.05355417529330573,63.356912341226284,0.2601335475339606,0.15648783436602692,2.4505138073351214,0.6178827571501783,0.7040258276046619,0.0926827029012119,0.17273688982922775,0.10993962332161845,0.6296578654582806,0.4375332990892142,0.36143926263904524,Insurance Brokers,Financial Services,CRVL
2010Q4,2010,Q4,2010-06-11,2010-03-31,6617000.0,87611000.0,11097000.0,0.2766998410972652,21784000.0,0.24864457659426328,140368000.0,95728000.0,67146000.0,39950000.0,44640000.0,0.0,223831000.0,427462750.0,415529750.0,4.003010788659362,1.6807509386733417,0.0,0.0,0.06912293163964567,4.003010788659362,0.06912293163964567,4.8790990857312435,16.150171905697444,4.465388914424202,0.0,0.0,0.0,0.6241522284281318,1.3983229036295368,0.047140373874387326,46.94297715791786,0.24864457659426328,0.02481422628616733,2.377365707510737,0.5036807029217332,0.6111038693598113,-0.0010088966339539577,-0.008689138576779026,0.00036058775804561434,0.4613602802882797,0.442908404200748,0.41162020411983635,Insurance Brokers,Financial Services,CRVL
2010Q3,2010,Q3,2010-02-05,2009-12-31,6675000.0,86629000.0,11093000.0,0.27,21806000.0,0.25171709242863244,138566000.0,93006000.0,61793000.0,37887000.0,45560000.0,0.0,217214000.0,410428980.0,402564980.0,3.8001961265015933,1.6309816031884288,0.0,0.0,0.07176956325398362,3.8001961265015933,0.07176956325398362,4.737778111256046,15.371871910112358,4.4129301335397715,0.0,0.0,0.0,0.6251822236335032,1.3799720220656162,0.04817199024291673,89.73086576300831,0.25171709242863244,0.08000000000000007,5.744922689647115,0.581697184101697,0.5416622159846002,0.04801268803767963,0.04296875,0.046410715970191495,1.0002243276979013,0.4913459009337781,0.4004243417227962,Insurance Brokers,Financial Services,CRVL
2010Q2,2010,Q2,2009-11-09,2009-09-30,6400000.0,82416000.0,10601000.0,0.25,20807000.0,0.25246311395845467,137957000.0,94451000.0,62065000.0,35833000.0,43506000.0,0.0,210539000.0,362327200.0,350344200.0,3.7016381878037308,1.7320626238383612,0.0,0.0,0.06776000254100009,3.7016381878037308,0.06776000254100009,4.396321102698505,14.153406250000002,3.8361393738552265,0.0,0.0,0.0,0.5974035387838239,1.5094186922669048,0.046391266844016614,51.62091466020801,0.25246311395845467,0.02040816326530614,1.5983348081504882,0.40831242815671853,0.45067439431093415,-0.015845236969066312,-0.0006246096189881324,-0.008511036288814066,0.4688981966635351,0.35499706326099806,0.4005166652983319,Insurance Brokers,Financial Services,CRVL
2010Q1,2010,Q1,2009-08-07,2009-06-30,6404000.0,81312000.0,10692000.0,0.245,21142000.0,0.2600108225108225,145722000.0,102836000.0,71018000.0,35014000.0,42886000.0,0.0,204139000.0,294302250.0,274062250.0,3.978181818181818,2.0282744045239047,0.0,0.0,0.06227391185966005,3.978181818181818,0.06227391185966004,3.619419642857143,11.489001014990631,2.861860146252285,0.0,0.0,0.0,0.5579939885535472,1.8058776489404238,0.04394669301821276,49.71321790540541,0.2600108225108225,0.49298679867986783,1.3056748816407493,0.3095108079392148,0.5898904751114131,0.22292919944470152,0.5096652522395096,0.5318051575931232,0.5083656039485093,0.27382274200366347,0.5291872174359418,Insurance Brokers,Financial Services,CRVL
2009Q4,2009,Q4,2009-06-12,2009-03-31,4242000.0,77058000.0,6980000.0,0.16410058027079305,17288000.0,0.22435048924186976,141209000.0,96297000.0,65302000.0,37206000.0,44912000.0,0.0,197735000.0,261343500.0,246662500.0,3.725222437137331,1.7551470192979628,0.0,0.0,0.04405121654880215,3.725222437137331,0.04405121654880215,3.3915167795686365,15.402139321074962,2.7139318981899745,0.0,0.0,0.0,0.5457017612191858,1.5032521636295222,0.03004057815011791,38.86148698884758,0.22435048924186976,-0.034702468995335065,0.671866823259498,0.23288493873810653,0.5235488841998621,-0.02117540482391575,-0.058170515097690945,-0.05240293239207168,0.5115766198989808,0.26790174869830535,0.5468466557641063,Insurance Brokers,Financial Services,CRVL
2009Q3,2009,Q3,2009-02-09,2008-12-31,4504000.0,76962000.0,7366000.0,0.17,17662000.0,0.22948987812167043,135684000.0,92453000.0,60238000.0,35986000.0,43231000.0,0.0,193493000.0,292685680.0,280549680.0,3.4715004505857614,1.6739287500694715,0.0,0.0,0.048716645214325116,3.4715004505857614,0.048716645214325116,3.8029895272991867,16.245874777975136,3.1657780710198695,0.0,0.0,0.0,0.5672149995577961,1.3883176790974268,0.03319477609740279,53.38057267919022,0.22948987812167043,-0.055555555555555455,0.31239825393786047,0.21036613738728505,0.5041269289181393,-0.06347102179330824,-0.0926672038678485,-0.09475236573675802,1.9042907130621158,0.31005279791923823,0.5116903594712112,Insurance Brokers,Financial Services,CRVL
2009Q2,2009,Q2,2008-11-10,2008-09-30,4964000.0,77855000.0,8137000.0,0.18,18859000.0,0.24223235501894547,149566000.0,104494000.0,74194000.0,37827000.0,45072000.0,0.0,188989000.0,393788040.0,370188040.0,3.795916884626562,1.961403230496735,0.0,0.0,0.04750511991119107,3.795916884626562,0.04750511991119107,5.057967246804958,19.83219379532635,3.7685229773958313,0.0,0.0,0.0,0.5205394274099728,1.7064530626272238,0.03318936121845874,138.95131968948482,0.24223235501894547,-0.10000000000000009,0.28545617862033423,0.16757678990609604,0.6780330886454973,-0.05388049967390759,-0.10831686725345788,-0.10837168529476222,1.4120063075286953,0.26074371478935643,0.6146077256061722,Insurance Brokers,Financial Services,CRVL
2009Q1,2009,Q1,2008-08-08,2008-06-30,5567000.0,78201000.0,9126000.0,0.2,19933000.0,0.2548944386900423,145717000.0,100395000.0,71359000.0,38296000.0,45322000.0,0.0,184025000.0,467947919.99999994,446187919.99999994,3.633287492762015,1.8633538750783372,0.0,0.0,0.055450968673738735,3.633287492762015,0.055450968673738735,5.983912226186365,21.01436680438297,4.661067981473181,0.0,0.0,0.0,0.5366635327381156,1.6057029454773344,0.03820419031410199,80.91784886736987,0.2548944386900423,-0.10921985815602835,0.47391193168113016,0.18833734681467332,0.658209917266208,-0.043062890062409986,-0.10267569310122501,-0.10256662405349593,1.1423142387906537,0.19664112677883455,0.488770454104154,Insurance Brokers,Financial Services,CRVL
2008Q4,2008,Q4,2008-06-16,2008-03-31,6204000.0,77368000.0,10169000.0,0.22452229299363058,20830000.0,0.2692327577292938,140575000.0,96378000.0,66393000.0,36948000.0,44197000.0,0.0,178458000.0,422631440.0,404720440.0,3.4879125651418645,1.7969308216953557,0.0,0.0,0.06437153707277594,3.4879125651418645,0.06437153707277594,5.462612966601179,17.03060283687943,4.38514432754363,0.0,0.0,0.0,0.5503681308909835,1.5447385514777525,0.04413302507558243,60.075542288557216,0.2692327577292938,0.04428973485409573,0.6756375764860629,0.20626805133116674,0.6539305714652922,0.02107843137254902,0.03624519792884583,0.03596169519152404,1.7404926938928438,0.14920700318789493,0.40379072812110445,Insurance Brokers,Financial Services,CRVL
2008Q3,2008,Q3,2008-02-08,2007-12-31,5987000.0,76679000.0,9816000.0,0.215,20400000.0,0.26604415811369475,130381000.0,91578000.0,60419000.0,32690000.0,38803000.0,0.0,174911000.0,317975260.0,306655260.0,3.3149207268515166,1.8482410523095747,0.0,0.0,0.06537596365939419,3.3149207268515166,0.06537596365939417,4.146836291553098,13.27773759812928,3.4721795627770864,0.0,0.0,0.0,0.5881148326826762,1.5837259100642398,0.0459192673779155,59.837271358675196,0.26604415811369475,0.07499999999999993,0.6617315811591196,0.22019053729871277,0.6435557519199815,0.09359922804760373,0.06303267045454546,0.06050129645635264,4.359470841780201,0.24029053347824955,0.3447958640692141,Insurance Brokers,Financial Services,CRVL
2008Q2,2008,Q2,2007-11-08,2007-09-30,5632000.0,73510000.0,9256000.0,0.2,18654000.0,0.253761393007754,124911000.0,88269000.0,57026000.0,30550000.0,36642000.0,0.0,168924000.0,326113720.0,316766720.0,3.17765857873137,1.866644844517185,0.0,0.0,0.06380495983867494,3.17765857873137,0.06380495983867496,4.436317779893892,14.475928622159092,3.6945441774575447,0.0,0.0,0.0,0.5884990112960428,1.5841243862520458,0.04508810272914315,52.48048278081751,0.253761393007754,0.025641025641025664,0.5983132951362689,0.2305801803034049,0.6254459238994192,0.026016170727682746,0.012767487861895343,0.016695957820738138,1.1003390326515845,0.1538398180092124,0.24532644741358317,Insurance Brokers,Financial Services,CRVL
2008Q1,2008,Q1,2007-08-09,2007-06-30,5561000.0,74337000.0,9104000.0,0.195,18181000.0,0.2445753796897911,120708000.0,85308000.0,57340000.0,29296000.0,35400000.0,0.0,163292000.0,365158600.0,358300600.0,3.054568891435119,1.9572637902785364,0.0,0.0,0.06518732123599194,3.054568891435119,0.06518732123599194,4.912205227544829,16.41604927171372,4.280473109204295,0.0,0.0,0.0,0.6158415349438314,1.6755529765155652,0.046069854524969346,92.51548011147707,0.2445753796897911,0.029871406959152892,0.6054075227587672,0.3041111785741469,0.5876446585391277,0.034186575654152444,0.05162632375189107,0.05017879801591879,0.8531917228042356,0.10810314080370688,0.22076622135986196,Insurance Brokers,Financial Services,CRVL
2007Q4,2007,Q4,2007-06-14,2007-03-31,5288000.0,70910000.0,8669000.0,0.18934402749928386,17580000.0,0.2479198984628402,113768000.0,79197000.0,64287000.0,29269000.0,34571000.0,0.0,157731000.0,422411000.0,407391000.0,2.8357562303065023,2.19641941986402,0.0,0.0,0.06677020594214428,2.8357562303065023,0.06677020594214428,5.957001833309829,19.970262859304086,5.3336742553379555,0.0,0.0,0.0,0.6232859855143802,1.9148928900884896,0.04648055692286056,128.6661590009138,0.2479198984628402,0.402548351846547,0.6046572891434221,0.35707871219047366,0.510530891974426,0.1318568117434973,0.38248366013071894,0.3828361780188228,0.9290486190604188,0.0501056887961256,0.15977322521076778,Insurance Brokers,Financial Services,CRVL
2007Q3,2007,Q3,2007-02-09,2006-12-31,3825000.0,66580000.0,6269000.0,0.135,15532000.0,0.23328326824872334,107816000.0,76122000.0,70647000.0,26294000.0,31694000.0,0.0,152443000.0,,,,,,,,,,,,,,,,,,,,,,,,,,,,,,,Insurance Brokers,Financial Services,CRVL
2007Q2,2007,Q2,2006-11-09,2006-09-30,4823000.0,67329000.0,7907000.0,0.17,16396000.0,0.24352062261432667,106770000.0,74653000.0,69372000.0,26566000.0,32117000.0,0.0,148618000.0,,,,,,,,,,,,,,,,,,,,,,,,,,,,,,,Insurance Brokers,Financial Services,CRVL
2007Q1,2007,Q1,2006-08-14,2006-06-30,4640000.0,69762000.0,7607000.0,0.163333,16327000.0,0.2340385883432241,106080000.0,73495000.0,67902000.0,26660000.0,32585000.0,0.0,143795000.0,,,,,,,,,,,,,,,,,,,,,,,,,,,,,,,Insurance Brokers,Financial Services,CRVL
