Quarters,Year,Quarter,FillingDate,Date,NetIncome,Revenue,OperatingIncome,EPSDiluted,GrossProfit,GrossProfitRatio,TotalAssets,CommonStockEquity,CurrentAssets,CurrentLiability,TotalLiability,Inventory,RetainedEarnings,MarketCap,EnterpriseValue,bookValuePerShare,currentRatio,debtToAssets,debtToEquity,roic,shareholdersEquityPerShare,roe,priceToSalesRatio,peRatio,pbRatio,payoutRatio,inventoryTurnover,dividendYield,assetTurnover,quickRatio,returnOnAssets,priceToFreeCashFlowsRatio,grossProfitMargin,epsdilutedGrowth,fiveYNetIncomeGrowthPerShare,fiveYRevenueGrowthPerShare,fiveYShareholdersEquityGrowthPerShare,grossProfitGrowth,netIncomeGrowth,operatingIncomeGrowth,threeYNetIncomeGrowthPerShare,threeYRevenueGrowthPerShare,threeYShareholdersEquityGrowthPerShare,Industry,Sector,Symbol
2023Q1,2023,Q1,2023-05-04,2023-03-31,15941000.0,45041000.0,29492000.0,0.67,45041000.0,1.0,4365549000.0,354880000.0,944234000.0,0.0,435135000.0,0.0,301534000.0,332786734.0,686543734.0,14.929441267932273,0.0,0.0996747488116615,1.2261468665464383,0.03000516627849237,14.929441267932273,0.044919409377817854,7.388528984702826,5.219037921083997,0.93774440374211,0.0,0.0,0.0,0.010317373599517494,0.0,0.003651545315377287,16.225584300341296,1.0,0.030769230769230795,0.9724167134623642,0.5757967703983985,-0.10440503710546487,616.0,0.0212697802549811,0.14434269750116405,2.99718209798631,0.5374473677499317,-0.17109088102881023,Banks—Regional,Financial Services,CARE
2022Q4,2022,Q4,2023-03-10,2022-12-31,15609000.0,73000.0,25772000.0,0.65,73000.0,1.0,4204519000.0,328627000.0,883142000.0,0.0,3875892000.0,0.0,285593000.0,396624545.73,548175545.73,13.745800628565652,0.0,0.047192080711253775,0.6037848381295511,0.040007463087031674,13.745800628565652,0.047497618880980565,5433.212955205479,6.352497689313858,1.206914056757357,0.0,0.0,0.0,1.7362271403696833e-05,0.0,0.0037124341690452584,18.539055143030758,1.0,0.10169491525423738,4.3433424857951435,-0.9971711191634159,-0.17397680663748308,-0.9982616564271086,0.0833564686285397,0.07298388775552687,3.7679513660128907,-0.9971464877473073,-0.23489215469350064,Banks—Regional,Financial Services,CARE
2022Q3,2022,Q3,2022-11-04,2022-09-30,14408000.0,41994000.0,24019000.0,0.59,41994000.0,1.0,4114310000.0,314816000.0,916919000.0,0.0,3799494000.0,0.0,269984000.0,390667707.50000006,354959707.50000006,12.974037788879697,0.0,0.007291623625832764,0.09529375889408416,0.05168792308698185,12.974037788879697,0.04576641593819882,9.302941074915466,6.778659555455303,1.2409398108736533,0.0,0.0,0.0,0.010206814751440703,0.0,0.0035019237733666156,20.30814095233145,1.0,0.34090909090909083,30.688760492188877,0.28878389437713897,-0.3677628050592279,0.1209160794362588,0.3367971794395992,0.4069236176194939,1.0571548767249228,0.4554476466395661,-0.2792768032442391,Banks—Regional,Financial Services,CARE
2022Q2,2022,Q2,2022-08-03,2022-06-30,10778000.0,37464000.0,17072000.0,0.44,37464000.0,1.0,4123280000.0,334142000.0,950228000.0,0.0,3789138000.0,0.0,255576000.0,323271986.4,253031986.39999998,13.643849716512275,0.0,0.0,0.0,0.0438082833956516,13.643849716512275,0.032255747556428106,8.628870019218448,7.49842239747634,0.967468879697853,0.0,0.0,0.0,0.009085970392503057,0.0,0.0026139384179585186,25.63819386152748,1.0,0.22222222222222227,8.334876301480486,0.4204779282362663,-0.2326410053016748,96.81723237597912,0.15606564410597448,0.12999735239608154,0.48069075616736195,0.28138830176415724,-0.22604345291846042,Banks—Regional,Financial Services,CARE
2022Q1,2022,Q1,2022-05-05,2022-03-31,9323000.0,383000.0,15108000.0,0.36,383000.0,1.0,4123226000.0,358556000.0,1090077000.0,0.0,3764670000.0,0.0,244798000.0,447114847.32000005,339078847.32000005,13.929570349388415,0.0,0.0,0.0,0.03687860700418586,13.929570349388415,0.026001517196755877,1167.4016901305483,11.989564714147807,1.2469874923861266,0.0,0.0,0.0,9.288843250406356e-05,0.0,0.002261093619413537,38.34275339336249,1.0,0.7142857142857143,0.5090919524924796,-0.9864361059272955,-0.17052348312984747,-0.9883568931448549,0.6618538324420677,0.27407657277787145,0.2628430994866952,-0.9872988656627866,-0.18568932587602235,Banks—Regional,Financial Services,CARE
2021Q4,2021,Q4,2022-03-11,2021-12-31,5610000.0,32895000.0,11858000.0,0.21,32895000.0,1.0,4133746000.0,407596000.0,1200199000.0,0.0,3726150000.0,0.0,235475000.0,406771843.41,135972843.41000003,15.421181533642473,0.0,0.0016933793222902423,0.017173868242082845,0.02300408626840981,15.421181533642473,0.013763628691154967,12.365765113543093,18.127087495989304,0.9979780061874994,0.0,0.0,0.0,0.00795767325810536,0.0,0.0013571225711497513,0.0,1.0,-0.5,2.4419785172582147,0.6938523605527843,-0.06838675014840107,-0.06035763254113345,-0.4978967152958024,0.0,0.6385054081109341,0.24079495073014337,-0.07047735388669969,Banks—Regional,Financial Services,CARE
2021Q3,2021,Q3,2021-11-04,2021-09-30,11173000.0,35008000.0,0.0,0.42,35008000.0,1.0,4134063000.0,405870000.0,0.0,0.0,3728193000.0,0.0,229865000.0,378285857.82,182489857.82,15.256905011622832,0.0,0.007256783459758596,0.07391529307413704,0.0,15.256905011622832,0.027528518983911104,10.805697492573126,8.464285729437035,0.9320370015522211,0.0,0.0,0.0,0.008468182511974297,0.0,0.002702668053196093,11.274950309081696,1.0,1.0,1.107847782924138,0.256846818490651,-0.08643660574552692,0.12475502008032129,1.0568851251840943,0.0,2.4482758614001057,0.17697971133526852,-0.07380368551433421,Banks—Regional,Financial Services,CARE
2021Q2,2021,Q2,2021-08-05,2021-06-30,5432000.0,31125000.0,0.0,0.21,31125000.0,1.0,4120513000.0,399108000.0,0.0,0.0,3721405000.0,0.0,218692000.0,323592004.17,136941004.17000002,15.429432790857826,0.0,0.007280646851496404,0.0751676238010764,0.0,15.429432790857826,0.0136103510829149,10.396530254457831,14.892857334775405,0.8107880678162301,0.0,0.0,0.0,0.007553671108427518,0.0,0.0013182824565776154,15.083061628134613,1.0,-0.4166666666666667,-0.12223340672689795,0.2739646772740924,-0.07058255468351773,-0.10139446256892919,-0.42058666666666666,0.0,-0.22222223116473466,-0.037408584398970345,-0.060415177873483314,Banks—Regional,Financial Services,CARE
2021Q1,2021,Q1,2021-05-07,2021-03-31,9375000.0,34637000.0,0.0,0.36,34637000.0,1.0,4142130000.0,387889000.0,0.0,0.0,3754241000.0,0.0,213260000.0,363541671.32,174387671.32,14.8949374093448,0.0,0.00724265052038444,0.077341713737693,0.0,14.8949374093448,0.02416928554302906,10.495760929641712,9.694444568533333,0.9372311958317974,0.0,0.0,0.0,0.008362122869151861,0.0,0.0022633282876201376,-287.3847204110672,1.0,2.272727272727273,0.1347891763510491,0.22735611157393235,-0.09518798804280144,0.0964198664176506,2.186607749830048,0.0,0.05882351346031079,0.10611845959468934,-0.10647487223169563,Banks—Regional,Financial Services,CARE
2020Q4,2020,Q4,2021-03-12,2020-12-31,2942000.0,31591000.0,0.0,0.11,31591000.0,1.0,4179179000.0,440174000.0,0.0,0.0,3739005000.0,0.0,254611000.0,282859742.40000004,75917742.40000004,16.68199666719346,0.0,0.00837485065846665,0.07951401036862696,0.0,16.68199666719346,0.006683720528700014,8.953807806020704,24.036347926580557,0.64260892828745,0.0,0.0,0.0,0.007559140204331999,0.0,0.0007039660182059682,16.479826520624567,1.0,1.0502283105022832,-0.7618221055532417,0.06907643188454556,0.026920427641284914,-0.0031240138845061534,1.051007316481154,0.0,1.570959496105407,0.10920549547454032,0.002467337556305934,Banks—Regional,Financial Services,CARE
2020Q3,2020,Q3,2020-09-30,2020-09-30,-57678000.0,31690000.0,0.0,-2.19,31690000.0,1.0,4134125000.0,434807000.0,0.0,0.0,3699318000.0,0.0,251669000.0,175461506.85000002,59287506.850000024,16.47920733105228,0.0,0.00846612040032655,0.08049548420333619,0.0,16.47920733105228,-0.13265195822514356,5.536809935310824,-0.760521805757828,0.40353882722679263,0.0,0.0,0.0,0.007665467299609954,0.0,-0.013951682641429566,-8.09996800156957,1.0,-13.88235294117647,-7.054154889128034,0.10118901737359856,0.03796059212971204,-0.015073815073815075,-13.946801346801347,0.0,-108.29995612311134,-0.10559025163202843,-0.1969525611554769,Banks—Regional,Financial Services,CARE
2020Q2,2020,Q2,2020-06-30,2020-06-30,4455000.0,32175000.0,0.0,0.17,32175000.0,1.0,4151733000.0,489059000.0,3251019000.0,0.0,3662674000.0,0.0,309347000.0,212926602.99,58668602.99000001,18.53552385929604,0.0,0.008430214563412435,0.0715660073733435,0.0,18.53552385929604,0.009109330367092723,6.617765438694639,11.948743153198652,0.43538019541609496,0.0,0.0,0.0,0.007749775816508432,0.0,0.0010730458822857827,18.332036417563497,1.0,0.0,-0.5038026371094724,0.09026155104114378,0.1869983086655098,-0.009725770213289834,0.007234908433190143,0.0,3.814103543975782,0.13233948256211556,0.04247710509905135,Banks—Regional,Financial Services,CARE
2020Q1,2020,Q1,2020-03-31,2020-03-31,4423000.0,32491000.0,0.0,0.17,32491000.0,1.0,4001863000.0,474821000.0,3120712000.0,0.0,3527042000.0,0.0,304892000.0,242011477.07999998,213610477.07999998,18.01095068957876,0.0,0.008745926584693179,0.0737119883071726,0.0,18.01095068957876,0.00931508926521784,7.4485696679080355,13.679147472303866,0.509689919106358,0.8340492878137011,0.0,0.015243078735396313,0.008118968590379031,0.0,0.0011052352366885123,-25.38670692122102,1.0,0.24147751802551315,-0.4786556871696518,0.10166515401441117,0.171426756208512,0.15302175378828206,0.22656683305601774,0.0,-0.30095851421509956,0.12350416258760355,0.07251410264551304,Banks—Regional,Financial Services,CARE
2019Q4,2019,Q4,2019-12-31,2019-12-31,3606000.0,28179000.0,0.0,0.13693361138780316,28179000.0,1.0,4006108000.0,473111000.0,3115357000.0,0.0,3532997000.0,0.0,304158000.0,624640795.88,508828795.88,17.96583411461313,0.0,0.002496188320434696,0.0211366888531444,0.0,17.96583411461313,0.007621890000443871,22.166890091202667,43.30565695230172,1.320283814749604,0.0,0.0,0.0,0.00703400906815293,0.0,0.0009001255083487514,81.51387131410675,1.0,-0.5278151331455063,-0.6259290427915299,-0.052233173629060346,0.18559862261596857,-0.10008622616804522,-0.5255887383239047,0.0,1.9302897906048677,0.4563569861915138,0.08533895858083088,Banks—Regional,Financial Services,CARE
2019Q3,2019,Q3,2019-09-30,2019-09-30,7601000.0,31313000.0,0.0,0.29,31313000.0,1.0,4020076000.0,474048000.0,3140366000.0,0.0,3546028000.0,0.0,300552000.0,497447918.81,371282918.81,18.0014155882322,0.0,0.0,0.0,0.0,18.0014155882322,0.016034241258269206,15.886306607798678,16.361265583804762,1.0493619186453693,0.0,0.0,0.0,0.007789156224907191,0.0,0.0018907602741838711,170.70964955730955,1.0,-0.03333333333333337,-0.03464336497761389,0.11984615270212481,0.20917675815658798,-0.003976079903301737,-0.028874409096716493,0.0,0.4485884827142112,0.13565018671981743,0.07790107585008403,Banks—Regional,Financial Services,CARE
2019Q2,2019,Q2,2019-06-30,2019-06-30,7827000.0,31438000.0,0.0,0.3,31438000.0,1.0,4062908000.0,464233000.0,3114868000.0,0.0,3598675000.0,0.0,292951000.0,518251722.71999997,379236722.71999997,17.62870250010927,0.0,0.0,0.0,0.0,17.62870250010927,0.016860068112348754,16.48488207646797,16.553332142583365,1.11636122964115,0.0,0.0,0.0,0.007737807501425087,0.0,0.0019264526787217432,150.61078835222318,1.0,0.03448275862068969,-0.07771670274641676,0.08377364938128343,0.20018631148970317,0.020648009869488993,0.03792600450868585,0.0,0.24233703619226707,0.26394375366736167,0.06189409967188572,Banks—Regional,Financial Services,CARE
2019Q1,2019,Q1,2019-03-31,2019-03-31,7541000.0,30802000.0,0.0,0.29,30802000.0,1.0,4082663000.0,449769000.0,3138517000.0,0.0,3632894000.0,0.0,285124000.0,499569052.0,312002052.0,17.105965563295143,0.0,0.0,0.0,0.0,17.105965563295143,0.01676638452183232,16.21872125186676,16.561764089643283,1.1107236203473339,0.0,0.0,0.0,0.007544585482563709,0.0,0.0018470787326801158,31.5883055327221,1.0,1.2386968056371108,-0.0005491311575181901,0.1198700850081252,0.1824906815794671,0.16793690516816442,1.214034057545508,0.0,-0.09593489835196874,0.08102588279751104,0.039123743352236444,Banks—Regional,Financial Services,CARE
2018Q4,2018,Q4,2018-12-31,2018-12-31,3406000.0,26373000.0,0.0,0.12953964970592294,26373000.0,1.0,4039599000.0,436214000.0,3112274000.0,0.0,3603385000.0,0.0,277835000.0,391599480.8516792,98036480.8516792,16.590431226312234,0.0,0.0,0.0,0.0,16.590431226312234,0.00780809419230011,14.848499634159149,28.743355905143805,0.8977233212406737,0.0,0.0,0.0,0.006528618310876896,0.0,0.0008431529961265957,40.33781220145027,1.0,1.4466884472618033,-0.46417436011313096,-0.025798202418553604,0.16186873535405563,-0.09146341463414634,1.4523841147562757,0.0,-0.7232817147736866,-0.10434790186987683,0.021283786921182747,Banks—Regional,Financial Services,CARE
2018Q3,2018,Q3,2018-09-30,2018-09-30,-7529000.0,29028000.0,0.0,-0.29,29028000.0,1.0,4028188000.0,427664000.0,3101299000.0,0.0,3600524000.0,0.0,274429000.0,500092052.51017797,325056052.51017797,16.472647076009235,0.0,0.0,0.0,0.0,16.472647076009235,-0.01760494219761308,17.227919681348283,-16.605527045762315,1.1693573752061852,0.0,0.0,0.0,0.007206217783281218,0.0,-0.0018690786030840666,45.516706335685626,1.0,-2.074074074074074,-2.157432843879937,0.11995922288214216,0.16518683231873527,-0.12907290729072907,-2.0458396999583277,0.0,-1.8031590211882826,0.02512696213668329,0.03754738741226366,Banks—Regional,Financial Services,CARE
2018Q2,2018,Q2,2018-06-30,2018-06-30,7199000.0,33330000.0,0.0,0.27,33330000.0,1.0,4089511000.0,437847000.0,3084528000.0,0.0,3651664000.0,0.0,281958000.0,475470596.9311583,286847596.9311583,16.42154324708773,0.0,0.0,0.0,0.0,16.42154324708773,0.016441816433594384,14.265544462380987,16.51168901691757,1.0859286392990206,0.0,0.0,0.0,0.008150118681671231,0.0,0.0017603571673972757,183.9344668979336,1.0,-0.2058823529411765,0.16566844132719047,0.3034499960546438,0.1740777208393854,0.06741393114491594,-0.18461886963416016,0.0,-0.20653660210946034,0.1176232694558221,0.05162088797370304,Banks—Regional,Financial Services,CARE
2018Q1,2018,Q1,2018-03-31,2018-03-31,8829000.0,31225000.0,0.0,0.34,31225000.0,1.0,4112793000.0,432877000.0,3020044000.0,0.0,3679916000.0,0.0,274759000.0,439608321.90820664,227331321.90820664,16.669858458873843,0.0,0.0,0.0,0.0,16.669858458873843,0.020396094040570415,14.078729284490205,12.447851452831765,1.0155501953400312,0.0,0.0,0.0,0.007592164254315741,0.0,0.00214671635552774,39.0797690379773,1.0,2.741076706763952,0.2632855186392307,0.16957511652589408,0.20315322581310782,0.11402476006992758,2.7410767107079472,0.0,0.056525297067863044,0.07485446283346506,0.08420252531324439,Banks—Regional,Financial Services,CARE
2017Q4,2017,Q4,2017-12-31,2017-12-31,-5071000.0,28029000.0,0.0,-0.19528145927122315,28029000.0,1.0,4112292000.0,432126000.0,3028056000.0,0.0,3680166000.0,0.0,265930000.0,452500061.5533572,183887061.55335718,16.640937856248584,0.0,0.0,0.0,0.0,16.640937856248584,-0.011735003216654402,16.143995916848876,-22.308226264708992,1.047148427896857,0.0,0.0,0.0,0.006815907041620585,0.0,-0.001233132277571729,42.1439938114331,1.0,-8.764072963561157,-1.817807637204946,0.01928158344965719,0.21590857471874672,-0.026905985279822246,-10.820512820512821,1.0,-1.53346378332033,-0.043980850387871265,0.0981662680141638,Banks—Regional,Financial Services,CARE
2017Q3,2017,Q3,2017-09-30,2017-09-30,-429000.0,28804000.0,-4995000.0,-0.02,28804000.0,1.0,4189578000.0,440172000.0,3152399000.0,0.0,3749406000.0,0.0,270604000.0,363128723.40459,-56669276.59540999,20.52083916083916,0.0,0.0,0.0,-0.0009746190125678141,20.52083916083916,-0.0009746190125678144,12.60688527303812,-211.61347517750002,0.8249700648941551,0.0,0.0,0.0,0.006875155445250095,0.0,-0.00010239694785489135,28.453904043613072,1.0,0.6666666666666666,-1.062922983465133,0.24426819678733297,0.5148475968646478,0.08212487790217146,0.7107215104517869,0.0,-1.066890233091326,0.26466310966462625,0.378409472829298,Banks—Regional,Financial Services,CARE
2017Q2,2017,Q2,2017-06-30,2017-06-30,-1483000.0,26618000.0,0.0,-0.06,26618000.0,1.0,4306579000.0,439469000.0,3328765000.0,0.0,3867110000.0,0.0,271033000.0,380391258.08545697,-224171741.91454303,17.780269483745524,0.0,0.0,0.0,0.0,17.780269483745524,-0.0033745269859762578,14.290752802068411,-64.1252963731384,0.8655701723795238,0.0,0.0,0.0,0.006180775970904052,0.0,-0.000344356854942171,185.28556165877106,1.0,-1.25,-1.2083398094092823,0.031541344157215594,0.33391447605652386,-0.07589223718927926,-1.2353221199619169,0.0,-1.1861812383305357,-0.02234674085943315,0.2105052001902691,Banks—Regional,Financial Services,CARE
2017Q1,2017,Q1,2017-03-31,2017-03-31,6302000.0,28804000.0,0.0,0.24,28804000.0,1.0,4440004000.0,440952000.0,3446646000.0,0.0,3999052000.0,0.0,414694000.0,440608954.08585125,-245127045.91414875,16.793206397148637,0.0,0.0,0.0,0.0,16.793206397148637,0.014291805003719226,15.296797461666825,17.478933437236247,0.999222033431873,0.0,0.0,0.0,0.006487381542899511,0.0,0.0014193680906593779,29.04092763550298,1.0,2.6304948615782666,-0.22854694577059614,0.025345294033888608,0.2777513764126341,0.49297672731042347,2.6305304010349286,0.0,-0.16363636363636364,0.04863841561089273,0.16087045802772706,Banks—Regional,Financial Services,CARE
2016Q4,2016,Q4,2016-12-31,2016-12-31,-3865000.0,19293000.0,0.0,-0.1471945761102784,19293000.0,1.0,4505529000.0,434650000.0,3469434000.0,0.0,4070879000.0,0.0,408392000.0,346490710.0480935,-348286289.9519065,16.55320116593338,0.0,0.0,0.0,0.0,16.55320116593338,-0.008892212124698033,17.959400303119967,-22.412076975943954,0.7971717705006176,-0.000258732212160414,0.0,2.8860802642044816e-06,0.004282072094087065,0.0,-0.0008578348957469811,19.559170761958423,1.0,-1.7359728805513919,-1.6164274322169057,-0.30615694454434295,0.2094978907180465,-0.298257738333394,-1.738723241590214,0.0,-1.6088531821045997,-0.2863695209913076,0.15926142258566123,Banks—Regional,Financial Services,CARE
2016Q3,2016,Q3,2016-09-30,2016-09-30,5232000.0,27493000.0,0.0,0.2,27493000.0,1.0,4743943000.0,438516000.0,3664527000.0,0.0,4305427000.0,0.0,412258000.0,342840695.04380095,-607841304.956199,16.700433826021953,0.0,0.0,0.0,0.0,16.700433826021953,0.011931149604575432,12.470108574684499,16.381913945135747,0.7818202643547805,0.5019113149847095,0.0,0.007659534115879987,0.005795390037359218,0.0,0.0011028800303882235,-110.1319290214587,1.0,-0.1666666666666666,-0.37311286843997127,-0.029818618109958377,0.2328254146752883,0.10854401032216443,-0.16714422158548234,0.0,-0.20474236206110352,0.048790722514686816,0.18129924706706363,Banks—Regional,Financial Services,CARE
2016Q2,2016,Q2,2016-06-30,2016-06-30,6282000.0,24801000.0,0.0,0.24,24801000.0,1.0,4905368000.0,435910000.0,3756030000.0,0.0,4469458000.0,0.0,409652000.0,327218221.8585955,-687929778.1414045,16.601186978585112,0.0,0.0,0.0,0.0,16.601186978585112,0.014411231676263448,13.193751133365408,13.022055947890621,0.7506554606652647,0.4178605539637058,0.0,0.008022169380085351,0.005055889792570099,0.0,0.0012806378644782614,55.35750665853417,1.0,-0.25000000000000006,-0.16926738957947635,-0.0952832597672637,0.24545714285714282,-0.12841328413284134,-0.24585834333733494,0.0,0.03288391976323582,-0.015129854658089038,0.1869215625944491,Banks—Regional,Financial Services,CARE
2016Q1,2016,Q1,2016-03-31,2016-03-31,8330000.0,28455000.0,0.0,0.32,28455000.0,1.0,4923913000.0,432253000.0,3456619000.0,0.0,4491660000.0,0.0,405995000.0,350379640.6806199,-435765359.3193801,16.4619138699602,0.0,0.0,0.0,0.0,16.4619138699602,0.01927112131089894,12.313464792852571,10.515595458602037,0.8105892629562313,0.31524609843937573,0.0,0.007494727704209466,0.005778940448379165,0.0,0.0016917439442979598,33.129693710346054,1.0,-0.3164266579889359,0.019708654670094267,0.012921828278513563,0.2525441900898291,-0.03234033870638645,-0.3223234624145786,0.0,0.1787179850007076,0.054045043710179326,0.18814474787317373,Banks—Regional,Financial Services,CARE
2015Q4,2015,Q4,2015-12-31,2015-12-31,12292000.0,29406000.0,0.0,0.46812826120246886,29406000.0,1.0,4893968000.0,426549000.0,3313280000.0,0.0,4467419000.0,0.0,400291000.0,343981305.2884421,-269197694.7115579,16.244682857765365,0.0,0.0,0.0,0.0,16.244682857765365,0.028817322277159246,11.697657120602669,6.996040214945535,0.8064285821522079,0.21355353075170844,0.0,0.0076312286733106974,0.006008621225149,0.0,0.0025116633373982013,23.19183557769971,1.0,0.30035628111796914,0.9604465709728869,0.057541537797597714,0.18695528767489225,0.026781661370857923,0.29648771226663856,0.0,0.9604465709728869,0.057541537797597714,0.18695528767489225,Banks—Regional,Financial Services,CARE
2015Q3,2015,Q3,2015-09-30,2015-09-30,9481000.0,28639000.0,0.0,0.36,28639000.0,1.0,4908264000.0,416882000.0,3298110000.0,0.0,4491382000.0,0.0,390624000.0,318501208.60099286,-377744791.39900714,15.876525039587344,0.0,0.0,0.0,0.0,15.876525039587344,0.022742646600236997,11.121240567093574,8.398407567793294,0.7640080612763152,0.27697500263685265,0.0,0.008244866672671753,0.005834853218979256,0.0,0.0019316401888732962,47.403067212530566,1.0,0.058823529411764594,0.13599329019889764,0.010621779942127214,0.17200449817261748,-0.024856140828765024,0.06110800223838836,0.0,0.13599329019889764,0.010621779942127214,0.17200449817261748,Banks—Regional,Financial Services,CARE
2015Q2,2015,Q2,2015-06-30,2015-06-30,8935000.0,29369000.0,0.0,0.34,29369000.0,1.0,4796721000.0,410027000.0,3038724000.0,0.0,4386694000.0,0.0,383769000.0,330847788.59999996,-160713211.40000004,15.615459368374935,0.0,0.0,0.0,0.0,15.615459368374935,0.02179124789343141,11.265204419626135,9.25707298824846,0.8068926890180402,0.2940123111359821,0.0,0.007940207220717086,0.006122724252671773,0.0,0.0018627308113188155,35.18908621569879,1.0,0.06250000000000006,0.18156572335361018,0.07135300769707796,0.17150571428571432,-0.00020425531914893618,0.05739644970414201,0.0,0.18156572335361018,0.07135300769707796,0.17150571428571432,Banks—Regional,Financial Services,CARE
2015Q1,2015,Q1,2015-03-31,2015-03-31,8450000.0,29375000.0,0.0,0.32,29375000.0,1.0,4701173000.0,403719000.0,2788487000.0,0.0,4297454000.0,0.0,377461000.0,327497473.0654315,-45486526.934568524,15.375225633289906,0.0,0.0,0.0,0.0,15.375225633289906,0.02093039960962947,11.148850146908305,9.689274351048267,0.811201536379094,0.3106508875739645,0.0,0.008015329020494595,0.0062484405487736785,0.0,0.0017974237493493645,36.90528206732381,1.0,-0.12583400749063667,0.03439833516954342,0.045671365513313494,0.16986090988119393,-0.009141199487283275,-0.12089055347482314,0.0,0.03439833516954342,0.045671365513313494,0.16986090988119393,Banks—Regional,Financial Services,CARE
2014Q4,2014,Q4,2014-12-31,2014-12-31,9612000.0,29646000.0,0.0,0.36606319937179715,29646000.0,1.0,4629941000.0,397894000.0,2638032000.0,0.0,4232047000.0,0.0,371636000.0,313507354.28444326,71116354.28444326,15.153386459721375,0.0,0.0,0.0,0.0,15.153386459721375,0.024157187592675437,10.575030502747191,8.154061441022765,0.7879167674919533,0.2732001664585934,0.0,0.00837619904003096,0.0064031053527463955,0.0,0.0020760523730216003,23.264125429240373,1.0,0.22021066457265723,0.5330143540669857,0.06617276846723727,0.10721719482196326,0.0633047595136473,0.2243026366068017,0.0,0.5330143540669857,0.06617276846723727,0.10721719482196326,Banks—Regional,Financial Services,CARE
2014Q3,2014,Q3,2014-09-30,2014-09-30,7851000.0,27881000.0,0.0,0.3,27881000.0,1.0,4678837000.0,390908000.0,2657782000.0,0.0,4287929000.0,0.0,364650000.0,288821735.8357328,-32326264.164267182,14.887331787352318,0.0,0.0,0.0,0.0,14.887331787352318,0.0200840095367708,10.359088118637525,9.196972864467355,0.7388483628775385,0.3343523118074131,0.0,0.009088651144638806,0.005958959459369925,0.0,0.0016779810880353386,41.84003126694666,1.0,-0.06250000000000006,-0.059309849029475246,-0.01612675559319647,0.0989822884453191,-0.036060019361084224,-0.0722051524462302,0.0,-0.059309849029475246,-0.01612675559319647,0.0989822884453191,Banks—Regional,Financial Services,CARE
2014Q2,2014,Q2,2014-06-30,2014-06-30,8462000.0,28924000.0,0.0,0.32,28924000.0,1.0,4653337000.0,385682000.0,2606152000.0,0.0,4267655000.0,0.0,359424000.0,286353173.99138695,-40478826.00861305,14.688304916782508,0.0,0.0,0.0,0.0,14.688304916782508,0.02194035500749322,9.900192711636944,8.459973233023723,0.7424592643457225,0.31032852753486173,0.0,0.009170493776608132,0.006215754414520161,0.0,0.001818479942458498,35.395942396957594,1.0,0.11512634032958946,0.11901613329806934,0.05511983365556471,0.10194857142857139,0.053007135575942915,0.12302587923025879,0.0,0.11901613329806934,0.05511983365556471,0.10194857142857139,Banks—Regional,Financial Services,CARE
2014Q1,2014,Q1,2014-03-31,2014-03-31,7535000.0,27468000.0,0.0,0.286963,27468000.0,1.0,4626690000.0,379846000.0,2551737000.0,0.0,4246844000.0,0.0,353588000.0,272924330.8112409,-72541669.18875909,14.466046819452732,0.0,0.0,0.0,0.0,14.466046819452732,0.019836986568240813,9.936083108025372,9.055220000372957,0.7185131100794556,0.34850696748506965,0.0,0.009621714532355805,0.00593685766714433,0.0,0.0016285940921047229,19.101646893283938,1.0,0.18698895240122881,-0.07761047863875627,-0.022212729602733964,0.1006838597507969,0.01601627519881635,0.1869880277252678,0.0,-0.07761047863875627,-0.022212729602733964,0.1006838597507969,Banks—Regional,Financial Services,CARE
2013Q4,2013,Q4,2013-12-31,2013-12-31,6348000.0,27035000.0,0.0,0.24175709421682984,27035000.0,1.0,4661811000.0,374937000.0,2567657000.0,0.0,4286874000.0,0.0,348679000.0,264465988.32126877,-214161011.67873123,14.279092570002446,0.0,0.0,0.0,0.0,14.279092570002446,0.01693084438185615,9.78235577293393,10.415327202318398,0.7053611361942641,0.4136735979836169,0.0,0.009929443164578047,0.005799248403678313,0.0,0.0013617025658054348,23.313292341437656,1.0,-0.03297162313268065,0.012440191387559859,-0.027727828526217354,0.04333489164190069,0.031319142442969405,-0.03511171910624715,0.0,0.012440191387559859,-0.027727828526217354,0.04333489164190069,Banks—Regional,Financial Services,CARE
2013Q3,2013,Q3,2013-09-30,2013-09-30,6579000.0,26214000.0,0.0,0.25,26214000.0,1.0,4629304000.0,371215000.0,2511826000.0,0.0,4258089000.0,0.0,344957000.0,264498044.8041956,-204108955.1958044,14.137344002788357,0.0,0.0,0.0,0.0,14.137344002788357,0.01772288296539741,10.08995364325153,10.050845295797068,0.7125198195229061,0.3989968080255358,0.0,0.009924458995314134,0.005662622286201123,0.0,0.0014211639589882194,33.195035743498444,1.0,0.08695652173913039,-0.21171818835370237,-0.074952360787635,0.04361821759910042,0.04098165356206814,0.08171654061164091,0.0,-0.21171818835370237,-0.074952360787635,0.04361821759910042,Banks—Regional,Financial Services,CARE
2013Q2,2013,Q2,2013-06-30,2013-06-30,6082000.0,25182000.0,0.0,0.23,25182000.0,1.0,4630487000.0,367261000.0,2499466000.0,0.0,4263226000.0,0.0,341003000.0,240907678.64706227,-227116321.35293773,13.986759952609821,0.0,0.0,0.0,0.0,13.986759952609821,0.016560429776099287,9.566661847631732,9.902485968721733,0.6559576939752989,0.4317658664912858,0.0,0.010900441259272507,0.005438304869444618,0.0,0.0013134687560941215,16.22492447784633,1.0,-0.14814814814814817,-0.19571541920126956,-0.08138474446430533,0.0493171428571429,-0.06719514002074381,-0.13938021791424932,0.0,-0.19571541920126956,-0.08138474446430533,0.0493171428571429,Banks—Regional,Financial Services,CARE
2013Q1,2013,Q1,2013-03-31,2013-03-31,7067000.0,26996000.0,0.0,0.27,26996000.0,1.0,4624493000.0,363805000.0,2599470000.0,0.0,4260688000.0,0.0,337547000.0,221742701.9882211,-348760298.0117789,13.855141723622209,0.0,0.0,0.0,0.0,13.855141723622209,0.019425241544233862,8.213909541718074,7.844301046703733,0.609509770311626,0.3715862459317957,0.0,0.011842554349948761,0.005837612901565642,0.0,0.001528167520201674,146.4614940477022,1.0,0.13071698086124414,-0.13490023258660797,-0.03901466609710943,0.05420168067226903,-0.029130403510033806,0.12711323763955343,0.0,-0.13490023258660797,-0.03901466609710943,0.05420168067226903,Banks—Regional,Financial Services,CARE
2012Q4,2012,Q4,2012-12-31,2012-12-31,6270000.0,27806000.0,0.0,0.23878654390981774,27806000.0,1.0,4442296000.0,359364000.0,2497992000.0,0.0,4082932000.0,0.0,333106000.0,206469183.55761227,-302390816.4423877,13.686010776013994,0.0,0.0,0.0,0.0,13.686010776013994,0.017447490566667778,7.42534645607467,8.232423586826645,0.5745405314878849,0.4189792663476874,0.0,0.012723448384571994,0.006259375782253141,0.0,0.0014114322863672299,16.551962767164685,1.0,-0.25379205028181956,0.0,0.0,0.0,-0.018773378502364317,-0.24874191229331416,0.0,0.0,0.0,0.0,Banks—Regional,Financial Services,CARE
2012Q3,2012,Q3,2012-09-30,2012-09-30,8346000.0,28338000.0,0.0,0.32,28338000.0,1.0,4307500000.0,355700000.0,4181700000.0,0.0,3951800000.0,0.0,187300000.0,206507639.35623324,206507639.35623324,13.546471079541016,0.0,0.0,0.0,0.0,13.546471079541016,0.02346359291537813,7.287304656511865,6.185826724066417,0.5805668803942459,0.3145219266714594,0.0,0.012711394155602055,0.006578757980266976,0.0,0.0019375507835171213,21.74222355824734,1.0,0.10344827586206906,1.2159013026372927,0.2889024231171693,0.15910196932166026,0.0337431145806734,0.10367627611742924,0.0,0.0,0.0,0.0,Banks—Regional,Financial Services,CARE
2012Q2,2012,Q2,2012-06-30,2012-06-30,7562000.0,27413000.0,0.0,0.29,27413000.0,1.0,4297100000.0,350000000.0,4168800000.0,0.0,3947100000.0,0.0,181600000.0,222928390.89000002,222928390.89000002,13.329392403259364,0.0,0.0,0.0,0.0,13.329392403259364,0.021605714285714287,8.132214310363697,7.37002085724676,0.6369382596857143,0.3472626289341444,0.0,0.01177956737370321,0.006379418677712876,0.0,0.0017597914872821206,14.622090442739081,1.0,-0.06451612903225812,1.114471687716537,0.30689011191423626,0.14478274788376144,-0.02417058237220561,-0.07430530052638022,0.0,0.0,0.0,0.0,Banks—Regional,Financial Services,CARE
2012Q1,2012,Q1,2012-03-31,2012-03-31,8169000.0,28092000.0,0.0,0.31,28092000.0,1.0,4273100000.0,345100000.0,4141400000.0,0.0,3928100000.0,0.0,176600000.0,230280563.97,230280563.97,13.142780909613732,0.0,0.0,0.0,0.0,13.142780909613732,0.023671399594320488,8.19737163498505,7.047391479067205,0.6672864791944364,0.32145917492961196,0.0,0.01140348084409809,0.006574149914581919,0.0,0.0019117268493599494,30.691798476609357,1.0,0.0,1.262274714165747,0.32283386698636374,0.13227604025136824,0.0,0.0,0.0,0.0,0.0,0.0,Banks—Regional,Financial Services,CARE
2007Q3,2007,Q3,2007-09-30,2007-09-30,3586000.0,20933000.0,0.0,0.0143,20933000.0,1.0,2568800000.0,292176000.0,1815368000.0,0.0,2276624000.0,0.0,135394000.0,240000000.0,90118000.0,11.68704,0.0,0.002051541575833074,0.018037073544712776,0.0,11.68704,0.012273424237445924,11.465150718960492,16.731734523145565,0.821422704123542,,0.0,,0.008148941139831828,0.0,0.0013959825599501713,0.0,1.0,-0.895007342143906,0.0,0.0,0.0,0.048169846277101795,0.05315712187958884,-1.0,0.0,0.0,0.0,Banks—Regional,Financial Services,CARE
2007Q2,2007,Q2,2007-06-30,2007-06-30,3405000.0,19971000.0,4280000.0,0.1362,19971000.0,1.0,2647618000.0,291090000.0,1852592000.0,0.0,2356528000.0,0.0,134308000.0,301500000.0,115764000.0,11.6436,0.0,0.001149712685138113,0.010457246899584322,0.011576356354586684,11.6436,0.01169741317118417,15.096890491212259,22.136563876651984,1.0357621354220345,0.0,0.0,0.0,0.007543006581765194,0.0,0.0012860616599524553,0.0,1.0,0.04769230769230756,0.0,0.0,0.0,-0.012265690686977596,-0.009598603839441536,0.0,0.0,0.0,0.0,Banks—Regional,Financial Services,CARE
2007Q1,2007,Q1,2007-03-31,2007-03-31,3438000.0,20219000.0,0.0,0.13,20219000.0,1.0,2663488000.0,290185000.0,2061609000.0,0.0,2373303000.0,0.0,133403000.0,341250000.0,275856000.0,11.6074,0.0,0.0007719201287935219,0.007085135344693902,0.0,11.6074,0.011847614452849044,16.87768930214155,24.81457242582897,1.1759739476540827,,0.0,,0.007591173679025398,0.0,0.0012907886200350818,0.0,1.0,0.0,0.0,0.0,0.0,0.0,0.0,0.0,0.0,0.0,0.0,Banks—Regional,Financial Services,CARE
