Quarters,Year,Quarter,FillingDate,Date,NetIncome,Revenue,OperatingIncome,EPSDiluted,GrossProfit,GrossProfitRatio,TotalAssets,CommonStockEquity,CurrentAssets,CurrentLiability,TotalLiability,Inventory,RetainedEarnings,MarketCap,EnterpriseValue,bookValuePerShare,currentRatio,debtToAssets,debtToEquity,roic,shareholdersEquityPerShare,roe,priceToSalesRatio,peRatio,pbRatio,payoutRatio,inventoryTurnover,dividendYield,assetTurnover,quickRatio,returnOnAssets,priceToFreeCashFlowsRatio,grossProfitMargin,epsdilutedGrowth,fiveYNetIncomeGrowthPerShare,fiveYRevenueGrowthPerShare,fiveYShareholdersEquityGrowthPerShare,grossProfitGrowth,netIncomeGrowth,operatingIncomeGrowth,threeYNetIncomeGrowthPerShare,threeYRevenueGrowthPerShare,threeYShareholdersEquityGrowthPerShare,Industry,Sector,Symbol
2023Q2,2023,Q2,2023-05-11,2023-04-02,42830000.0,1158226000.0,109906000.0,0.8,170846000.0,0.1475066179,3985036000.0,1355599000.0,1468768000.0,1172976000.0,2629368000.0,0.0,1525809000.0,7783916480.000001,8857109480.0,25.46825859056494,1.2521722524587033,0.32736994094909055,0.9623649766634529,0.023602015327412094,25.46825859056494,0.03159488904904769,6.72055063519555,45.43495493812748,5.742049440874477,0.2858276908708849,0.0,0.0015727301328906343,0.29064379845000143,1.1444982676542401,0.010747707172532444,94.19750320691242,0.14750661787941213,-0.6330275229357798,0.5642610627261865,0.7352176160286892,0.5128759953829247,0.11484802213434608,-0.6330094425308039,-0.332847716691251,0.20928839014582717,0.621309625374817,0.46624202369131895,Engineering & Construction,Industrials,TTEK
2023Q1,2023,Q1,2023-02-03,2023-01-01,116706000.0,894766000.0,164739000.0,2.18,153246000.0,0.1712693598,2731480000.0,1323908000.0,1234807000.0,870615000.0,1407513000.0,0.0,1495221000.0,7705088110.0,7991159110.0,24.946918163146094,1.4183157882646176,0.16491718775169506,0.34025627158382604,0.06283971720233865,24.946918163146094,0.08815265109055916,8.611288437423863,16.505338435898754,5.819957361085513,0.10441622538686957,0.0,0.0015815523230921238,0.32757552682062474,1.1959040448418647,0.042726287580359366,381.53444466452095,0.1712693598102744,0.40645161290322585,1.6683059392127741,0.23953983433698978,0.47146236361829386,-0.017874194892171628,0.4069948280227133,0.7377165038712263,1.5361427441593158,0.15330788686383395,0.3258482248346721,Engineering & Construction,Industrials,TTEK
2022Q4,2022,Q4,2022-11-25,2022-10-02,82947000.0,902562000.0,94802000.0,1.55,156035000.0,0.1728800902,2622776000.0,1183087000.0,1158216000.0,916017000.0,1439639000.0,0.0,1390701000.0,6819951360.0,7097761360.0,22.260235568600887,1.2644044815762152,0.17649391331932274,0.3912679287322065,0.03792425520680477,22.260235568600887,0.07011065120316595,7.556213711634214,20.555147744945565,5.764539175901688,0.14739532472542707,0.0,0.0017926814070415892,0.3441246984111491,1.1384242868855055,0.03162565159967912,117.5225544967345,0.17288009023202838,0.4220183486238531,1.5510072812012958,0.3013452865809188,0.35073843421674195,0.07919963481436397,0.41427109974424553,0.12987307073475954,6.3947808058917825,0.10220609295334138,0.2289543024466884,Engineering & Construction,Industrials,TTEK
2022Q3,2022,Q3,2022-08-05,2022-07-03,58650000.0,890231000.0,83905000.0,1.09,144584000.0,0.1624117785,2677706000.0,1205011000.0,1145357000.0,945465000.0,1472648000.0,0.0,1362284000.0,7426236530.0,7684908530.0,22.52062346982638,1.2114218929309917,0.17778501448628042,0.39506361352717945,0.03205794577687918,22.52062346982638,0.048671754863648546,8.341920838523933,31.654887169650465,6.162795634230724,0.2099062233589088,0.0,0.0016577710594413292,0.3324603223804256,1.111474248121295,0.02190307673807356,77.64293885787174,0.1624117785159133,0.11224489795918377,1.0905321969128177,0.3878242623932976,0.40766204867450423,0.06962189194587677,0.1055816320760052,0.1259393451422437,0.220484373561406,0.10446516646519745,0.21558041652955282,Engineering & Construction,Industrials,TTEK
2022Q2,2022,Q2,2022-05-06,2022-04-03,53049000.0,852744000.0,74520000.0,0.98,135173000.0,0.158515334,2645625000.0,1244601000.0,1081626000.0,855191000.0,1400983000.0,0.0,1359367000.0,8987586300.0,9273630300.0,23.119236913474754,1.2647771082717194,0.18159111741081976,0.3860048320706797,0.028323890257709206,23.119236913474754,0.04262329855110192,10.53960661112831,42.35511649606967,7.2212591023147175,0.20300099907632566,0.0,0.0011982082441867625,0.3223223245924876,1.1470864403390588,0.020051594613749113,98.7343048292833,0.1585153340275628,-0.22222222222222224,1.1009193924333731,0.3666722877262563,0.4667587219573115,-0.03286206945895282,-0.2255507379669776,-0.14551083591331268,-0.02811768092785259,0.208764880622295,0.28716292284754674,Engineering & Construction,Industrials,TTEK
2022Q1,2022,Q1,2022-02-04,2022-01-02,68499000.0,858510000.0,87210000.0,1.26,139766000.0,0.1628006663,2640393000.0,1237882000.0,1113400000.0,849268000.0,1402511000.0,0.0,1360390000.0,9242104950.0,9538145950.0,22.95051634314107,1.3110113650814583,0.18996528168344637,0.405194517732708,0.0358291173684902,22.95051634314107,0.05533564588547212,10.765285145193417,33.730802456970174,7.466062960766858,0.15756434400502198,0.0,0.0011678075566540717,0.3251447795839483,1.1894172393166822,0.025942728980117732,114.23968739570586,0.16280066627063167,-0.17105263157894737,1.7300158859381578,0.3588067408964995,0.5018279689297629,-0.028795775137238553,-0.17425320056899005,0.0656679212082702,0.6749835305034245,0.2288809099924958,0.33230740072544096,Engineering & Construction,Industrials,TTEK
2021Q4,2021,Q4,2021-11-24,2021-10-03,82954000.0,892013000.0,81836000.0,1.52,143910000.0,0.1613317294703104,2576562000.0,1234238000.0,1065948000.0,848483000.0,1342271000.0,0.0,1358726000.0,8165512040.0,8453185040.0,22.848220070715858,1.25629859407908,0.17629732954223495,0.36803355592681475,0.0447391878266454,22.848220070715858,0.06721070004326556,9.154028069097647,24.60855425898691,6.615832635196778,0.13019263688309182,0.0,0.0013226359776453162,0.34620280823826477,1.1238999484963164,0.03219561570806369,108.15964024107556,0.1613317294703104,0.6000000000000001,1.8293287769856255,0.2990119568973132,0.5063504019315935,0.14490516802443992,0.5982505828179489,0.17231796238199606,1.9507351311568804,0.23602051926240494,0.3076331626630852,Engineering & Construction,Industrials,TTEK
2021Q3,2021,Q3,2021-07-30,2021-06-27,51903000.0,801633000.0,69807000.0,0.95,125696000.0,0.15679993213852225,2510921000.0,1192400000.0,1106421000.0,811348000.0,1318426000.0,0.0,1294260000.0,6496745850.0,6750742850.0,22.03374170778129,1.363682414944019,0.1944557395473613,0.4094792016101979,0.028167100661125547,22.03374170778129,0.04352817846360282,8.104389227988369,31.292728021501645,5.448461799731634,0.20867772575766333,0.0,0.0016671423278778867,0.31925855094604727,1.245883394055325,0.02067090123504483,96.71086607023237,0.15679993213852225,0.14457831325301204,1.1573708691234896,0.2838051893392381,0.4753010187154217,0.1174567049535934,0.140299228859547,0.14800927524791554,0.5984906629438111,0.0756704794698434,0.30723178967114234,Engineering & Construction,Industrials,TTEK
2021Q2,2021,Q2,2021-04-30,2021-03-28,45517000.0,754764000.0,60807000.0,0.83,112484000.0,0.14903201530544646,2455062000.0,1147147000.0,1064111000.0,796702000.0,1307834000.0,0.0,1261661000.0,7085492119.999999,7375972119.999999,21.17015151235536,1.335644946291085,0.210100600310705,0.44964594772945404,0.02497697887126607,21.17015151235536,0.03967843702681522,9.38769220577558,38.916735066019285,6.176620886425193,0.2023859217435244,0.0,0.001300121409209894,0.30743174714121274,1.225942698775703,0.018540061310060602,58.20088482200062,0.14903201530544646,-0.13541666666666669,12.113983361314938,0.2977008131607309,0.456767895082895,-0.032894849969908005,-0.13195133114654053,-0.0821861981525086,0.6329454328315367,0.1107304991383835,0.2575580669471874,Engineering & Construction,Industrials,TTEK
2021Q1,2021,Q1,2021-01-29,2020-12-27,52436000.0,765104000.0,66252000.0,0.96,116310000.0,0.15201854911227755,2414872000.0,1105186000.0,1035446000.0,754721000.0,1309618000.0,0.0,1232563000.0,6287888200.0,6677697200.0,20.494112411222577,1.371958644320219,0.22909992744957083,0.5005917555958906,0.02878117111202777,20.494112411222577,0.04744540737939134,8.218344434220707,29.97887043252727,5.689438881780985,0.17541383782134412,0.0,0.0014628122681952266,0.31683004316584895,1.2505932655908607,0.02171378027489656,200.34692368966066,0.15201854911227755,0.17073170731707318,1.471067412937284,0.49436330491747604,0.4348305786213422,-0.07249543464565673,0.17427330138397457,-0.0072375814789840415,0.17979523212361442,0.043052409556335554,0.20881925741939122,Engineering & Construction,Industrials,TTEK
2020Q4,2020,Q4,2020-11-23,2020-09-27,44654000.0,753364000.0,66735000.0,0.82,125401000.0,0.1664547283915876,2378558000.0,1037319000.0,999785000.0,793456000.0,1341185000.0,0.0,1198567000.0,5094973830.0,5490722830.0,19.266339778235917,1.260038363816015,0.23260479668774106,0.5333595547753391,0.025121734754925188,19.266339778235917,0.04304750997523423,6.762964290834178,28.52473367447485,4.911675029571424,0.20497603798091996,0.0,0.0017964763520679362,0.31673139776284626,1.1578348389828799,0.018773559442317574,78.33118858003813,0.1664547283915876,-0.012048192771084348,2.567626737268363,0.450612179380736,0.34909938647401434,0.0961913336888205,-0.018528694199617557,0.050531286894923255,0.35564255028326486,0.07224534821466844,0.16907054037873215,Engineering & Construction,Industrials,TTEK
2020Q3,2020,Q3,2020-07-31,2020-06-28,45497000.0,709771000.0,63525000.0,0.83,114397000.0,0.16117451966902,2289309000.0,992894000.0,956246000.0,732660000.0,1296283000.0,0.0,1170087000.0,4234043550.0000005,4631642550.0,18.392034824488285,1.3051702017306799,0.2355544839075896,0.5431163850320376,0.0268703639039569,18.392034824488285,0.0458226155057841,5.965365660191809,23.26550953909049,4.264345992623583,0.20168362749192253,0.0,0.0021671954696828753,0.3100372208382529,1.2089195534081292,0.019873682408097816,39.25244560430902,0.16117451966902,0.25757575757575746,0.9362253695298138,0.37639385168392253,0.1607735777444774,0.17935051546391753,0.25002060609390886,0.33652430044182624,0.6073449914044868,0.09669915623145933,0.14960269439341586,Engineering & Construction,Industrials,TTEK
2020Q2,2020,Q2,2020-05-01,2020-03-29,36397000.0,734133000.0,47530000.0,0.66,97000000.0,0.13212864698903332,2343150000.0,950108000.0,1001940000.0,735755000.0,1392912000.0,0.0,1138485000.0,3926841210.0000005,4420249210.0,17.369750818113676,1.3617848332665086,0.2681812944113693,0.6613869160137584,0.021118565248072256,17.369750818113676,0.03830827653277312,5.3489506805987475,26.972286246119186,4.133047200949787,0.2259526884083853,0.0,0.0020943041901100956,0.313310287433583,1.2576713715842909,0.015533363207647824,39.79449532823933,0.13212864698903332,-0.22352941176470584,1.1397447165528263,0.4532719475635709,0.15172064516000586,-0.11606841812697631,-0.23067004861551468,-0.24915484502859309,0.41864927460974594,0.15797111386831514,0.10199283851986907,Engineering & Construction,Industrials,TTEK
2020Q1,2020,Q1,2020-01-31,2019-12-29,47310000.0,797623000.0,63302000.0,0.85,109737000.0,0.13758003467803712,2352553000.0,1026591000.0,1050304000.0,712476000.0,1325788000.0,0.0,1110312000.0,4711801600.0,5179089600.0,18.815817448680352,1.4741605331267298,0.24574196628088718,0.563146374749048,0.02703776979233646,18.815817448680352,0.046084565323483255,5.907304077239498,24.898549989431412,4.589755413791861,0.1731135066582118,0.0,0.0017381886368050812,0.33904570906585313,1.3580232878019751,0.020110067658411945,-220.6416108639663,0.13758003467803712,3.047619047619048,1.1174311366431315,0.5712730727404111,0.17989231258646263,0.15461585404347553,3.1042769150689686,2.0632470360512944,0.8640017526084603,0.24802253881981207,0.23126296943423458,Engineering & Construction,Industrials,TTEK
2019Q4,2019,Q4,2019-11-29,2019-09-29,11527000.0,841502000.0,20665000.0,0.21,95042000.0,0.11294328474560963,2147408000.0,989286000.0,1079792000.0,769954000.0,1157944000.0,0.0,1071192000.0,4738570920.0,4894359920.0,18.11315158284051,1.4024110531278493,0.1287696609121322,0.2795157315478032,0.01131196293330045,18.11315158284051,0.011651837790082949,5.631086937404783,102.77112258176456,4.7898897993098055,0.7100720048581591,0.0,0.0017273140231907722,0.3918687086943888,1.3216322014042396,0.005367866749122663,53.284878048780485,0.11294328474560963,-0.7613636363636364,-0.4056806090307129,0.5750078941740887,0.13828334247802987,-0.19447057726698705,-0.7658684215871469,-0.6812973273083388,-0.6111509194963732,0.2120368277780626,0.194174123087603,Engineering & Construction,Industrials,TTEK
2019Q3,2019,Q3,2019-08-02,2019-06-30,49233000.0,825793000.0,64841000.0,0.88,117987000.0,0.14287721014830593,2096423000.0,1015612000.0,1116474000.0,646897000.0,1080630000.0,0.0,1067851000.0,4361399640.0,4586768640.0,18.52664222258706,1.7258914479430265,0.16055920012325756,0.33142578071153156,0.03852963739821683,18.52664222258706,0.04847618972599772,5.281468406731469,22.146729023216135,4.294356151758742,0.16694087299169255,0.0,0.0018844867882824882,0.3939057146386965,1.5344915805761967,0.02348428728362549,385.4188441145281,0.14287721014830593,-0.12,1.1752931940865832,0.5450653596554427,0.12291217878068617,0.22303075535653202,-0.11943982400600955,0.36378168051319804,1.0201855198320997,0.30556152019168487,0.24047810430247152,Engineering & Construction,Industrials,TTEK
2019Q2,2019,Q2,2019-05-03,2019-03-31,55911000.0,722621000.0,47545000.0,1.0,96471000.0,0.1335015173929349,1951865000.0,990445000.0,998420000.0,624442000.0,961260000.0,0.0,1026836000.0,3312440010.0,3450283010.0,17.961391291732404,1.5988994974713424,0.13759711865318555,0.27116195245571434,0.047602529852638784,17.961391291732404,0.056450383413516145,4.583924366991826,14.81121787304824,3.3443957110187847,0.1183309187816351,0.0,0.0019973191906953206,0.3702207888352934,1.4835981564340643,0.028644911405245752,29.781434120026972,0.1335015173929349,0.3333333333333333,1.073164861826826,0.4491752919653525,0.11893791685312373,-0.022425114506910947,0.3313093792413744,-0.14657787510545495,14.829346133037783,0.22089606906561993,0.23596556073519145,Engineering & Construction,Industrials,TTEK
2019Q1,2019,Q1,2019-02-01,2018-12-30,41997000.0,717431000.0,55711000.0,0.75,98684000.0,0.13755190394616346,1834889000.0,954156000.0,951542000.0,531966000.0,880586000.0,0.0,977543000.0,2867540300.0,3061192300.0,17.226141902870555,1.7887270991003184,0.14178187345392554,0.2726535283538541,0.03651256783582605,17.226141902870555,0.04401481518745362,3.9969562229677837,17.06991154130057,3.0053160070261047,0.15843988856346883,0.0,0.002320455618356959,0.3909942236287863,1.6709733328821768,0.022888033009081203,-149.70192116940746,0.13755190394616346,0.47058823529411764,0.7828029134729235,0.2880599926872392,0.08764546001060443,0.10517061807756486,0.45817853546751847,0.2870740441261407,0.9268513102476248,0.36423992859887294,0.20603394077092596,Engineering & Construction,Industrials,TTEK
2018Q4,2018,Q4,2018-11-16,2018-09-30,28801000.0,739343000.0,43285000.0,0.51,89293000.0,0.12077344344911631,1959421000.0,966971000.0,1050380000.0,618093000.0,992321000.0,0.0,944965000.0,3769828920.0000005,3900954920.0000005,17.472958565981823,1.6993882797572533,0.14152701231639347,0.2867831610255116,0.025466781438416027,17.472958565981823,0.02978476086666508,5.098890393227501,32.72307315718204,3.8985956352362168,0.23058227144890803,0.0,0.0017616184025666605,0.3773272818858224,1.6087821735564065,0.014698729879898195,35.55268467958693,0.12077344344911631,-0.135593220338983,0.3272862786438753,0.22950831754698592,0.12553982554252235,-0.18523824296950564,-0.1356761298841606,-0.22003387631541013,1.9836848354315872,0.38502794687240777,0.22352029251974206,Engineering & Construction,Industrials,TTEK
2018Q3,2018,Q3,2018-08-03,2018-07-01,33322000.0,764795000.0,55496000.0,0.59,109594000.0,0.14329853097888975,2033830000.0,936091000.0,1133943000.0,563083000.0,1097537000.0,0.0,922806000.0,3321112600.0,3544759600.0,16.85526765939824,2.0138114629637194,0.2152033355786865,0.4675688581558844,0.026334296285260347,16.85526765939824,0.035596966534236524,4.342487333206938,24.916816217513954,3.547852292138264,0.19998799591861233,0.0,0.0020065564774888996,0.3760368369037727,1.907051003138081,0.016383866891529774,65.25804841625403,0.14329853097888975,0.15686274509803913,1.4962552341241304,0.45208975359506154,0.11955043525942961,0.1987312004375171,0.16003481288076588,0.29918531697724504,0.3784623056698051,0.4416512155789776,0.06378383531496133,Engineering & Construction,Industrials,TTEK
2018Q2,2018,Q2,2018-05-04,2018-04-01,28725000.0,700262000.0,42716000.0,0.51,91425000.0,0.1305582767592701,2082793000.0,940046000.0,1149904000.0,560008000.0,1142565000.0,0.0,896146000.0,2711080550.0,2986913550.0,16.834333196038752,2.053370666133341,0.22998444876663213,0.5095601704597434,0.02240403921170527,16.834333196038752,0.0305570152949962,3.8715231584749707,23.595130983463882,2.883987113396578,0.1943603133159269,0.0,0.00205932649253081,0.3362129601933557,1.9371187554463507,0.013791576983406417,34.384503335616266,0.1305582767592701,-0.3703703703703704,0.33785192462754077,0.2608865026585887,0.009166061143493777,-0.028891603377768336,-0.37600469218403787,-0.1208709790281751,0.6541794111358912,0.3578722202374573,0.11621918428221908,Engineering & Construction,Industrials,TTEK
2018Q1,2018,Q1,2018-02-01,2017-12-31,46034000.0,759749000.0,48589000.0,0.81,94145000.0,0.12391592486465924,1970987000.0,946956000.0,1090671000.0,483916000.0,1023866000.0,0.0,873004000.0,2689418250.0,2964335250.0,16.9538268731537,2.2538436422850245,0.2272678612289173,0.473033593957903,0.03531106598077187,16.9538268731537,0.04861260713274957,3.539877314744738,14.605608083155927,2.8400667507254824,0.12141026198027545,0.0,0.002078144595025337,0.3854662663934364,2.1177539077029897,0.02335581107333534,-39.18321386424232,0.12391592486465924,0.35000000000000014,1.0071223051013125,0.31910309862658076,0.0310328995163434,-0.06809273044029142,0.33559636753996575,-0.1108569546361191,1.0125531838522328,0.46196320360900966,0.06313159399613524,Engineering & Construction,Industrials,TTEK
2017Q4,2017,Q4,2017-11-20,2017-10-01,34467000.0,735189000.0,54647000.0,0.6,101024000.0,0.13741228446018644,1902745000.0,928453000.0,1042023000.0,537668000.0,974121000.0,0.0,832559000.0,2656336700.0,2823232700.0,16.480048990024496,1.9380416911551366,0.1875558732252614,0.38437163755192777,0.028268126746941458,16.480048990024496,0.037123042308011285,3.613134445700357,19.26724620651638,2.861035184333509,0.16343168828154467,0.0,0.002120589607484624,0.3863833566768011,1.8451051578297388,0.018114355838538532,41.70335185882944,0.13741228446018644,0.15384615384615377,0.27904465413687746,0.15408624924341507,0.028990212560064198,0.11937950138504155,0.14955141246706466,0.19098160578851014,0.7227946220676377,0.3339913052356125,0.035654406289961534,Engineering & Construction,Industrials,TTEK
2017Q3,2017,Q3,2017-08-04,2017-07-02,29983000.0,685539000.0,45884000.0,0.52,90250000.0,0.13164823591363875,1819724000.0,914864000.0,962277000.0,489011000.0,904690000.0,0.0,803725000.0,2681929600.0,2868970600.0,15.998601007274763,1.9678023602741042,0.17904528379028908,0.356132714807884,0.02572736549991388,15.998601007274763,0.03277317721541125,3.912147376006325,22.362085181602907,2.931506322251176,0.19137511256378614,0.0,0.0021395043329996435,0.3767269102347389,1.851404160642603,0.016476674484702077,148.2794050975839,0.13164823591363875,0.13043478260869565,0.1439178043718758,0.10983591397586709,0.04829774623248273,0.11417002049332116,0.11618643436825254,0.06816277120774747,0.26996912806116047,0.22960155395226786,-0.030314090449729207,Engineering & Construction,Industrials,TTEK
2017Q2,2017,Q2,2017-05-05,2017-04-02,26862000.0,663781000.0,42956000.0,0.46,81002000.0,0.1220312121015817,1798369000.0,902697000.0,943076000.0,465258000.0,895501000.0,0.0,779481000.0,2307981000.0,2482090000.0,15.76212676794133,2.026995774387544,0.19209016614499028,0.3826854415158132,0.02319920022219669,15.76212676794133,0.02975749337817673,3.4770217888128765,21.47998101407192,2.5567615711584284,0.19198123743578288,0.0,0.0022344204739987027,0.36910166934594624,1.9192276113468225,0.014936867795207769,21.520438990731588,0.1220312121015817,0.0,0.3275613939920673,0.17087247982769121,0.05892093527659426,-0.004412433475498089,0.0112943302462164,0.07780705055827374,-0.04095688726189823,0.28173536152373185,-0.018069312981709933,Engineering & Construction,Industrials,TTEK
2017Q1,2017,Q1,2017-02-03,2017-01-01,26562000.0,668851000.0,39855000.0,0.46,81361000.0,0.12164293691719083,1800423000.0,872571000.0,954002000.0,428645000.0,927679000.0,0.0,757776000.0,2463821850.0,2725044850.0,15.281721221037145,2.2256226014534173,0.21561821860751612,0.4448967476572107,0.022749300547509288,15.281721221037145,0.030441075855145314,3.6836632523536634,23.189348034786537,2.8236348102332074,0.19366011595512386,0.0,0.0020878132889356428,0.371496587190899,2.100250790281002,0.014753199664745451,-40.538054065615846,0.12164293691719083,-0.1320754716981132,0.2845349099551553,0.0713506078956175,0.0678778304876013,-0.16277179225964458,-0.14605368911750521,-0.15539967788420786,0.09382715814288617,0.16489879561098644,-0.03512377867739318,Engineering & Construction,Industrials,TTEK
2016Q4,2016,Q4,2016-11-22,2016-10-02,31105000.0,728508000.0,47188000.0,0.53,97179000.0,0.13339455434943748,1800779000.0,869259000.0,935428000.0,481086000.0,931376000.0,0.0,736357000.0,2018422980.0,2204974980.0,15.167931738470397,1.9444091077271008,0.19270049239801218,0.3992032294172393,0.027310501275213988,15.167931738470397,0.03578335110709236,2.7706256897659327,16.222656968333066,2.3220041207511226,0.1657932808230188,0.0,0.0025549649657674828,0.4045515857303978,1.8482475066827968,0.017273080150312727,40.06397340214371,0.13339455434943748,0.2045454545454546,0.28103560205520617,0.17230266353112578,0.10575193965789043,0.14216706039984486,0.21059391297579202,0.2073173851861328,0.3842400654722004,0.16988723700562777,-0.022941010345172815,Engineering & Construction,Industrials,TTEK
2016Q3,2016,Q3,2016-07-29,2016-06-26,25694000.0,666869000.0,39085000.0,0.44,85083000.0,0.12758577771646307,1814329000.0,863188000.0,932596000.0,513576000.0,950458000.0,0.0,710409000.0,1691688920.0,1902478920.0,14.935082012596027,1.8158870352197143,0.20101536160200273,0.4225128245527046,0.022406770604194427,14.935082012596027,0.029766400830410062,2.536763472286161,16.459960691211958,1.9598151503496342,0.202226200669417,0.0,0.003071486689172144,0.3675568212821379,1.7147199246070688,0.01416170937024101,30.502865488640463,0.12758577771646307,6.333333333333334,0.15999798443726948,0.06519281300140817,0.08790143900479501,0.13764056211474948,5.8627136752136755,1.3474474474474474,1.3676972603726256,0.2166721979732589,-0.007990979098215596,Engineering & Construction,Industrials,TTEK
2016Q2,2016,Q2,2016-05-04,2016-03-27,3744000.0,627384000.0,16650000.0,0.06,74789000.0,0.1192076941713528,1752914000.0,849426000.0,874546000.0,475671000.0,902764000.0,0.0,689911000.0,1681050760.0,1927594760.0,14.532274896922209,1.8385522766786286,0.20549268247044636,0.42406401499365454,0.004149653292025946,14.532274896922209,0.004407682364326027,2.6794606811777157,112.2496501068376,1.9790432127107012,1.2470619658119657,0.0,0.00277742951676248,0.3579091729542921,1.7197033243565405,0.0021358720393584627,434.38004134366923,0.1192076941713528,-0.8461538461538461,-0.7726241770274002,0.0884965163326595,0.09658661622202938,0.022266265718972115,-0.8388915185679247,-0.4943820224719101,-0.8334114715617292,0.07922032586517376,-0.12883519374367872,Engineering & Construction,Industrials,TTEK
2016Q1,2016,Q1,2016-01-29,2015-12-27,23239000.0,560708000.0,32930000.0,0.39,73160000.0,0.13047789580316316,1527494000.0,843543000.0,789737000.0,403553000.0,683553000.0,0.0,690837000.0,1567399320.0,1632373320.0,14.283297775068577,1.956959804536207,0.12442732999278557,0.225313943687518,0.023678019378485394,14.283297775068577,0.027549277274543208,2.7953931814777033,16.86173372348208,1.8581143107108942,0.20280562846938335,0.0,0.003006891696239858,0.3670770556218224,1.8152237748201598,0.015213807713810987,76.96534839184876,0.13047789580316316,1.7358490566037736,0.0880606359264697,-0.04199579964903376,0.12428796289508802,-0.14408722916374186,1.732536880595133,2.6425578611332803,-0.0417123735880908,-0.0792776689925043,-0.13137310945390693,Engineering & Construction,Industrials,TTEK
2015Q4,2015,Q4,2015-11-20,2015-09-27,-31724000.0,578394000.0,-20048000.0,-0.53,85476000.0,0.14778161599186715,1559242000.0,856325000.0,823775000.0,450442000.0,702444000.0,0.0,672309000.0,1472691280.0,1530241280.0,14.280889882093957,1.8288148085658087,0.12369856635467746,0.22523691355501707,-0.02778139242011961,14.280889882093957,-0.037046682042448834,2.546173162238889,-11.605498045643676,1.7197807841648907,-0.1513050056739377,0.0,0.003259338915892814,0.37094562614398535,1.7352955541445958,-0.020345783399882765,59.586942342706855,0.14778161599186715,-2.2325581395348837,-2.409811996743454,-0.0519153661392593,0.17710497275126727,0.04598742015223084,-2.2105624666106998,-1.492325826968886,-2.106084322012595,-0.14693697614062673,-0.10832207330101581,Engineering & Construction,Industrials,TTEK
2015Q3,2015,Q3,2015-07-31,2015-06-28,26206000.0,575108000.0,40721000.0,0.43,81718000.0,0.1420915723655383,1703522000.0,953958000.0,870467000.0,454897000.0,749103000.0,0.0,708833000.0,1532870220.0,1593908220.0,15.844636005780059,1.9135474623925857,0.13866624557827842,0.2476220127091549,0.02321206061772203,15.844636005780059,0.027470811083926128,2.6653606279168436,14.623275394947722,1.6068529432113363,0.18354575288101962,0.0,0.0031379042643283916,0.3375993970139511,1.8076377729464033,0.01538342328423114,15.152029535614732,0.1420915723655383,0.3870967741935484,0.29826607627591023,0.04564134906055256,0.3536128080520747,0.17079530638852672,0.3780301835200084,0.33959471017830123,-0.05038401914853103,-0.11569198821718234,0.03820929137369925,Engineering & Construction,Industrials,TTEK
2015Q2,2015,Q2,2015-05-01,2015-03-29,19017000.0,564763000.0,30398000.0,0.31,69797000.0,0.12358635392191061,1643947000.0,922283000.0,831580000.0,427094000.0,721043000.0,0.0,687437000.0,1476844950.0,1617138950.0,15.08156590845911,1.9470655171929365,0.14526745691923157,0.25893570628538093,0.01740541809094393,15.08156590845911,0.02061948447493882,2.6149817711146093,19.41479925855813,1.6012926075835725,0.22390492717042645,0.0,0.002883173348698521,0.34354088057583365,1.8331397771919062,0.01156789117897353,102.89451334215843,0.12358635392191061,-0.2439024390243902,0.3349381487089394,0.20987293212752678,0.32922517537344,-0.11424002842675668,-0.2564222873900293,-0.16972577297061073,-0.11982770934429213,-0.06704556436467018,0.013199938837122024,Engineering & Construction,Industrials,TTEK
2015Q1,2015,Q1,2015-02-02,2014-12-28,25575000.0,581056000.0,36612000.0,0.41,78799000.0,0.13561343484965305,1696136000.0,995926000.0,844693000.0,436367000.0,699088000.0,0.0,672677000.0,1686828520.0,1788961520.0,15.94706334464869,1.9357398703384994,0.11851820844554918,0.20184531782481832,0.022527538169189572,15.94706334464869,0.025679618766856174,2.9030395004956495,16.48903734115347,1.6937287710131075,0.1709481915933529,0.0,0.0025918461468744905,0.3425763028436399,1.814190807279194,0.015078389940429305,-1002.2748187759953,0.13561343484965305,0.17142857142857143,0.338730919412066,0.04998087010315828,0.4487682926685946,0.5929609638749065,0.13233861684229167,0.4784961434398094,0.13079253535445884,-0.14905325571442926,0.11437155283847203,Engineering & Construction,Industrials,TTEK
2014Q4,2014,Q4,2014-11-19,2014-09-28,22586000.0,622179000.0,24763000.0,0.35,49467000.0,0.07950605854585256,1776404000.0,1012079000.0,898603000.0,503861000.0,763348000.0,0.0,651475000.0,1593866120.0,1675318120.0,15.912691424797963,1.7834343201795733,0.11474360562124382,0.20139830981573573,0.020440459433915606,15.912691424797963,0.022316439724566955,2.561748500029734,17.642191180377225,1.5748435843447002,0.19702470556982202,0.0,0.0027919534421121895,0.3502463403595128,1.6797231776223998,0.012714450091308059,186.32991816693945,0.07950605854585256,-0.14634146341463414,0.059729944617240634,0.04030499346114903,0.5054435266661328,-0.36119684388599765,-0.15271786022433131,-0.36775857226747005,-0.16184879120439322,-0.0978622984952562,0.16004539785212907,Engineering & Construction,Industrials,TTEK
2014Q3,2014,Q3,2014-08-04,2014-06-29,26657000.0,629502000.0,39167000.0,0.41,77437000.0,0.12301311195198744,1824220000.0,1065258000.0,930828000.0,478179000.0,758059000.0,0.0,633339000.0,1775565000.0,1790635000.0,16.49874546975188,1.9466099515035165,0.1117968227516418,0.19144845661802118,0.02245228351492019,16.49874546975188,0.025023984799926402,2.8205867495258157,16.65195820985107,1.6667933965292916,0.0,0.0,0.0,0.3450800890243501,1.8421741649047743,0.014612820822049972,32.33532443408424,0.12301311195198744,-0.14583333333333334,-0.1995535885026136,0.06312912680198376,0.6473318861127684,0.12110551308779245,-0.1593238512725094,-0.15197245918676655,0.07728518507989157,-0.09992497110316227,0.20180183297145513,Engineering & Construction,Industrials,TTEK
2014Q2,2014,Q2,2014-05-02,2014-03-30,31709000.0,586285000.0,46186000.0,0.48,69072000.0,0.11781300903144375,1777032000.0,1040743000.0,889758000.0,460027000.0,735109000.0,0.0,611188000.0,1918467650.0,1957993650.0,16.052178607233746,1.9341429959545853,0.11634624474967249,0.19865711323544813,0.027039772604600196,16.052178607233746,0.03046765628017676,3.2722441304143888,15.125576729004385,1.8433634912749834,0.0,0.0,0.0,0.3299237154986517,1.820399672193154,0.017843797973249777,204.30965388711394,0.11781300903144375,0.14285714285714285,0.5275935584905382,0.03902897421953287,0.7298846216210132,-0.2011380590541619,0.1608639941424126,0.0564527197035546,0.7360947363086516,-0.08296730882026504,0.21127657897705734,Engineering & Construction,Industrials,TTEK
2014Q1,2014,Q1,2014-01-31,2013-12-29,27315000.0,645848000.0,43718000.0,0.42,86463000.0,0.1338751532868415,1788673000.0,1017228000.0,880251000.0,455379000.0,770431000.0,0.0,579480000.0,1793860110.0,1839935110.0,15.838012051006586,1.9330074509364727,0.115656131668561,0.20336738666257712,0.023634626632781142,15.838012051006586,0.026852387075463908,2.7775267710049425,16.41826935749588,1.7634788955868301,0.0,0.0,0.0,0.36107661937089675,1.8205472803972076,0.01527109762376913,51.08238488481362,0.1338751532868415,0.07692307692307684,0.5578261994372815,-0.05948989966017668,0.7854032924185509,-0.01659425399786174,0.08388556009682155,0.07608240825067074,0.17597466670037687,0.014663594323412481,0.24666492189326053,Engineering & Construction,Industrials,TTEK
2013Q4,2013,Q4,2013-11-20,2013-09-29,25201000.0,698376000.0,40627000.0,0.39,87922000.0,0.12589493338831803,1799092000.0,997763000.0,871642000.0,483133000.0,800289000.0,0.0,552165000.0,1664002080.0,1742446080.0,15.524069579288026,1.8041450283876284,0.11547436151125123,0.20821477645492967,0.022315013553019125,15.524069579288026,0.02525750102980367,2.3826736313962678,16.507302091186858,1.6677327982697294,0.0,0.0,0.0,0.3881824831637293,1.6769626583156192,0.014007621622462886,107.56315966386555,0.12589493338831803,1.322314049586777,0.2870885819014656,-0.0001785653159886293,0.8129431851099862,14.30675487465181,1.3215028385532945,1.4067418205117936,0.044846695336144236,0.06800718234851535,0.27957428773599896,Engineering & Construction,Industrials,TTEK
2013Q3,2013,Q3,2013-08-09,2013-06-30,-78385000.0,614835000.0,-99884000.0,-1.21,5744000.0,0.009342343880878609,1771512000.0,976071000.0,850623000.0,462221000.0,794556000.0,0.0,526964000.0,1522903680.0,1589007680.0,15.055389313919052,1.8402950103954603,0.11991959410943871,0.21764707690321708,-0.06442863219086138,15.055389313919052,-0.08030665801975471,2.4769306887213642,-4.857127256490399,1.5602386301816158,0.0,0.0,0.0,0.34706792841369405,1.7398387351505016,-0.044247512859071796,32.85589696015188,0.009342343880878609,-4.184210526315789,-5.41679059945377,-0.009375532987725328,0.8433479272023355,-0.9325187969924812,-4.158138597904915,-3.6517641436801442,-4.606230676911188,0.038124618812759845,0.2861871865088557,Engineering & Construction,Industrials,TTEK
2013Q2,2013,Q2,2013-05-03,2013-03-31,24820000.0,641999000.0,37667000.0,0.38,85120000.0,0.132585876301988,1927934000.0,1076803000.0,921156000.0,446011000.0,850241000.0,0.0,605349000.0,1926201840.0,2032403840.0,16.681430186983935,2.065321258892718,0.13785586021098234,0.2468204490514978,0.0196392155662645,16.681430186983935,0.023049712900131223,3.000319065917548,19.401710717163578,1.788815447208078,0.0,0.0,0.0,0.3329984325189555,1.946115678761286,0.01287388468692393,55.188867113632455,0.132585876301988,-0.07317073170731701,0.6479347655516204,0.2631996355645316,1.1647197859689837,-0.03495345963289231,-0.053538743136058574,-0.09906957832045732,0.650576689456094,0.3029347535160696,0.4702304190665424,Engineering & Construction,Industrials,TTEK
2013Q1,2013,Q1,2013-02-01,2012-12-30,26224000.0,658545000.0,41809000.0,0.41,88203000.0,0.13393617748217662,1714975000.0,1050150000.0,893888000.0,437864000.0,663769000.0,0.0,580530000.0,1690480080.0,1688540080.0,16.443536264562194,2.041474065006486,0.08726891062551932,0.14251678331666906,0.022641817788833545,16.443536264562194,0.024971670713707567,2.5669925062068653,16.115772574740696,1.6097510641336952,0.0,0.0,0.0,0.38399685126605343,1.9306611185208193,0.015291185002696833,125.3879305740988,0.13393617748217662,-0.1276595744680851,0.8561731858493874,0.278319502349336,1.218676229448277,-0.004267280793849697,-0.13827549947423765,-0.13744300715891977,0.34235326234799796,0.16369478487498781,0.4938721596937823,Engineering & Construction,Industrials,TTEK
2012Q4,2012,Q4,2012-11-15,2012-09-30,30432000.0,719405000.0,48471000.0,0.47,88581000.0,0.1231309206914047,1671030000.0,1018970000.0,859313000.0,503794000.0,651163000.0,0.0,554306000.0,1658015380.0,1636245380.0,16.015749021580245,1.7056832753069706,0.04971664183168465,0.08153135028509181,0.028529594483269794,16.015749021580245,0.02986545236856826,2.3047037204356378,13.620657367245006,1.6271483753201763,0.0,0.0,0.0,0.4305159093493235,1.6100727678376479,0.01821152223478932,84.50639041794088,0.1231309206914047,0.04444444444444436,0.9795694534765409,0.5165967420916672,1.2466192755294254,-0.09357796287579559,0.04742892544916363,0.04777242169429973,0.42739117318982983,0.2024732267455198,0.5151934418632488,Engineering & Construction,Industrials,TTEK
2012Q3,2012,Q3,2012-08-03,2012-07-01,29054000.0,684698000.0,46261000.0,0.45,97726000.0,0.1427286190408034,1709619000.0,967381000.0,898762000.0,530422000.0,741466000.0,0.0,523874000.0,1675318410.0,1677445410.0,15.2615047249436,1.69442820999129,0.08352270301160668,0.14760678574418973,0.02710478910937118,15.2615047249436,0.030033668223791866,2.44679904132917,14.415557324292696,1.7318082637554386,0.0,0.0,0.0,0.40049742077035877,1.601935817141823,0.01699442975306194,33.58091783759947,0.1427286190408034,0.2857142857142858,1.1402133086870656,0.5517535386927848,1.2206581526846663,0.11081305341168715,0.3038054209298151,0.3015502349267085,-0.11135028462363775,0.17785450074745185,0.523798485742586,Engineering & Construction,Industrials,TTEK
2012Q2,2012,Q2,2012-05-04,2012-04-01,22284000.0,624345000.0,35543000.0,0.35,87977000.0,0.14091087459657722,1576084000.0,938832000.0,822694000.0,464684000.0,636582000.0,0.0,494820000.0,1695375360.0,1699498360.0,14.885083713850838,1.7704375446540015,0.06988840696308064,0.11732663564940266,0.022185677305582015,14.885083713850838,0.023735876067283602,2.715446363789251,19.020096930533118,1.8058346541234214,0.0,0.0,0.0,0.3961368810291837,1.6363141403620525,0.014138840315617695,57.110266118709156,0.14091087459657722,-0.027777777777777804,0.9631830945384021,0.6546317582295686,1.267384090665777,0.03844428706326723,-0.014418398938522778,-0.015238411880420025,0.10354827126148974,0.13740838635210786,0.6041110704143443,Engineering & Construction,Industrials,TTEK
2012Q1,2012,Q1,2012-02-03,2012-01-01,22610000.0,682627000.0,36093000.0,0.36,84720000.0,0.12410877389848336,1600627000.0,893439000.0,846303000.0,504387000.0,706570000.0,0.0,472536000.0,1347928470.0,1379037470.0,14.31036471097016,1.6778842436462478,0.08548462571229899,0.1531486760707782,0.022866593375548805,14.31036471097016,0.02530670812444946,1.9746193309083877,14.904118421052631,1.5086966989352377,0.0,0.0,0.0,0.42647475020726255,1.5364234209049796,0.014125714485635942,39.974153914590744,0.12410877389848336,-0.14285714285714285,1.2173030171560546,0.7093420672900459,1.254770976926212,-0.1290133547173303,-0.14356060606060606,-0.16899592475767275,0.3265444102803739,0.022633557186139432,0.6131931323446967,Engineering & Construction,Industrials,TTEK
2011Q4,2011,Q4,2011-11-17,2011-10-02,26400000.0,675662000.0,43433000.0,0.42,97269000.0,0.14396103377132352,1593988000.0,854725000.0,839102000.0,531709000.0,738738000.0,0.0,449926000.0,1092294300.0,1149224300.0,13.717300593805168,1.5781226197036349,0.09248752186340173,0.1724812074058908,0.0282858649470418,13.717300593805168,0.03088712743864986,1.6166282845564794,10.343696022727274,1.277948228962532,0.0,0.0,0.0,0.42388148467868014,1.4189904628283516,0.01656223258895299,39.14331840172012,0.14396103377132352,0.1052631578947368,1.077298659660991,0.5820492905589846,1.2312525066647986,0.180835953528462,0.10742900289441672,0.10213662200568413,0.39078069338702626,-0.002238609440449583,0.6019437752858093,Engineering & Construction,Industrials,TTEK
2011Q3,2011,Q3,2011-08-05,2011-07-03,23839000.0,673792000.0,39408000.0,0.38,82373000.0,0.12225286141717326,1571827000.0,853944000.0,829911000.0,511364000.0,703722000.0,0.0,423526000.0,1428180880.0,1445388880.0,13.728341076796939,1.6229359125789067,0.07352844810529403,0.13534142754091602,0.026679008177307086,13.728341076796939,0.027916350486682968,2.1196168550531915,14.977357271697638,1.6724526198439242,0.0,0.0,0.0,0.4286680404395649,1.5192485196454972,0.015166427348556806,27.649524325789404,0.12225286141717326,0.35714285714285704,1.807468777585714,0.73396400038613,1.312621102220681,0.10034597453947984,0.36222857142857146,0.347005742411813,0.40003846976213675,0.13149960545623676,0.6808671327047146,Engineering & Construction,Industrials,TTEK
2011Q2,2011,Q2,2011-05-06,2011-04-03,17500000.0,612566000.0,29256000.0,0.28,74861000.0,0.12220887218683374,1500185000.0,823245000.0,751317000.0,436642000.0,662758000.0,0.0,399688000.0,1553025000.0,1608120000.0,13.25228183705993,1.7206704806225694,0.09734532740961949,0.17739069171388833,0.019641619459554702,13.25228183705993,0.0212573413746819,2.535277831286751,22.18607142857143,1.8864675764808776,0.0,0.0,0.0,0.4083269730066625,1.5982933387076828,0.011665227955218856,54.555274528401306,0.12220887218683374,-0.22222222222222213,0.7995514806247378,0.770668813022459,1.322658945061707,-0.010468851202199517,-0.21528182592708847,-0.14767662053896577,0.20737123220261414,0.25243462139853856,0.719725250194979,Engineering & Construction,Industrials,TTEK
2011Q1,2011,Q1,2011-02-04,2011-01-02,22301000.0,611124000.0,34325000.0,0.36,75653000.0,0.12379320727053757,1475325000.0,783411000.0,757971000.0,456136000.0,679058000.0,0.0,382188000.0,1563824400.0,1628684400.0,12.70430552177086,1.6617215041128084,0.09923643942860048,0.18688274737015437,0.025438631751448757,12.70430552177086,0.028466539275042092,2.5589314116284094,17.530877539123807,1.9961736559736842,0.022465360297744496,0.0,0.0003203684505753971,0.4142300848965482,1.5319641510426716,0.015115991391727247,332.9411113476687,0.12379320727053757,-0.027027027027027053,1.5739501366070723,0.6586054338355565,1.303821871738215,-0.0774249408551011,-0.03629920919579966,-0.07542087542087542,0.6347873801743228,0.22857218323702042,0.7141532222328187,Engineering & Construction,Industrials,TTEK
2010Q4,2010,Q4,2010-11-16,2010-10-03,23141000.0,627382000.0,37125000.0,0.37,82002000.0,0.13070505688719153,1381689000.0,748133000.0,844713000.0,473027000.0,633556000.0,0.0,359887000.0,1275232200.0,1181811200.0,12.132214384172546,1.785760643684187,0.09228704867737964,0.17044028267701064,0.026747262847802232,12.132214384172546,0.03093166589363121,2.0326247804367994,13.776762024113047,1.704552800103725,0.0,0.0,0.0,0.45406889683568447,1.680293091092052,0.016748342065399668,34.89007387140903,0.13070505688719153,0.12121212121212115,1.3659760192797168,0.9676145381961612,1.2742525204356328,0.13265559822094533,0.1212268036242066,0.13511282333516786,0.5530941301983281,0.36459610943765636,0.7018540096757868,Engineering & Construction,Industrials,TTEK
2010Q3,2010,Q3,2010-07-30,2010-06-27,20639000.0,562365000.0,32706000.0,0.33,72398000.0,0.12873845278422377,1155656000.0,720587000.0,696198000.0,409171000.0,435069000.0,0.0,336746000.0,1266904800.0,1156081800.0,11.705441845354127,1.7014842205337133,0.008195345327675364,0.013143451103059034,0.02856380237932065,11.705441845354127,0.028641926651466098,2.2528158758101946,15.346005135907747,1.7581566139827667,0.0,0.0,0.0,0.48661972074735044,1.5767173137881227,0.017859120707200065,69.89048380868319,0.12873845278422377,0.43478260869565216,1.572368184101529,0.48435531675052806,1.2554030626049406,0.1400362176206598,0.44036569195338127,0.3901474901177371,0.5654578036808455,0.31233150621982825,0.7032255556149262,Engineering & Construction,Industrials,TTEK
2010Q2,2010,Q2,2010-04-30,2010-03-28,14329000.0,469528000.0,23527000.0,0.23,63505000.0,0.1352528496703072,1087721000.0,697912000.0,634069000.0,365321000.0,389809000.0,0.0,316106000.0,1405526350.0,1303158350.0,11.346133211945832,1.7356489224544989,0.009382001450739665,0.014622187324476439,0.02054270698648662,11.346133211945832,0.02053124176113894,2.993487821812544,24.52240822806895,2.0139019675833056,0.0,0.0,0.0,0.43166216336726054,1.5875435575836045,0.013173414873850924,35.46532638591002,0.1352528496703072,-0.23333333333333328,1.106554782705652,1.0607762562007397,1.2603994201070188,-0.08996460455984982,-0.23411192474210274,-0.24391811549956616,0.29439657033366745,0.27591583974758044,0.7283101949505346,Engineering & Construction,Industrials,TTEK
2010Q1,2010,Q1,2010-01-29,2009-12-27,18709000.0,541957000.0,31117000.0,0.3,69783000.0,0.12876113787625218,1086214000.0,673219000.0,639793000.0,388047000.0,412995000.0,0.0,301777000.0,1668472080.0,1597986080.0,11.007324929285002,1.6487513110525271,0.009782602691550651,0.015783868250896067,0.027585485026440815,11.007324929285002,0.02779036242292627,3.0786060148683383,22.295046234432625,2.478349660363121,0.0,0.0,0.0,0.4989412767649837,1.5110051102057225,0.01722404609036525,-183.79291473892928,0.12876113787625218,-0.09090909090909098,1.1857179172037897,1.058357233881203,0.5274043829584559,-0.03471982072953121,-0.08714320565991705,-0.04820603798978375,0.8729004193913202,0.3853195886206235,0.7343371245543612,Engineering & Construction,Industrials,TTEK
2009Q4,2009,Q4,2009-11-16,2009-09-27,20495000.0,575120000.0,32693000.0,0.33,72293000.0,0.1257007233273056,1097905000.0,646478000.0,655890000.0,432236000.0,451427000.0,0.0,283068000.0,1611592350.0,1533257350.0,10.57010186229787,1.5174349198123247,0.009882457954012415,0.01678324707105269,0.03160853100805716,10.57010186229787,0.03170254826923732,2.8021845006259563,19.658359965845328,2.492880422845016,0.0,0.0,0.0,0.5238340293559096,1.3898032556288693,0.018667371038477827,19.1128125,0.1257007233273056,-0.3529411764705882,2.680525285982666,0.3493168295501701,0.5015926592757194,-0.03182043418286036,-0.3391054787011061,-0.001770938291960551,0.6429566716199667,0.3719306545897049,0.7193299887738362,Engineering & Construction,Industrials,TTEK
2009Q3,2009,Q3,2009-07-31,2009-06-28,31011000.0,551376000.0,32751000.0,0.51,74669000.0,0.13542301442210034,1093670000.0,602158000.0,665465000.0,433191000.0,491512000.0,0.0,262573000.0,1751984220.0,1758586220.0,10.015435024865692,1.5361930418683676,0.05017692722667715,0.09113388844788245,0.04789004155505562,10.015435024865692,0.05149977248496242,3.177476386349787,14.123893295927251,2.909509165368558,0.0,0.0,0.0,0.504152075123209,1.411102723740798,0.028354988250569185,30.575640837696334,0.13542301442210034,0.59375,2.2042995725444277,0.37012400003597323,0.36823642464081385,0.12587264968863557,0.6139793900281045,0.17682357168523177,2.7784472242303484,0.46802270618657843,0.6871598874806355,Engineering & Construction,Industrials,TTEK
2009Q2,2009,Q2,2009-05-01,2009-03-29,19214000.0,522305000.0,27830000.0,0.32,66321000.0,0.12697753228477612,1109370000.0,556890000.0,698901000.0,443927000.0,552480000.0,0.0,231562000.0,1212882940.0,1274982940.0,9.279334821874896,1.5743601988615246,0.09403174774872225,0.1873188600980445,0.029976743823283247,9.279334821874896,0.03450232541435472,2.3221737107628684,15.781239460809827,2.177957837274866,0.0,0.0,0.0,0.4708122628158324,1.4617200575770342,0.017319740032631134,17.90576701064411,0.12697753228477612,0.18518518518518512,0.37324929143928387,1.003023234388157,0.30420233067453656,0.03077353476010631,0.17819475104243315,-0.027467151244059268,1.0451721833104333,0.5627679565083366,0.6263410553175999,Engineering & Construction,Industrials,TTEK
2009Q1,2009,Q1,2009-01-30,2008-12-28,16308000.0,638683000.0,28616000.0,0.27,64341000.0,0.10074011677154394,1048947000.0,529908000.0,713489000.0,445343000.0,519039000.0,0.0,212348000.0,1301647440.0,1345453440.0,8.870831659300924,1.6021111817183609,0.06952686837371193,0.13762766366992008,0.02794661683450277,8.870831659300924,0.030775153422858307,2.038017983882458,19.954124356144224,2.4563649539165286,0.0,0.0,0.0,0.6088801436106877,1.5220066330895512,0.015547020011497244,-42.108159937888196,0.10074011677154394,-0.09999999999999991,0.14476142872868708,1.4005756845119597,0.2655027412945521,-0.13380452342487884,-0.10385756676557864,-0.07118049920477783,0.9430281472305891,0.7893763718771939,0.6086527486436404,Engineering & Construction,Industrials,TTEK
2008Q4,2008,Q4,2008-11-19,2008-09-28,18198000.0,649204000.0,30809000.0,0.3,74280000.0,0.11441703994430102,1056545000.0,511514000.0,720053000.0,487899000.0,545031000.0,0.0,196040000.0,1385277840.0,1338301840.0,8.562910137940271,1.475823889780467,0.0037158852675465786,0.0076752542452406,0.03575488475408668,8.562910137940271,0.03557673885758748,2.133809773199179,19.03063303659743,2.7081914473504147,0.0,0.0,0.0,0.6144593935894826,1.395704848749434,0.017224065231485643,64.91765499789119,0.11441703994430102,0.111111111111111,0.050751928033365784,1.3117386987101427,0.2817522783715411,0.12733343451206555,0.12785869228385496,0.09836007130124777,0.920677612831337,1.1018017677836671,0.605166159022065,Engineering & Construction,Industrials,TTEK
2008Q3,2008,Q3,2008-08-01,2008-06-29,16135000.0,564277000.0,28050000.0,0.27,65890000.0,0.1167688918740264,954510000.0,481412000.0,633659000.0,405935000.0,473098000.0,0.0,177842000.0,1333290660.0,1351181660.0,8.16741597814838,1.5609863648121005,0.07046023614210432,0.13970362184573712,0.029922886762792582,8.16741597814838,0.03351599046139274,2.36283006395795,20.65836163619461,2.7695418061868007,0.0,0.0,0.0,0.591169291049858,1.4647369652776923,0.01690396119474914,100.97626931232959,0.1167688918740264,0.1739130434782609,0.06143990991700819,1.2117980684889165,0.27705373702632763,0.140596870239579,0.1800628976815622,0.12972733497120303,1.1002927009862098,0.5555297175647507,0.573696683478512,Engineering & Construction,Industrials,TTEK
2008Q2,2008,Q2,2008-05-02,2008-03-30,13673000.0,461386000.0,24829000.0,0.23,57768000.0,0.12520535950375608,862486000.0,451582000.0,540776000.0,342638000.0,410904000.0,0.0,161707000.0,1143305510.0,1183760510.0,7.706045971911742,1.5782721122584185,0.07939259303919136,0.1516335903556829,0.02792914474703637,7.706045971911742,0.0302780004517452,2.477980497891137,20.90443776054999,2.531778303829648,0.0,0.0,0.0,0.5349489730847805,1.483136721554527,0.015853010947424074,29.703190615988152,0.12520535950375608,0.0454545454545455,0.08999421336078493,1.1787947454621988,0.2715279602394244,0.02700492453199168,0.05992248062015504,0.09325877328166968,1.1067256084163846,1.1255998876414424,0.5352139377217889,Engineering & Construction,Industrials,TTEK
2008Q1,2008,Q1,2008-02-01,2007-12-30,12900000.0,470387000.0,22711000.0,0.22,56249000.0,0.11958026050890012,844429000.0,432182000.0,534393000.0,333051000.0,412247000.0,0.0,148034000.0,1253729500.0,1313530500.0,7.411417694167682,1.6045380437230334,0.09232392539810926,0.180389280442036,0.026043883653311988,7.411417694167682,0.02984853603343036,2.665314942802416,24.297083333333333,2.900929469529041,0.0,0.0,0.0,0.5570474249463246,1.4945849134216682,0.015276595190359402,-55.915150298813664,0.11958026050890012,-0.0833333333333333,0.2898486946433283,0.844157617438668,-0.07226918418982144,-0.014316756036869589,-0.08445706174591909,-0.07184600923617639,0.580674475366033,0.8737878707749543,0.02842715580150441,Engineering & Construction,Industrials,TTEK
2007Q4,2007,Q4,2007-11-27,2007-09-30,14090000.0,434765000.0,24469000.0,0.24,57066000.0,0.13125711591319447,847487000.0,415703000.0,542856000.0,348481000.0,431784000.0,0.0,135134000.0,1302129290.0,1309772290.0,7.128822046541938,1.557777898938536,0.0995696689152754,0.20299107776465408,0.028717625807528093,7.128822046541938,0.033894390947383106,2.9950186652559427,23.103784421575583,3.132354806195769,0.0,0.0,0.0,0.5130049192494988,1.4751335079961319,0.01662562375588062,44.147458552296996,0.13125711591319447,0.14285714285714285,0.7969770637267335,1.0657826925020226,-0.0875176277395299,0.056523429544739226,0.13373028644995172,0.10794657007018338,2.211761959309501,0.0698409912799076,0.012723150053274736,Engineering & Construction,Industrials,TTEK
2007Q3,2007,Q3,2007-08-03,2007-07-01,12428000.0,403951000.0,22085000.0,0.21,54013000.0,0.13371176207015206,787217000.0,398812000.0,489267000.0,313051000.0,388405000.0,0.0,121044000.0,1290587200.0,1331649200.0,6.872514216784422,1.5628986970174188,0.09998259692054415,0.19735614775884378,0.02676800020972023,6.872514216784422,0.031162552781761832,3.194910273770829,25.961280978435788,3.2360791550906187,0.0,0.0,0.0,0.5131380546914002,1.4840712855093898,0.01578726069177876,278.50392749244713,0.13371176207015206,0.16666666666666666,0.40069254940505444,0.9886631658506327,-0.10921225512063039,0.19638071189669304,0.19396675953501777,0.20170856458809447,0.3304748136852914,0.03998907029009417,-0.06112672520758733,Engineering & Construction,Industrials,TTEK
2007Q2,2007,Q2,2007-05-04,2007-04-01,10409000.0,346019000.0,18378000.0,0.18,45147000.0,0.13047549412026507,666501000.0,379699000.0,405535000.0,253219000.0,286802000.0,0.0,108616000.0,1095451720.0,1107097720.0,6.564870846156506,1.6015188433727328,0.051327754947104356,0.09009768263808965,0.025779581028500267,6.564870846156506,0.027413819894179337,3.165871585086368,26.31020559131521,2.8850529498365813,0.0,0.0,0.0,0.5191575106413944,1.505890158321453,0.015617380919158411,56.04767050396521,0.13047549412026507,0.12499999999999993,0.7799946673984459,0.7617487455450146,-0.12997306693241154,0.016389382921722685,0.10428601739868448,-0.13980809735548794,-0.22806645707429024,0.3768957434304979,-0.07731318866186897,Engineering & Construction,Industrials,TTEK
2007Q1,2007,Q1,2007-02-06,2006-12-31,9426000.0,369153000.0,21365000.0,0.16,44419000.0,0.12032680216603955,669846000.0,366281000.0,415404000.0,245035000.0,303565000.0,0.0,98206000.0,,,,,,,,,,,,,,,,,,,,,,,,,,,,,,,Engineering & Construction,Industrials,TTEK
