Year,Date,FillingDate,NetIncome,Revenue,OperatingIncome,EPSDiluted,GrossProfit,GrossProfitRatio,TotalAssets,CommonStockEquity,CurrentAssets,CurrentLiability,TotalLiability,Inventory,RetainedEarnings,EnterpriseValue,bookValuePerShare,currentRatio,debtToAssets,debtToEquity,roic,shareholdersEquityPerShare,roe,priceToSalesRatio,peRatio,pbRatio,payoutRatio,inventoryTurnover,dividendYield,assetTurnover,quickRatio,returnOnAssets,priceToFreeCashFlowsRatio,grossProfitMargin,epsdilutedGrowth,fiveYNetIncomeGrowthPerShare,fiveYRevenueGrowthPerShare,fiveYShareholdersEquityGrowthPerShare,grossProfitGrowth,netIncomeGrowth,operatingIncomeGrowth,threeYNetIncomeGrowthPerShare,threeYRevenueGrowthPerShare,threeYShareholdersEquityGrowthPerShare,Industry,Sector,Price,MarketCap,AvgVolume,Symbol
2022,2022-12-31,2022-12-31,-407637900.0,945143662.0,-437745709.0,0.0,351124340.0,0.3715036709,5102423584.0,1450116207.0,1708314811.0,1238272291.0,3607705344.0,2236082.0,-50088070.0,1385311272.0,0.0,1.379595443923246,0.4040063850175242,1.4215493193229307,-0.07606042934522789,0.0,-0.2811070575118398,0.0,0.0,0.0,-0.10057813073808888,265.6518508713008,,0.18523426102132096,1.291206273144329,-0.07989103477771947,0.0,0.37150367094140235,-1.0,-1.0,-1.0,-1.0,-0.3670801604717486,-2.926470399197876,-2.8109858011570887,-1.0,-1.0,-1.0,Lodging,Consumer Cyclical,5.41,552788390,9385,GHG
2021,2021-12-31,2021-12-31,211598320.0,1206145958.0,241716809.0,1.14,554769053.0,0.4599518403,4732064365.0,1949053518.0,1899706203.0,1249061499.0,2597768821.0,2297584.0,420458688.0,5610192024.616615,18.913693441785554,1.5209068604875795,0.14961757604917955,0.3632532372566693,0.06034012538996853,18.913693441785554,0.10856465358484836,4.311767327264563,24.57779784648865,2.668280109082472,1.513495759323609,283.5051536744685,0.06157979525980345,0.2548879019738355,1.39546954525095,0.04471585838203196,-25.965663129275395,0.4599518402564675,-0.5511811023622047,0.5679984787846879,2.6697671765821847,2.743327701545074,0.03215191734867131,-0.19034680637300078,-0.24286331224854815,-0.48341591853777105,0.22802131145617613,0.011065059816088896,Lodging,Consumer Cyclical,5.41,552788390,9385,GHG
2020,2020-12-31,2020-12-31,261344390.0,930010096.0,319251217.0,2.54,537487790.0,0.5779375862,4094954517.0,2103031255.0,1584298985.0,869529464.0,1845029834.0,3804680.0,570042924.0,8544940131.54524,20.407899571880073,1.8220187476016338,0.10761533496172895,0.20954510350346647,0.08637213320442981,20.407899571880073,0.12427033092287541,9.684086634415676,34.461418286213224,4.282531854499347,0.0,103.16828379784897,0.0,0.2271112150670073,1.7127040608252466,0.06382107271644698,48.818564770493815,0.5779375861743333,-0.4147465437788018,1.184521269170177,1.887865895310291,4.339200058872986,-0.28617318480567616,-0.40968238303735843,-0.3672587359523155,0.8048075038184442,1.3556265664504057,6.114541948318481,Lodging,Consumer Cyclical,5.41,552788390,9385,GHG
2019,2019-12-31,2019-12-31,442718263.0,1091793135.0,504552548.0,4.34,752966656.0,0.6896605519,3816479417.0,1797512802.0,1265224210.0,858688412.0,1862375121.0,2537717.0,308698533.0,7561749144.887,17.609098949950702,1.473438085711584,0.0842770736735248,0.17893709387890078,0.1660008010596359,17.609098949950702,0.24629491512239032,7.163991597993515,17.667210728749627,4.351344166886774,0.5126312939116315,133.5162585110948,0.02901597211819255,0.28607337174065517,1.3717290166482414,0.11600174260811427,18.90529057815564,0.6896605518590296,0.09319899244332484,2.735795492997528,2.4224907134682216,3.606966131871042,0.1338978303386004,0.12335149671505811,-0.056949668670177304,2.3118710590677347,2.3534479184263994,2.4851272228495973,Lodging,Consumer Cyclical,5.41,552788390,9385,GHG
2018,2018-12-31,2018-12-31,394104841.0,945005934.0,535021866.0,3.97,664051589.0,0.7026956816971691,3014390010.0,1854749384.0,2450516163.0,675464125.0,1151261579.0,2547729.0,456398812.0,7654198785.610861,18.706702657913947,3.62789979852742,0.019904524564158838,0.03234938397477856,0.19979260731456747,18.706702657913947,0.2124841471304675,9.373723753369427,22.476822533146354,4.775968466158478,0.5088291239741457,110.2763853612374,0.022637947299881035,0.3134982304429811,3.5375986578117677,0.13074115814230688,21.449188376704083,0.7026956816971691,1.8252418544708566,2.423846544251406,2.049883993951114,3.894125805581485,0.21959404003587893,0.38088503741739027,0.3808790263960834,2.423846544251406,2.049883993951114,3.894125805581485,Lodging,Consumer Cyclical,5.41,552788390,9385,GHG
2017,2017-12-31,2017-12-31,285400182.0,778131813.0,387450208.0,1.4051894331515724,544485761.0,0.699734610387919,1755982929.0,582600341.0,1485425522.0,812679079.0,1173022468.0,2355154.0,73489989.0,17046961964.710098,2.868476947655565,1.8278131680562186,0.0,0.0,0.4023844743367833,2.868476947655565,0.4898730088453553,22.115694721904525,60.297528575893125,29.53813174941156,2.028879922017709,99.20627356003047,0.03364781227250585,0.4431317640673943,1.6184743092174518,0.16253015748993083,37.40270810189301,0.699734610387919,0.07303966286780814,0.21039017432516743,0.22594384714462373,-0.24953706118284905,0.33564875305686054,0.07303951622657104,0.24077961614459234,0.21039017432516743,0.22594384714462373,-0.24953706118284905,Lodging,Consumer Cyclical,5.41,552788390,9385,GHG
2016,2016-12-31,2016-12-31,265973599.0,647788607.0,312263518.0,1.309541,407656399.0,0.6293046753136243,1875751280.0,1026213841.0,1601376620.0,491516688.0,848828769.0,1844155.0,556468509.0,17441291551.3602,5.052641646623364,3.258031027422613,0.0,0.0,0.23338843038236623,5.052641646623364,0.25917950857183963,28.308732645494334,68.94697276461714,17.86964251864948,0.06751057273169432,130.2125949283005,0.0009791665975266725,0.3453488817557944,2.7590964195299104,0.1417957710256767,41.91911840305485,0.6293046753136243,0.12800155736003366,0.12800149111153036,0.020588599173539713,0.32189324443202916,0.10062780104062273,0.12800149111153045,0.08510795041430147,0.12800149111153036,0.020588599173539713,0.32189324443202916,Lodging,Consumer Cyclical,5.41,552788390,9385,GHG
2015,2015-12-31,2015-12-31,235791886.0,634720599.0,287771846.0,1.160939,370385337.0,0.583540754126368,1407150015.0,776321269.0,1131467709.0,365807930.0,629947036.0,1897635.0,308450940.0,16687887054.4646,3.8222766232490324,3.0930650109198017,0.0,0.0,0.2815357931279926,3.8222766232490324,0.30372977711113053,27.088680596711814,72.91914860235944,22.14771675212804,0.22077052727760108,139.29721047514406,0.003027607034765318,0.4510681819521567,2.7980889944075296,0.16756698538641596,50.081168805493995,0.583540754126368,0.0,0.0,0.0,0.0,0.0,0.0,0.0,0.0,0.0,0.0,Lodging,Consumer Cyclical,5.41,552788390,9385,GHG
TTM,,,,,,,,,,,,,,,,5368538573.823,0.0,1.379595443923246,0.4040063850175242,1.4215493193229307,-0.07606042934522789,0.0,-0.23984556993546416,4.214414656703268,0.0,0.0,-0.10057813073808888,265.6518508713008,0.0,0.18523426102132096,1.291206273144329,-0.07989103477771947,18.73690468034341,0.37150367094140235,,,,,,,,,,,Lodging,Consumer Cyclical,5.41,552788390,9385,GHG
