Quarters,Year,Quarter,FillingDate,Date,NetIncome,Revenue,OperatingIncome,EPSDiluted,GrossProfit,GrossProfitRatio,TotalAssets,CommonStockEquity,CurrentAssets,CurrentLiability,TotalLiability,Inventory,RetainedEarnings,MarketCap,EnterpriseValue,bookValuePerShare,currentRatio,debtToAssets,debtToEquity,roic,shareholdersEquityPerShare,roe,priceToSalesRatio,peRatio,pbRatio,payoutRatio,inventoryTurnover,dividendYield,assetTurnover,quickRatio,returnOnAssets,priceToFreeCashFlowsRatio,grossProfitMargin,epsdilutedGrowth,fiveYNetIncomeGrowthPerShare,fiveYRevenueGrowthPerShare,fiveYShareholdersEquityGrowthPerShare,grossProfitGrowth,netIncomeGrowth,operatingIncomeGrowth,threeYNetIncomeGrowthPerShare,threeYRevenueGrowthPerShare,threeYShareholdersEquityGrowthPerShare,Industry,Sector,Symbol
2023Q1,2023,Q1,2023-03-06,2023-03-31,0.0,0.0,0.0,0.0,0.0,0.0,1529316431000.0,345246431000.0,376729000000.0,565625000000.0,1184070000000.0,23399000000.0,0.0,1203737628933.0,1973139628933.0,109.21372611666456,0.6660402209944751,0.41694445117748163,1.8469126477371174,,109.21372611666456,0.0,0.0,0.0,3.4866041205593232,0.0,0.0,,0.0,0.5812066298342542,0.0,0.0,0.0,-1.0,-1.0,-1.0,0.6219714454926308,-1.0,-1.0,-1.0,1.0,-1.0,0.5509775067886244,Telecom Services,Communication Services,AMX
2022Q4,2022,Q4,2022-12-31,2022-12-31,24138142000.0,215962074000.0,44685430000.0,7.6,90967979000.0,0.4212220105,1618098425000.0,373804704000.0,361002791000.0,488876035000.0,1180269152000.0,23995133000.0,505483717000.0,1125478445000.0,1225926307000.0,117.73376503937008,0.7384342147186659,0.08290522314796765,0.35887405793587873,0.048655632143153285,117.73376503937008,0.06457420610736883,5.211463402597254,11.656639158473755,3.010872878154043,0.0004449389683762735,5.209143662591909,9.542608343778631e-06,0.13346658686723584,0.6677403117131728,0.014917598105937221,43.56141431352147,0.4212220104906012,0.35714285714285715,-0.29953781825089465,-0.1493597130255901,1.0031152419377618,0.005970168036690539,0.34330897716677555,0.025577757233013476,0.18393851480060117,-0.1469995122222424,1.1841401892090873,Telecom Services,Communication Services,AMX
2022Q3,2022,Q3,2022-09-30,2022-09-30,17969166000.0,214466279000.0,43570982000.0,5.6,90428108000.0,0.4216425464,1630303568000.0,369478867000.0,376582242000.0,542997774000.0,1198747156000.0,31821865000.0,496298343000.0,1063554783261.3086,1170058894261.3086,115.1462263250216,0.6935244673765458,0.08230549367232938,0.36316810509219194,0.041009827977809894,115.1462263250216,0.04863381266133416,4.95907696175075,14.79694137253377,2.8785266986902083,,3.897891308381831,,0.13154990469848496,0.6061385750726853,0.011021975509778188,0.0,0.42164254642567844,0.3301662707838479,2.9362731747331114,-0.09647837589898682,0.5230591720650432,-0.3147568825067253,0.31315156387021337,-0.11052399714198224,0.4186981884538788,-0.11202280276521437,1.0132829910275691,Telecom Services,Communication Services,AMX
2022Q2,2022,Q2,2022-06-30,2022-06-30,13684000000.0,217392000000.0,48985000000.0,4.21,131965000000.0,0.6070370575,1706420000000.0,384597000000.0,414047000000.0,544449000000.0,1260016000000.0,33623000000.0,449113000000.0,1345096865290.5,1784105865290.5,118.28294633246195,0.7604881265279209,0.34953176826338184,1.5508389301008587,0.029755297313989494,118.28294633246195,0.03558010072881484,6.187425780573802,24.574263104547285,3.497419026384761,,2.5407310471998334,,0.12739653778085114,0.38659084689291373,0.008019127764559722,0.0,0.607037057481416,-0.5756048387096774,-0.03321379523559953,-0.11865760169100294,1.2077891504787153,0.03313161046871208,-0.5721878321765772,0.45793029554451026,-0.012323096188228716,-0.11752795488908668,0.959277805298926,Telecom Services,Communication Services,AMX
2022Q1,2022,Q1,2022-03-31,2022-03-31,31986000000.0,211225000000.0,33599000000.0,9.92,127733000000.0,0.6047248195,1777859000000.0,404624201000.0,447816000000.0,580191000000.0,1308828000000.0,33107000000.0,0.0,1352279218455.0,2159348218455.0,125.54272448029786,0.77184237604513,0.39613152674087204,1.7405434431738303,0.018799837164544912,125.54272448029786,0.0790511292229898,6.40207938669665,10.569305465320765,3.3420621285452965,,2.521883589573202,,0.11880863443051445,0.6783490264412926,0.017991303022343166,0.0,0.6047248195052669,0.41512125534950073,-0.08950033300691036,-0.1838823313232128,0.515552101647546,-0.075242894169092,0.40258715194036393,-0.773967856734411,0.6849665296794195,-0.11930043226140738,0.9951277654906145,Telecom Services,Communication Services,AMX
2021Q4,2021,Q4,2021-12-31,2021-12-31,22805000000.0,227318000000.0,148647000000.0,7.01,138126000000.0,0.6076333594,1687387000000.0,457644000000.0,403518000000.0,528148000000.0,1229743000000.0,24185000000.0,0.0,1404295609290.665,2028218718290.665,140.74857757957867,0.7640244779872308,0.39267992464087964,1.4478568494288138,0.09908463731676898,140.74857757957867,0.04983130992649308,6.177670088997198,15.394602162800538,3.068532766278297,0.5625570708178032,3.687905726690097,0.00913562209774352,0.13471598394440634,0.698141606140703,0.01351497907711746,-136.34246379463391,0.6076333594348006,0.44238683127572004,4.855278304462591,-0.14782462025079374,1.211794474918983,0.0014966257221798796,0.4423736163206488,2.353716323208576,0.4101512112744912,-0.16757245037059787,1.3712353566211575,Telecom Services,Communication Services,AMX
2021Q3,2021,Q3,2021-09-30,2021-09-30,15810744000.0,253374840000.0,44323069000.0,4.86,137919586000.0,0.5443302342095213,1602415924000.0,256334864000.0,366702818000.0,534049179000.0,1280174912000.0,35472246000.0,329282335000.0,1174153027782.0,1824839286782.0,78.83588005535907,0.6866461599784615,0.4282231234242278,2.6769341528197272,0.033528441196333844,78.83588005535907,0.061680037406070524,4.634055329968832,18.565745985483037,4.580543627424789,,3.2548052920020907,,0.15812052052473238,0.5756829260100782,0.009866816575644564,0.0,0.5443302342095213,-0.6248671114898804,6.5023299108516825,0.02216592273640525,0.09295462773296366,0.010636823284579535,-0.6307281390134529,-0.04110358479544815,-0.13806362505670622,0.03265108302902357,0.48541146131977375,Telecom Services,Communication Services,AMX
2021Q2,2021,Q2,2021-06-30,2021-06-30,42816000000.0,252507000000.0,46223000000.0,12.955409,136468000000.0,0.5404523438954167,1607080000000.0,251854185000.0,364919000000.0,505418000000.0,1290587000000.0,31699000000.0,0.0,991963034584.7805,1683414034584.7805,76.20688349608722,0.722014253548548,0.43025300545087986,2.7454417721905235,0.031488001602225826,76.20688349608722,0.17000313097834766,3.928457565868592,5.792011365989236,3.9386402675213854,,3.6606517555758855,,0.15712161186748638,0.42754314250778563,0.02664210866913906,0.0,0.5404523438954167,22.813601723421698,4.52623898596069,0.0752724030932305,0.5098993990371102,0.030032681958502214,22.65524861878453,0.0863219741480611,51.3126103357352,-0.018303331329812034,0.15702751637589552,Telecom Services,Communication Services,AMX
2021Q1,2021,Q1,2021-03-31,2021-03-31,1810000000.0,248186000000.0,42550000000.0,0.544034,132489000000.0,0.5338294666097201,1631582000000.0,228917185000.0,384606000000.0,492197000000.0,1338026000000.0,30920000000.0,0.0,916778392517.3999,1662737392517.4,68.80588668470094,0.7814066318973907,0.4571998220132362,3.2586413291776237,0.020370401720475058,68.80588668470094,0.007906789523032096,3.693916629130571,126.62684979522099,4.004847397181648,,3.7418175937904268,,0.15211371540014537,0.4371887679120352,0.001109352763146443,0.0,0.5338294666097201,-0.9514255357142857,-0.6263311922498517,0.10247854177416087,0.22188345118083314,-0.0371232802702302,-0.9514909237776349,0.05246234138860719,-0.8987523556420486,-0.03134176015697899,0.02186041491864902,Telecom Services,Communication Services,AMX
2020Q4,2020,Q4,2021-04-29,2020-12-31,37312605000.0,258989530000.0,40429000000.0,11.2,137597054000.0,0.53128423376806,1625048227000.0,250478803000.0,360223237000.0,507310678000.0,1309930609000.0,30377439000.0,314718025000.0,964961463338.9998,1666753753338.9998,75.07232219391578,0.7100643700624019,0.45396203309109545,2.9452001054157066,0.02565524701039247,75.07232219391578,0.14896512021418434,3.725870552909995,6.465385245408353,3.8524675612530763,0.14826418578922593,3.9961392400458773,0.0057329988918495434,0.15937344239814982,0.5912029235860082,0.02296092163915822,23.01893327622978,0.53128423376806,1.0,1.3597015374144774,0.11261708203294381,1.2098188059992667,-0.004470904026335781,0.9782940989343089,-0.09621532202177363,0.030360083739719292,-0.029259239248934567,0.2772760030566316,Telecom Services,Communication Services,AMX
2020Q3,2020,Q3,2020-09-30,2020-09-30,18861000000.0,258749000000.0,44733000000.0,5.6,138215000000.0,0.534166315618611,1584368000000.0,228840000000.0,365173000000.0,497221000000.0,1355529000000.0,35029000000.0,0.0,927338323725.5651,1735224323725.565,68.95886695796294,0.7344279505491522,0.5099105763307514,3.530353085124978,0.034825500469080284,68.95886695796294,0.08242003146303094,3.5839300778962047,12.291743859360123,4.052343662495915,,3.4409774758057607,,0.16331369984751018,0.46696941601420694,0.011904431293739838,0.0,0.534166315618611,-0.0795259953364842,2.776122495103209,0.15245806533766917,1.2541883676091408,0.005075736090810591,-0.059770687936191426,0.10084902177925434,2.9651761956922824,0.05403804309731889,-0.0878690672929546,Telecom Services,Communication Services,AMX
2020Q2,2020,Q2,2020-06-30,2020-06-30,20060000000.0,250156000000.0,40635000000.0,6.083822,137517000000.0,0.5497249716177105,1661023000000.0,169883094000.0,404274000000.0,496787000000.0,1442142000000.0,33816000000.0,0.0,964683058133.9637,1831810058133.9639,51.52545467029592,0.8137773331427754,0.5220439452072608,5.104257166401737,0.02493498904260359,51.52545467029592,0.11808120235907642,3.8563258851835003,12.02247081423185,5.678511236285606,,3.3309380175065058,,0.15060357382167497,0.5065833043135187,0.012076894781107787,0.0,0.5497249716177105,1.6759802222222222,0.45326677281932165,0.15787588816145623,0.3348343356693892,0.032952752948246074,1.6827541608522514,0.04326059050064185,0.39766708299413717,0.0001553398253451691,-0.03826085397957101,Telecom Services,Communication Services,AMX
2020Q1,2020,Q1,2020-03-31,2020-03-31,-29381000000.0,248993000000.0,38950000000.0,-9.0,133130000000.0,0.5346736655247336,1777914000000.0,232373000000.0,487786000000.0,534098000000.0,1545541000000.0,39270000000.0,0.0,940894633800.0001,1914068633800.0,70.41606060606061,0.913289321435392,0.5473684328938295,4.187982252671351,0.020761744430054938,70.41606060606061,-0.1264389580545072,3.778799539746098,-8.005978640958443,4.0490703902777,,2.950420168067227,,0.14004783133492396,0.5085003126766998,-0.016525546230020123,0.0,0.5346736655247336,-2.40625,-4.670852882784328,0.1631488621421177,0.13633187076646727,-0.03651663470349985,-2.3862957019076867,-0.12712265226527358,-1.8168321015200113,-0.06040442030514216,-0.14993713030336392,Telecom Services,Communication Services,AMX
2019Q4,2019,Q4,2020-04-30,2019-12-31,21193891000.0,263186869000.0,44622535000.0,6.4,138175712000.0,0.5250099008548941,1531933657000.0,177909959000.0,330844323000.0,525399745000.0,1305026792000.0,41102012000.0,281450127000.0,999005901600.0,1724111455600.0,53.903941524011515,0.6297001971327565,0.48621636230556425,4.186675182135251,0.02484884103093594,53.903941524011515,0.11912706359513016,3.7958044996538183,11.784125689803727,5.615233161849023,,3.041485098101767,,0.17180043521949984,0.5204477535481103,0.013834731617232168,0.0,0.5250099008548941,0.6000000000000001,5.586422523127676,0.17958258069284053,-0.008363545872821345,0.045478848409185486,0.6267954405894995,0.17227203467752528,4.529720972899907,-0.02800642265253624,-0.15292614611500704,Telecom Services,Communication Services,AMX
2019Q3,2019,Q3,2019-09-30,2019-09-30,13028000000.0,248426000000.0,38065000000.0,4.0,132165000000.0,0.5320095320135574,1496938000000.0,188766369000.0,353375000000.0,517335000000.0,1258124000000.0,41697000000.0,0.0,971506591069.0,1711346591069.0,57.19326435388577,0.6830680313529918,0.49423556620247466,3.919342221389023,0.020308234197715762,57.19326435388577,0.0690165312233134,3.9106478028426976,18.642665625364597,5.14660845687507,,2.788234165527496,,0.16595610506246752,0.4384315772178569,0.00870309925995599,0.0,0.5320095320135574,-0.06124639723968896,0.31576023821770555,0.14947482976965745,0.016265500526862296,-0.014642620164170313,-0.07372911482403129,0.03533155632921721,5.090116807406463,-0.012677626210015282,-0.20709145497152406,Telecom Services,Communication Services,AMX
2019Q2,2019,Q2,2019-06-30,2019-06-30,14065000000.0,250083000000.0,36766000000.0,4.260969,134129000000.0,0.5363379358053126,1557209000000.0,199274369000.0,368377000000.0,560706000000.0,1307886000000.0,38632000000.0,0.0,932736954000.1821,1700707954000.1821,60.370686593071255,0.6569877975266896,0.49317143684630643,3.8538373191386195,0.019917733832774908,60.370686593071255,0.07058107909502401,3.729709552429322,16.579042907930717,4.680666955217819,,3.0015013460343756,,0.16059693978136524,0.40395501385752963,0.009032185146630928,0.0,0.5363379358053126,-0.2765596314620919,-0.2367898362700845,0.26122079051411007,0.002326817287917065,0.02277846731557906,-0.2766188449919934,0.038987492756392614,0.8175775507518083,0.06624962406036775,0.19613424961822812,Telecom Services,Communication Services,AMX
2019Q1,2019,Q1,2019-03-31,2019-03-31,19443415000.0,245652635000.0,35386374000.0,5.889869,131141791000.0,0.5338505365513381,1542743372000.0,207723214000.0,358479914000.0,533472508000.0,1284971527000.0,0.0,256528752000.0,927461899334.6512,1510240247334.6514,62.92465407568829,0.6719744853281174,0.3777545627984069,2.8055523346562508,0.023740933662561435,62.92465407568829,0.0936025137758556,3.7755015301775665,11.925141485364728,4.464892880651515,,0.0,,0.15923104221899065,0.0,0.012603142786342822,0.0,0.5338505365513381,1.103524642857143,0.47585142124348173,0.32489651807021436,0.08268046079005001,-0.04703335557884917,0.18389951724989964,-0.15374317134802581,3.045474064979164,0.0997726032096618,0.11744208513278122,Telecom Services,Communication Services,AMX
2018Q4,2018,Q4,2018-12-31,2018-12-31,16423197000.0,277319681000.0,41815171000.0,2.8,137614251000.0,0.49622965994973867,1429223392000.0,195995645000.0,349055524000.0,467090889000.0,1183350970000.0,40305362000.0,237255485000.0,924383417295.0,1541645908295.0,59.3566459721381,0.7472967943076277,0.4470416987129749,3.2598808662304717,0.02673358822783069,59.3566459721381,0.08379368327291149,3.3332773713056447,14.071307451512029,4.716346719311034,,3.4661747982811817,,0.1940352239910722,0.6169386468165514,0.01149099370464264,0.0,0.49622965994973867,-0.5,0.02908505751613152,0.4622965055463682,0.04225732690588964,0.09148358978426396,-0.11850158338253448,0.18439798895340603,0.04947782730526543,0.20381089099093827,0.7472142688147967,Telecom Services,Communication Services,AMX
2018Q3,2018,Q3,2018-09-30,2018-09-30,18631000000.0,249212000000.0,35305000000.0,5.6,126080000000.0,0.5059146429545929,1325385000000.0,175275000000.0,306456000000.0,422366000000.0,1150110000000.0,39553000000.0,0.0,1004443403437.4999,1649490403437.5,53.07342922028766,0.7255697665058267,0.486686509957484,3.6801996862073882,0.021944842573606287,53.07342922028766,0.10629582085294537,4.030477679395454,13.478119846458856,5.730671250534874,,3.1130887669709,,0.18802989320084354,0.43284023808734606,0.014057047574855607,0.0,0.5059146429545929,21.612192817398466,0.2347632224049016,0.39328584069543343,-0.12646956441300766,-0.05213697703266549,21.776283618581907,0.0296304937443495,2.7629636638909916,0.11535828552045096,0.7349111442105055,Telecom Services,Communication Services,AMX
2018Q2,2018,Q2,2018-06-30,2018-06-30,818000000.0,257069000000.0,34289000000.0,0.247654,133015000000.0,0.5174291727123846,1444140000000.0,217550000000.0,353920000000.0,430616000000.0,1226590000000.0,40295000000.0,0.0,1085663525814.0,1772216525814.0,65.86436572812595,0.8218923588533635,0.47540612405999416,3.1558400367731556,0.025283992347479585,65.86436572812595,0.0037600551597333945,4.22323783036461,331.80425605562345,4.99040922001379,,3.078644993175332,,0.17800836483997395,0.47889534991732774,0.0005664270777071475,0.0,0.5174291727123846,-0.9541381481481482,-0.9359272742770882,0.46708357345478335,0.17675700600617705,0.003265903365464392,-0.9539102997520847,0.1509079313932803,-0.940845542672948,0.1877377227514694,0.7063025922539375,Telecom Services,Communication Services,AMX
2018Q1,2018,Q1,2018-03-31,2018-03-31,17748000000.0,254368000000.0,29793000000.0,5.4,132582000000.0,0.5212212227953201,1407964000000.0,222404000000.0,326937000000.0,407709000000.0,1185560000000.0,35085000000.0,0.0,1145496834406.8,1759568834406.8,67.33393884347562,0.8018881113735532,0.4844406533121586,3.066828834013777,0.019186940531214794,67.33393884347562,0.07980072300857899,4.503305582489936,16.135576324188644,5.150522627321452,,3.471170015676215,,0.18066371015168,0.6503535609957102,0.012605435934441505,0.0,0.5212212227953201,-0.5024710640078093,-0.2557291484033421,0.485451597556675,0.05689180737299251,-0.028674832962138085,-0.5050062752754149,-0.01877284853275368,1.2154155139470655,0.18717844794692345,0.08659445066280978,Telecom Services,Communication Services,AMX
2017Q4,2017,Q4,2017-12-31,2017-12-31,35855000000.0,264157000000.0,30363000000.0,10.853640078704405,136496000000.0,0.5167230094224268,1486211852000.0,194164312000.0,342235218000.0,413336497000.0,1225578335000.0,38809565000.0,171087598000.0,1111342137648.75,1784956563648.75,58.77533282881792,0.8279820932435105,0.4695729603157545,3.5943005787798943,0.020580515146163374,58.77533282881792,0.1846631836235693,4.2071273433933225,7.748864437656882,5.723719906100715,,3.28942104865128,,0.17773845609192465,0.6726614393308704,0.024125093573806326,0.0,0.5167230094224268,4.876300028108717,1.7565942447791816,0.5345487064540748,-0.25994737652587674,0.0,4.755630040850529,0.06145778710015731,10.132534350975286,0.1828554702998783,0.08125233496239335,Telecom Services,Communication Services,AMX
2017Q3,2017,Q3,2017-09-30,2017-09-30,-9547000000.0,244189000000.0,28605000000.0,-2.8,0.0,0.0,1395337000000.0,249562000000.0,324583000000.0,404612000000.0,1145775000000.0,37077000000.0,0.0,1062075623600.0,1715672623600.0,75.6019388064223,0.8022080412839955,0.468415157055249,2.618976446734679,0.02104048054289799,75.6019388064223,-0.038255022799945505,4.349399946762548,-27.811763475437314,4.255758583438184,,0.0,,0.17500360128055087,0.4611652645003114,-0.006842074710267126,0.0,0.0,-1.6363636363636362,-1.359876343408758,0.46014177068233214,-0.05124593499390579,-1.0,-1.6670159994410676,-0.08205506706886592,-1.9640512974913253,0.12969895839114778,0.3433687174509028,Telecom Services,Communication Services,AMX
2017Q2,2017,Q2,2017-06-30,2017-06-30,14313000000.0,249429000000.0,31162000000.0,4.4,130723000000.0,0.5240890193201272,1351487742000.0,176155557000.0,306656456000.0,408133148000.0,1115755829000.0,33060477000.0,187539944000.0,948169224800.64,1548349794800.6401,53.57529105839416,0.7513637583781849,0.4595515539644458,3.525737720553431,0.0333134745343122,53.57529105839416,0.08125204928959465,3.8013592036236363,16.56132929505764,5.382567776732925,,3.5905713036142823,,0.18455883264681508,0.610424750405228,0.010590551105420237,0.0,0.5240890193201272,-0.6,0.2539969521196084,0.5103712993861067,-0.29671273227140754,-0.0405651376146789,-0.6008088132756938,0.02631492276784244,-0.22029808890980673,0.2628373404897474,-0.11049626892934557,Telecom Services,Communication Services,AMX
2017Q1,2017,Q1,2017-03-31,2017-03-31,35855000000.0,264157000000.0,30363000000.0,11.0,136250000000.0,0.5157917450607026,1411480000000.0,272490000000.0,308379000000.0,411522000000.0,1138989000000.0,29720000000.0,0.0,871256365159.635,1517885365159.635,82.83629730962153,0.749362124017671,0.4581212627879956,2.373037542662116,0.019975422820251377,82.83629730962153,0.1315828103783625,3.2982520438967544,6.074859609256972,3.1973884001601345,,4.303734858681023,,0.1871489500382577,0.45907144697002833,0.02540241448692153,0.0,0.5157917450607026,7.111111111111112,0.2825002412235605,0.6021153474425643,0.06733050558806661,0.031033861959465742,7.003275305299742,0.17903986089014928,1.7312039067378837,0.4297396509680449,0.42527983441030326,Telecom Services,Communication Services,AMX
2016Q4,2016,Q4,2016-12-31,2016-12-31,-5972573000.0,269334488000.0,25752310000.0,-1.8,132148909000.0,0.490649786372698,1515042274000.0,208915243000.0,341909007000.0,470003249000.0,1244018507000.0,36871292000.0,157715300000.0,854977779272.3999,1539560799272.4,63.63546847395675,0.7274609435731795,0.4671826094537082,3.3879835326328966,0.06092612649532075,63.63546847395675,-0.028588497968049176,3.1744088386942853,-35.78766552005308,4.092462412005044,,3.720661022673141,,0.17777357940574534,0.6055076674586988,-0.0039421824080401865,0.0,0.490649786372698,-4.0,-1.4231980616829645,0.7301295665259082,-0.14440603821263856,0.041288710808532095,-3.813270372114932,-0.14324605762193093,-1.3764100606384468,0.42841007364216155,0.11739017900712904,Telecom Services,Communication Services,AMX
2016Q3,2016,Q3,2016-09-30,2016-09-30,2123000000.0,249710000000.0,30058000000.0,0.6,126909000000.0,0.5082255416282888,1466394000000.0,236265000000.0,336050000000.0,436955000000.0,1230129000000.0,40355000000.0,0.0,725787159131.32,1355846159131.3198,72.13097237063043,0.7690723301026422,0.48092736331436164,2.984906778405604,0.02006699343955908,72.13097237063043,0.008985672867331174,2.9065201999572303,85.4671642877202,3.071919916751614,,3.0430182133564614,,0.17028847635765013,0.6237507294801524,0.0014477691534471636,0.0,0.5082255416282888,-0.75,-0.8656144469461331,0.7655295540197613,-0.18269879283196142,0.08644733800755065,-0.7242857142857143,0.16693842689649818,-0.8581390916582392,0.4075778700501377,0.18719669408783313,Telecom Services,Communication Services,AMX
2016Q2,2016,Q2,2016-06-30,2016-06-30,7700000000.0,233383000000.0,25758000000.0,2.4,116811000000.0,0.5005120338670769,1439490510000.0,165773633000.0,364733794000.0,451182856000.0,1221654368000.0,36823990000.0,158706161000.0,738732016838.0001,1406842599838.0,50.47149733597199,0.8083946212708046,0.49671744831440395,4.313231483561683,0.01908145281958658,50.47149733597199,0.046448882495082916,3.1653205967786864,23.98480574149351,4.456269694216089,,3.165653694778866,,0.16212889100602684,0.6609109611203844,0.005349114805904487,0.0,0.5005120338670769,0.7142857142857143,-0.6189990995091464,0.746330900215028,-0.40816901323865845,0.020334896884253557,0.6048353480616924,-0.08144925468939448,-0.3934732930648973,0.3394104159822299,-0.09825764755881067,Telecom Services,Communication Services,AMX
2016Q1,2016,Q1,2016-03-31,2016-03-31,4798000000.0,222985000000.0,28042000000.0,1.4,114483000000.0,0.5134112160010763,1320076000000.0,185574000000.0,333577000000.0,381991000000.0,1134502000000.0,35790000000.0,0.0,886340385216.0,1463590385216.0,56.31133363677743,0.8732587940553573,0.5109758832067245,3.6348141442227897,0.022735646409420964,56.31133363677743,0.02585491502042312,3.9748879306500435,46.182804565235514,4.776209949755892,,3.0316289466331376,,0.1689183047036686,0.7137000609962015,0.0036346392177420087,0.0,0.5134112160010763,-0.7083333333333334,-0.7532278460178506,0.7258882290907945,-0.34036860310073447,-0.034935856443490586,-0.6936757253015678,-0.12985106402719213,-0.7983356680420746,0.30514552015290414,-0.11612200020994262,Telecom Services,Communication Services,AMX
2015Q4,2015,Q4,2015-12-31,2015-12-31,15663140000.0,230577443000.0,32226667000.0,4.8,118627348000.0,0.5144794150570922,1296486813000.0,112277995000.0,351331654000.0,425535459000.0,1135632627000.0,35577472000.0,172331439000.0,802496388608.0001,1440553100608.0,33.97216187594554,0.8256225105790773,0.5269754672005291,6.085045818639708,0.029139487661379672,33.97216187594554,0.13950320363308946,3.4803768233651553,12.808676750128008,7.147405763774104,0.539817558931351,3.1466568226095433,0.010536169533007303,0.17784788914779343,0.605341471672752,0.012081218137310896,-95.99247135828944,0.5144794150570922,2.5,-0.23015762061385284,0.7166649771226846,-0.5599603690003098,-0.0059725767318677654,2.4810205457497276,-0.08363540522247627,0.2036626801536955,0.338869412278792,-0.5722493380921494,Telecom Services,Communication Services,AMX
2015Q3,2015,Q3,2015-09-30,2015-09-30,-10575910000.0,223603962000.0,35167953000.0,-3.2,119340116000.0,0.533711992097886,1293672634000.0,101103847000.0,366864125000.0,430614917000.0,1140820538000.0,34593453000.0,141692442000.0,925653085579.2501,1576533151579.25,30.59143945060047,0.8519540557393185,0.5571380255385382,7.12885056688298,0.028505712891067663,30.59143945060047,-0.10460442716882969,4.139698944955413,-21.881168750000004,9.155468491512991,-2.6533229764625457,3.013976257299322,0.030315142289446317,0.17284431634657274,0.638331987927859,-0.008175105294837674,99.22506682560599,0.533711992097886,-1.7619047619047619,-1.5508992267931139,0.7756313747251271,-0.6187575926687761,0.004850931258630562,-1.7528409738041002,-0.0316127051437383,-1.3981822342825383,0.3354455323836193,-0.6160977748538976,Telecom Services,Communication Services,AMX
2015Q2,2015,Q2,2015-06-30,2015-06-30,14048000000.0,219876000000.0,36316000000.0,4.2,118764000000.0,0.5401408066364678,1289552469000.0,129524435000.0,350599720000.0,404156669000.0,1107353948000.0,34139447000.0,153185401000.0,1127795129830.5,1671846040830.5,38.600636268812394,0.8674846832726643,0.5138688908981492,5.116107219460174,0.02755429553146903,38.600636268812394,0.10845829977949721,5.1292325211960375,20.07038599499039,8.707199763739562,,2.961735144684681,,0.17050566400799935,0.6541063238028617,0.010893701759102288,0.0,0.5401408066364678,0.7500000000000001,-0.09394022384073511,1.6336067041787607,-0.41462555574513166,-0.0005470045190988732,0.7075483165187796,-0.03706846263986848,0.20602101068642104,0.3046354411944695,-0.49328626167445067,Telecom Services,Communication Services,AMX
2015Q1,2015,Q1,2015-03-31,2015-03-31,8227000000.0,220036000000.0,37714000000.0,2.4,118829000000.0,0.5400434474358742,1218880000000.0,210195000000.0,276667000000.0,386831000000.0,1008685000000.0,33568000000.0,0.0,1050416177395.2001,1586552177395.2002,61.96786556603774,0.715214137439864,0.48597482935153585,2.8180736934751063,0.03168513775991927,61.96786556603774,0.03913984633316682,4.773837814699413,31.919781736817797,4.997341408669093,,3.014984509056244,,0.1805231031766868,0.5671675744705053,0.006749639012864269,0.0,0.5400434474358742,1.4742268041237112,-0.5384615209902026,1.1108096090087267,0.10436418111584396,-0.022934862787383666,1.487735948616021,-0.0797901529201669,-0.7146201712001133,0.2941941892510719,-0.20155541190359139,Telecom Services,Communication Services,AMX
2014Q4,2014,Q4,2014-12-31,2014-12-31,3307023000.0,229304181000.0,40984130000.0,0.97,121618299000.0,0.5303797709645774,1278356669000.0,184384276000.0,288408157000.0,378911624000.0,1043717621000.0,35930282000.0,192334408000.0,1112087924441.6,1649369208441.6,54.35857193396227,0.7611488767628833,0.4722899341326157,3.2744385806520726,0.03036111659085045,54.35857193396227,0.017935493588401213,4.849837101058354,84.07016858074468,6.0313598782230216,2.6677443731114057,2.9970786758645533,0.007933088568001345,0.17937418136940936,0.5631345239490463,0.002586932958692141,72.4384842300209,0.5303797709645774,-0.6766666666666667,-0.838418288078194,1.0268189170500326,-0.014831535735900608,-0.013711787518141304,-0.6732093836773817,0.08889565092194901,-0.7732044871449265,0.4256524758566581,-0.2691361117720675,Telecom Services,Communication Services,AMX
2014Q3,2014,Q3,2014-09-30,2014-09-30,10119700000.0,220883984000.0,37638253000.0,3.0,123309087000.0,0.5582527296320406,1199785133000.0,189838409000.0,290125513000.0,331956671000.0,962779887000.0,34122732000.0,199126318000.0,1141258072723.224,1628152411723.224,56.27787652363982,0.8739860901906683,0.4806050468038263,3.0374400683056715,0.021738281899182175,56.27787652363982,0.05330691535662838,5.166776024481812,28.193969997213955,6.011734288835218,0.810094864472267,2.8595276896351676,0.00718322804975956,0.18410295137404406,0.6609135202467433,0.008434593596518585,41.69847960374079,0.5582527296320406,-0.4623655913978495,-0.4780793318899702,1.1332006346754158,-0.014121706193682722,0.11767829190010343,-0.46265774807841353,-0.04010849521734301,-0.3779841558104965,0.5164723794956624,-0.36232696014017934,Telecom Services,Communication Services,AMX
2014Q2,2014,Q2,2014-06-30,2014-06-30,18832876000.0,202634834000.0,39210945000.0,5.58,110326100000.0,0.5444577214201977,1060912403000.0,203171669000.0,274362178000.0,317104616000.0,849133074000.0,30742322000.0,198365678000.0,905730016077.165,1318052972077.165,60.23054112871237,0.8652102938797964,0.47737172321473936,2.492717535337075,0.040609775866032136,60.23054112871237,0.09269440022171595,4.469764641143413,12.023256778162361,4.457954303053763,,3.002659786076016,,0.1910005325859123,0.6988800156728088,0.017751584340747875,0.0,0.5444577214201977,0.39819732773920763,-0.1851305677309971,1.0989462915694306,0.23532664615349153,0.03198977383864424,0.3561738722414304,0.012655251339314699,-0.09265007666556675,0.47636692944164216,-0.2937340385982642,Telecom Services,Communication Services,AMX
2014Q1,2014,Q1,2014-03-31,2014-03-31,13886771000.0,195438821000.0,38720922000.0,3.990853,106906195000.0,0.5470059349160727,1018222775000.0,202234898000.0,229865299000.0,297062508000.0,807399481000.0,0.0,199012925000.0,902601167215.9999,1334396533216.0,58.11932177086776,0.7737943793297537,0.4240676761526965,2.13511797553358,0.028135178025943838,58.11932177086776,0.0686665414195724,4.618331008126578,16.249298832968442,4.463132605412148,,0.0,,0.19194112113628573,0.0,0.013638244341961415,0.0,0.5470059349160727,-0.16857229166666665,-0.19230997143680878,0.9806685626777828,0.2565046730290114,-0.01648283842685969,-0.19154753580358921,0.03955046312051658,-0.3235698834421276,0.43262855979179593,-0.3191898161417909,Telecom Services,Communication Services,AMX
2013Q4,2013,Q4,2013-12-31,2013-12-31,17176979000.0,204120021000.0,37247756000.0,4.8,108697844000.0,0.5325192671815373,1025592433000.0,202400611000.0,236698068000.0,273954953000.0,815291356000.0,36718953000.0,197318912000.0,1083137770482.0001,1525294064482.0,56.950087507034326,0.8640036086516749,0.4780844985037053,2.422521560470981,0.049740627021943824,56.950087507034326,0.08486624084351208,5.306376930472686,15.764381071927726,5.351455043196486,0.4571143738372155,2.5987172619001417,0.007249164615971154,0.19902644991531446,0.6474881985433568,0.01674834802530178,36.50507246369876,0.5325192671815373,0.04347826086956526,0.02004998043846713,1.019872776370503,0.3062338983219105,0.018008372746429406,0.04839959716796875,-0.014479269744675222,-0.21490210961203782,0.41321543736498345,-0.2623285034521238,Telecom Services,Communication Services,AMX
2013Q3,2013,Q3,2013-09-30,2013-09-30,16384000000.0,194221000000.0,37795000000.0,4.6,106775000000.0,0.5497603245787016,1027994000000.0,217876000000.0,250033000000.0,277722000000.0,810117000000.0,36512000000.0,0.0,935884618438.0,1376063618438.0,60.75738984941439,0.9002995801556952,0.49845135282890757,2.351819383502543,0.03319176684249113,60.75738984941439,0.0751987368962162,4.818658221500249,14.28046597958374,4.295492015816336,0.4768572998046875,2.3949934268185804,0.008348069672348803,0.18893203656830682,0.7147111139916895,0.015937836213051827,53.017297974404556,0.5497603245787016,0.21052631578947364,0.2407345046592067,1.1374370153152435,0.640697253703157,-0.00323929724986464,0.15437187345874728,-0.06812466097933823,-0.21344003313420448,0.42143493315142416,-0.242817795260767,Telecom Services,Communication Services,AMX
2013Q2,2013,Q2,2013-06-30,2013-06-30,14193000000.0,194800000000.0,40558000000.0,3.8,107122000000.0,0.5499075975359343,982822842000.0,205525822000.0,204357076000.0,297313821000.0,768445265000.0,33460372000.0,188653914000.0,1041817372416.0001,1468730835416.0,55.97108442265795,0.6873446895696114,0.4665120664747432,2.2308569820487083,0.04102330090985058,55.97108442265795,0.06905701610574266,5.3481384620944565,18.350901367152822,5.06903396506547,,2.6203534138831452,,0.19820459158599815,0.48642949565402144,0.014441056305852525,0.0,0.5499075975359343,-0.4736510403356445,-0.24106853068854642,1.1745298363973096,0.42118983488396144,0.01812381475545036,-0.47180555120345197,0.049201382820415154,-0.16349002231684898,1.132144402706512,-0.15120460165244445,Telecom Services,Communication Services,AMX
2013Q1,2013,Q1,2013-03-31,2013-03-31,26870786000.0,192959396000.0,38656068000.0,7.219545,105215101000.0,0.545270679640809,948969379000.0,237123187000.0,198412500000.0,253444412000.0,702855784000.0,0.0,219254041000.0,962373505201.2001,1341677195201.2002,63.70939614986768,0.7828639757107764,0.3997006630495292,1.5996060731083206,0.0424512297234966,63.70939614986768,0.11331994285316349,4.9874404934455745,8.953715618899277,4.058538169028574,,0.0,,0.2033357453570691,0.0,0.028315756645715753,0.0,0.545270679640809,0.80488625,0.8250386914987471,1.2205937986799675,0.5923066881280047,-0.021541640084534852,0.795949840528062,0.09351806257771705,0.3738271551120201,0.6869668992623125,0.1354009770346892,Telecom Services,Communication Services,AMX
2012Q4,2012,Q4,2012-12-31,2012-12-31,14961880000.0,198011645000.0,35350187000.0,4.0,107531506000.0,0.5430564752896225,1003898013000.0,301797815000.0,209131239000.0,252858677000.0,691574636000.0,28697820000.0,213119991000.0,1128809463600.0002,1500992351600.0002,79.42047763157895,0.8270676785989828,0.41604832621578264,1.3839400659676744,0.031128139657704685,79.42047763157895,0.04957583937445008,5.700722619621691,18.86142422609993,3.740283751225966,,3.152857568972138,,0.19724279004026676,0.6580047359814352,0.014903784852894215,0.0,0.5430564752896225,-0.5,-0.17787030665377557,1.0273680592596324,1.1834609556045432,-0.002888402585239654,-0.5108418609213065,-0.13412563072551806,-0.34745058622039104,0.5623054734311593,0.43937832057981896,Telecom Services,Communication Services,AMX
2012Q3,2012,Q3,2012-09-30,2012-09-30,30587000000.0,192821000000.0,40826000000.0,8.0,107843000000.0,0.5592907411537125,966088000000.0,303283000000.0,205457000000.0,240952000000.0,662805000000.0,29169000000.0,0.0,1250894331456.0002,1614052331456.0002,79.68549658434051,0.8526885022743119,0.42554404981740795,1.3555425130983274,0.039264400343110926,79.68549658434051,0.10085299868439708,6.487334530243077,10.224068488704352,4.124511863361943,,2.9132983647022526,,0.19958947839120245,0.6638583618314021,0.03166067687415639,0.0,0.5592907411537125,1.352941176470588,1.543153620470716,1.286115146703289,0.8663181351320438,0.004293084502058073,1.3081044370661032,0.043689444487051664,0.39814218548817365,0.6504387337032383,0.39593400224827463,Telecom Services,Communication Services,AMX
2012Q2,2012,Q2,2012-06-30,2012-06-30,13252000000.0,191739000000.0,39117000000.0,3.4,107382000000.0,0.5600425578520801,991645000000.0,290811000000.0,222643000000.0,263639000000.0,700834000000.0,30175000000.0,0.0,1329176546834.9998,1690917546834.9998,76.17838899803536,0.8444994860396223,0.4276752265175542,1.45834235981445,0.033543436985161865,76.17838899803536,0.04556911533607738,6.932217998607481,25.075017862115146,4.570585524051704,,2.795592377796189,,0.19335447665243105,0.6662140275148972,0.013363653323517993,0.0,0.5600425578520801,-0.5952380952380952,-0.16997295346946006,1.3502264757925684,1.0525917588748637,-0.013640497120339497,-0.5939950980392157,-0.06904183921176639,-0.49333588685746577,0.7549510863677762,0.5624165419536366,Telecom Services,Communication Services,AMX
2012Q1,2012,Q1,2012-03-31,2012-03-31,32640000000.0,192498000000.0,42018000000.0,8.4,108867000000.0,0.5655487329738491,923657000000.0,298064000000.0,222515000000.0,246434000000.0,625593000000.0,28837000000.0,0.0,1220383744885.5,1538470744885.5,77.61072776982164,0.9029395294480469,0.4097094484207882,1.2696300123463418,0.04262022482850478,77.61072776982164,0.10950668312845563,6.339721684825297,9.347301967566635,4.094368138673238,,2.900128307382876,,0.2084085326046357,0.7080557065989271,0.03533779314182646,0.0,0.5655487329738491,0.9534883720930234,0.8934963580314664,1.6060217335622848,1.1443482107797374,0.1116424922945644,0.9770400475991774,0.18169268970445251,0.7200512643494195,0.7675633555391264,0.6778971114704965,Telecom Services,Communication Services,AMX
2011Q4,2011,Q4,2011-12-31,2011-12-31,16509529000.0,182108504000.0,35557468000.0,4.3,97933464000.0,0.5377753473830086,945616861000.0,285640184000.0,240277267000.0,262758431000.0,649977166000.0,34141317000.0,164052481000.0,1208390205190.0,1529885011190.0,74.37578023694832,0.9144417025385572,0.40250847642193216,1.3325114018271322,0.034555200091334344,74.37578023694832,0.05779834184674801,6.635550667035297,18.29837491411778,4.23046291410455,,2.4654889558009727,,0.1925817014381684,0.7006334613103242,0.017459004466714983,0.0,0.5377753473830086,-0.10416666666666667,0.4536669718223405,1.5250561878099684,1.421589907256374,0.046342407795204925,-0.11628685365592549,-0.11572783566685733,-0.09272487339810086,0.6676245970622123,0.7059177538163173,Telecom Services,Communication Services,AMX
2011Q3,2011,Q3,2011-09-30,2011-09-30,18682000000.0,167258000000.0,40211000000.0,4.8,93596000000.0,0.5595905726482441,962547000000.0,341856000000.0,295890000000.0,244617000000.0,620691000000.0,28868000000.0,0.0,1187540728799.9998,1434875728799.9998,88.25506647734606,1.2096052195881726,0.3885451827287395,1.094007418328185,0.04153935211857284,88.25506647734606,0.05464874099035851,7.100053383395711,15.891509592120755,3.4738039665824205,,2.551683525010392,,0.17376606025472002,1.0205586692666495,0.019408922369505074,0.0,0.5595905726482441,-0.21990807834044138,0.5805455177768598,1.6763174791062492,1.828762468175169,0.020698379463019913,-0.22645025050722536,0.02487574869376832,0.3097518285419215,0.7040830806449809,1.3832466396870222,Telecom Services,Communication Services,AMX
2011Q2,2011,Q2,2011-06-30,2011-06-30,24151000000.0,159703000000.0,39235000000.0,6.15312101910828,91698000000.0,0.5741783185037226,895667000000.0,334725000000.0,244749000000.0,235288000000.0,560942000000.0,27745000000.0,0.0,1228576676550.0,1445274676550.0,85.28025477707007,1.0402102954676822,0.3395882621554663,0.9086802599148555,0.0426365734622935,85.28025477707007,0.07215176637538277,7.6928841446309715,12.717658446337627,3.6704060842482633,,2.451072265273022,,0.17830622318339293,0.8487598177552617,0.026964262387695427,0.0,0.5741783185037226,0.04290186764547111,1.0535150302103415,1.6294767023765924,1.8850927394622528,0.005769315140613346,0.027221300667772532,-0.013501961178718696,0.20816566123036048,0.6678327757792408,1.1653936573796844,Telecom Services,Communication Services,AMX
2011Q1,2011,Q1,2011-03-31,2011-03-31,23511000000.0,156232000000.0,39772000000.0,5.9,91172000000.0,0.5835680270367146,879112000000.0,340191000000.0,242142000000.0,204045000000.0,538921000000.0,25194000000.0,0.0,1369120631900.0002,1580377631900.0002,85.36787954830615,1.1867088142321547,0.346333572969087,0.8949854640481376,0.04153328907181006,85.36787954830615,0.06911117578066439,8.763381585718676,14.55829858257837,4.024564529631884,,2.5823608795745017,,0.17771569492851877,0.9690656472836874,0.026744032614729407,0.0,0.5835680270367146,-0.04220779220779217,1.1498620781091673,1.8019512976728016,2.2171460009811694,-0.020840759830663403,-0.041621141191124165,0.309133132473628,0.49143735457722765,0.6792501388999349,1.1336231980022637,Telecom Services,Communication Services,AMX
2010Q4,2010,Q4,2010-12-31,2010-12-31,24532052000.0,161952678000.0,30380409000.0,6.16,93112536000.0,0.5749366861349462,876694534000.0,307651983000.0,233711972000.0,204543083000.0,540657364000.0,26081530000.0,196132692000.0,1408884683420.0002,1616046374420.0002,77.2025051442911,1.1426051107286772,0.34573063278617405,0.9852046232381997,0.04195425787354582,77.2025051442911,0.0797396192957417,8.699360213234636,14.357591075340947,4.579475385406504,,2.639421153590299,,0.18473102285818518,0.9419711738675612,0.0279824397764524,0.0,0.5749366861349462,0.062068965517241434,0.5090592583606657,1.683570953105096,2.2949300118517355,0.0439444351014093,0.04797522320475031,-0.2601152188207788,0.2854148545525746,0.5811944194978185,1.122483529240231,Telecom Services,Communication Services,AMX
2010Q3,2010,Q3,2010-09-30,2010-09-30,23409000000.0,153555000000.0,41061000000.0,5.8,89193000000.0,0.580853765751685,915117000000.0,323373000000.0,318393000000.0,205249000000.0,591744000000.0,23900000000.0,0.0,1347053457230.0,1531239457230.0,80.24143920595533,1.5512523812539891,0.3962706408033071,1.1214108784592405,0.04592777081011765,80.24143920595533,0.07239008822628977,8.772449332356485,14.386063663868597,4.165633671425876,,2.6929707112970713,,0.1677982159658273,1.3581211114305063,0.025580335629214624,0.0,0.580853765751685,0.0,3.780664577104693,2.050594499970399,2.3629750265702154,0.5427044416770445,0.24967969250480462,0.4217305494962086,0.8381557669222238,0.7193784152704782,0.8793388960143508,Telecom Services,Communication Services,AMX
2010Q2,2010,Q2,2010-06-30,2010-06-30,18732000000.0,100868000000.0,28881000000.0,5.8,57816000000.0,0.5731847563151842,655362000000.0,267328000000.0,231083000000.0,144251000000.0,388034000000.0,20983000000.0,0.0,1250449712250.0,1322457712250.0,65.94178589047854,1.6019507663725034,0.34598893435994155,0.8482014603782619,0.041362654812747555,65.94178589047854,0.07007122336605219,12.396892099079986,16.688683966607943,4.677586007638556,,2.0517561835771816,,0.15391188381383114,1.4117753083167535,0.02858267644446886,0.0,0.5731847563151842,0.11538461538461531,1.1459653325917416,1.1440343522125294,1.9663641300551595,0.004726817739468928,0.11011022875429655,-0.017619646926766215,0.10481679453549461,0.16425461337390243,0.7767711822808137,Telecom Services,Communication Services,AMX
2010Q1,2010,Q1,2010-03-31,2010-03-31,16874000000.0,98680000000.0,29399000000.0,5.2,57544000000.0,0.5831374138629914,512555000000.0,180175000000.0,192190000000.0,133523000000.0,332380000000.0,19677000000.0,0.0,994237329313.8002,1060633329313.8002,56.1118031765805,1.439377485526838,0.3519875915755382,1.0013209379769668,0.05028964392207804,56.1118031765805,0.09365339253503538,10.07536815275436,14.730314823305088,5.518175825246567,,2.0905625857600243,,0.1925256801709085,1.232544205867154,0.03292134502638741,0.0,0.5831374138629914,-0.13764510779436154,3.3006271772329088,1.9103091858427295,1.5981860809849884,-0.003175153215654855,-0.129059327297688,0.36359282753605005,0.17079223307133654,0.5978220727459131,0.5503429513273034,Telecom Services,Communication Services,AMX
2009Q4,2009,Q4,2009-12-31,2009-12-31,19374454000.0,107098031000.0,21559955000.0,6.03,57727293000.0,0.5390135790638392,453007961000.0,177173124000.0,108098322000.0,140256681000.0,275102398000.0,21536018000.0,115866428000.0,986878886759.9999,1070342146759.9999,55.17693055123014,0.7707178098703191,0.24482823603181667,0.6259930258948304,0.0710532812412214,55.17693055123014,0.10935323350735747,9.214724841766698,12.734279979709362,5.570138768676901,,2.292472916766693,,0.23641533972953735,0.5977109924624553,0.0427684625171521,0.0,0.5390135790638392,0.05789473684210528,10.768734526175388,1.9674222985253544,1.6777978803339961,-0.024794442098150182,0.037120817943364914,-0.22303668600670296,1.0403617616978413,0.7761096344353848,0.7964974311606245,Telecom Services,Communication Services,AMX
2009Q3,2009,Q3,2009-09-30,2009-09-30,18681000000.0,99763000000.0,27749000000.0,5.7,59195000000.0,0.5933562543227449,441323000000.0,185523000000.0,97195000000.0,126768000000.0,255800000000.0,21723000000.0,0.0,980308738012.5,1069103738012.5,57.084,0.7667155749084943,0.23872990983927872,0.5678918516841578,0.06786039020489266,57.084,0.10069371452596174,9.826375890986638,13.119061319154488,5.284028061278116,,1.86751369516181,,0.22605438646977383,0.5427158273381295,0.04232954094846632,0.0,0.5933562543227449,-0.1739130434782609,1.9664861823195472,2.382912541136023,1.6747745579952897,0.03803528215200084,-0.16999155818189896,-0.009035068923648311,0.883666263074008,0.9025690644629075,0.829663532968506,Telecom Services,Communication Services,AMX
2009Q2,2009,Q2,2009-06-30,2009-06-30,22507000000.0,94016000000.0,28002000000.0,6.9,57026000000.0,0.6065563308373043,423688000000.0,160166000000.0,95954000000.0,130597000000.0,263522000000.0,21557000000.0,0.0,838152770400.0,933636770400.0,48.75677321156773,0.7347335696838365,0.27176365627537247,0.7188978934355607,0.07774657243829085,48.75677321156773,0.14052295743166465,8.915001386997957,9.30991214288888,5.233025550990847,,1.7159159437769633,,0.22189913332452182,0.5119106870755071,0.05312163667604464,0.0,0.6065563308373043,0.4081632653061224,7.693753873560836,2.6219780928578644,1.5564935039727676,0.023383522064497606,0.37657492354740063,0.04100524183055132,1.2865708682177757,0.8495339593579352,0.6494769247584862,Telecom Services,Communication Services,AMX
2009Q1,2009,Q1,2009-03-31,2009-03-31,16350000000.0,93834000000.0,26899000000.0,4.9,55723000000.0,0.5938465801308694,412639000000.0,153057000000.0,87190000000.0,131512000000.0,259582000000.0,25129000000.0,0.0,634212079458.0,746660079458.0,46.254759746146874,0.6629813248981081,0.29136121403939036,0.7855047465976728,0.06970967229721302,46.254759746146874,0.10682294831337345,6.758872897435897,9.697432407614679,4.143633283404221,,1.516614270364917,,0.22739973681595776,0.41190157552162543,0.03962301188205671,0.0,0.5938465801308694,0.03375527426160341,3.5253137150544687,2.921540037415149,1.4437567364123818,0.06952061540188956,0.042828953217864,0.20206208233492928,0.8004821214218557,1.0266669183484014,0.7431417546157595,Telecom Services,Communication Services,AMX
2008Q4,2008,Q4,2008-12-31,2008-12-31,15678506000.0,94089450500.0,22377380000.0,4.74,52100912500.0,0.5537380888413203,435455470000.0,144268067000.0,113485879000.0,147796106000.0,290530921000.0,31805142000.0,88746689000.0,705310768980.0,826705077980.0,43.59869054094893,0.7678543235773749,0.3295088887045098,0.9945821759710692,0.07990885288104128,43.59869054094893,0.1086762048319397,7.496172687075051,11.246460105637615,4.888890408298046,,1.3201808059841393,,0.2160713482368243,0.5136509550529024,0.03600484338846404,0.0,0.5537380888413203,0.28736516275799256,2.160410968283068,3.0471181286230844,1.6297019877920351,0.043696649893593384,0.2626596917399369,-0.09574111277759917,0.1614717542567024,0.8775756288012547,0.8607509390054016,Telecom Services,Communication Services,AMX
2008Q3,2008,Q3,2008-09-30,2008-09-30,12417048000.0,85443718500.0,24746652000.0,3.681939,49919593500.0,0.584239478060637,363854484000.0,124870032000.0,89378698500.0,120563415000.0,238984452000.0,26506462500.0,0.0,854360234280.0,960921678780.0,37.03144483985765,0.7413417951042611,0.3261836097092045,0.9504551820728291,0.06225738201132158,37.03144483985765,0.09943977591036414,9.999099398746322,17.201355633802816,6.841995798319328,,1.3402061855670102,,0.23482936794039894,0.4670897552130553,0.034126411920211486,0.0,0.584239478060637,-0.2777686565627142,6.347187745036386,3.610315526664258,1.2366661917444324,0.010851524809651281,-0.2953502660855386,0.007472057188186433,2.030688158702242,1.0287014578990956,0.5520138400634642,Telecom Services,Communication Services,AMX
2008Q2,2008,Q2,2008-06-30,2008-06-30,17621589000.0,84410604000.0,24563115000.0,5.098005,49383705000.0,0.5850414836505613,356180616000.0,136266069000.0,83772066000.0,128634510000.0,219914547000.0,25201653000.0,0.0,939860992500.0,1024621762500.0,39.38325693641619,0.6512409927942354,0.2613058061531344,0.6830171566774998,0.07002737233453202,39.38325693641619,0.12931751190386215,11.134394826744753,13.33394213909994,6.8972488851938625,,1.3898651409889662,,0.2369882026370576,0.39199359487590074,0.04947374508443211,0.0,0.5850414836505613,0.2955095568512897,3.371836708679926,3.830181398755416,1.486228841893381,0.03001097052499963,0.2804212685679765,0.035204042616592296,1.3653274176438766,1.102243329461121,0.7716396230906392,Telecom Services,Communication Services,AMX
2008Q1,2008,Q1,2008-03-31,2008-03-31,13762337000.0,81223313500.0,23727800500.0,3.935135,47944834000.0,0.5902841429880843,355810652500.0,139197424000.0,90816534500.0,121478681000.0,216613228500.0,22919502500.0,0.0,1178293803802.5,1265568716802.5,40.010757114113254,0.7475923656102259,0.29541174712300106,0.7551191931540342,0.06660119852969149,40.010757114113254,0.09886919315403422,14.506842346471128,21.40431897217929,8.464910987163814,,1.451972157772622,,0.22827678971753101,0.49238312029416914,0.038678822298610076,0.0,0.5902841429880843,-0.17846868475991653,4.155136177087371,4.2863202500327064,1.7918318926380052,1.3317906348591737,-0.17400860477222002,0.089300467875792,2.237366104958209,1.2109380229982827,0.8526475062014802,Telecom Services,Communication Services,AMX
2007Q4,2007,Q4,2007-12-31,2007-12-31,16661598510.0,89418826050.0,21782603790.0,4.79,20561380290.0,0.22994464586800512,349970304000.0,126543981000.0,82536261000.0,116337240000.0,222805422000.0,21110634000.0,93908553000.0,1163240649165.0,1256245083165.0,36.373665133659095,0.7094569288389513,0.30004980079681276,0.8298183696307136,0.07916852065503362,36.373665133659095,0.13166646393082893,13.008900927804117,17.453917288710972,9.192382284582939,,3.2617421987421125,,0.2555040385655121,0.4893258426966292,0.047608606557658105,0.0,0.22994464586800512,0.5375538705591496,6.327069946914282,4.756011834811792,1.9354451233664005,-0.5425550179134286,0.5017247253591189,0.1033968872627391,8.341203557222011,1.286718525426925,0.7652544717843024,Telecom Services,Communication Services,AMX
2007Q3,2007,Q3,2007-09-30,2007-09-30,11094975150.0,77806929180.0,19741404060.0,3.115338,44948313120.0,0.5776903624613655,350349801510.0,149907871140.0,95165373060.0,101833289160.0,200441930370.0,19763266080.0,0.0,1254408310456.0002,1324333981426.0002,42.69663091426944,0.9345212537569773,0.2777448441546286,0.649117689951874,0.04804552132885763,42.69663091426944,0.07401195858247046,16.122064238700755,28.265234790904426,8.367861546672886,,1.6626106194690264,,0.22208355433527815,0.6780807213396307,0.03166827868085239,0.0,0.5776903624613655,-0.259337398808887,47.160646041193594,4.58065694231628,0.0,0.03699160835821226,-0.24634335437395244,-0.09428497026011304,0.6308764994703862,1.4422610115123775,1.0006282335085672,Telecom Services,Communication Services,AMX
2007Q2,2007,Q2,2007-06-30,2007-06-30,14721525000.0,75225375000.0,21796485000.0,4.20615,43344915000.0,0.5762007168458781,331929945000.0,130638705000.0,84867165000.0,103870335000.0,201291240000.0,17191290000.0,0.0,1175530488000.0,1250497023000.0,37.113268465909094,0.8170491122417195,0.27845469019072683,0.7075043341864113,0.06903642773207991,37.113268465909094,0.11268884669363494,15.626781362007168,19.96278388278388,8.998332370180796,,1.8544542032622333,,0.22663027585534654,0.5862319592980999,0.04435130129642265,0.0,0.5762007168458781,9.380480653902536,86.00545816252112,5.477897448812394,0.0,0.07853895514175874,-0.06822247494955522,0.016567687516613243,4.3068308010431835,1.7045880277208707,0.945982547544458,Telecom Services,Communication Services,AMX
2007Q1,2007,Q1,2007-03-31,2007-03-31,15799399110.0,67702246920.0,21441253020.0,0.405198,40188548400.0,0.593607305936073,328077669150.0,127399906590.0,87818602740.0,99687473490.0,200677762560.0,17168459550.0,0.0,924962068799.9999,1009534673399.9999,36.19315528125,0.8809391959242441,0.3229008918054854,0.8315278620331051,0.06750224294804892,36.19315528125,0.1240142126700754,13.662206365070517,14.63603239528519,7.260304136460041,,1.6025723472668811,,0.20636042402826854,0.6287517997563407,0.04815749621403332,0.0,0.593607305936073,-0.8631087837837838,11.118650951658271,5.536620278450854,0.0,2.028161785925593,0.5178047779045332,12.02684190983615,3.110793001603363,1.659828342236995,0.9121765525534249,Telecom Services,Communication Services,AMX
