Quarters,Year,Quarter,FillingDate,Date,NetIncome,Revenue,OperatingIncome,EPSDiluted,GrossProfit,GrossProfitRatio,TotalAssets,CommonStockEquity,CurrentAssets,CurrentLiability,TotalLiability,Inventory,RetainedEarnings,MarketCap,EnterpriseValue,bookValuePerShare,currentRatio,debtToAssets,debtToEquity,roic,shareholdersEquityPerShare,roe,priceToSalesRatio,peRatio,pbRatio,payoutRatio,inventoryTurnover,dividendYield,assetTurnover,quickRatio,returnOnAssets,priceToFreeCashFlowsRatio,grossProfitMargin,epsdilutedGrowth,fiveYNetIncomeGrowthPerShare,fiveYRevenueGrowthPerShare,fiveYShareholdersEquityGrowthPerShare,grossProfitGrowth,netIncomeGrowth,operatingIncomeGrowth,threeYNetIncomeGrowthPerShare,threeYRevenueGrowthPerShare,threeYShareholdersEquityGrowthPerShare,Industry,Sector,Symbol
2023Q1,2023,Q1,2023-05-15,2023-03-31,-1262929.0,1874565.0,-1183610.0,-0.88,661302.0,0.3527762441,10167037.0,5432011.0,7048828.0,1640720.0,4735026.0,4165449.0,-37928868.0,4322829.174,6333864.174,3.7879815510609394,4.296179725973962,0.26167259940137916,0.4897698108490576,-0.11533814318875746,3.7879815510609394,-0.23249750414717496,2.306043894983636,-0.8557150033770703,0.795806410185841,0.0,0.29126824023052494,0.0,0.1843767264739963,0.5771240674825686,-0.12421799979679429,-5.90210981662186,0.35277624408862857,0.30708661417322836,-4.006899925921772,-0.6688143003156919,-0.6971322059110682,1.0958477178152004,0.8560497441633325,0.8648418568306414,-2.663768068691249,2.306101916579136,-0.6748825084481285,"Furnishings, Fixtures & Appliances",Consumer Cyclical,NVFY
2022Q4,2022,Q4,2023-04-17,2022-12-31,-8773371.0,2249774.0,-8757223.0,-1.27,-6899507.0,-3.0667555941,11533496.0,6611830.0,8200306.0,1642677.0,4921666.0,4932642.0,-36706553.0,15064874.309999999,16548521.309999999,0.9541479154896447,4.9920379965142265,0.2477838462856362,0.4322273863665581,-0.7193306877458338,0.9541479154896447,-1.3269202323713707,6.696172286638569,-0.42927838997119805,2.27847272389036,0.0,1.8548439152892102,0.0,0.19506435862985516,1.0603545310490132,-0.7606861787614094,-7.8581905876191644,-3.0667555941174536,-4.08,-5.8006550299463955,-0.9496310362318945,-0.92283486216608,-7.064205185178023,-3.973845470919286,-34.62322996879945,0.8210717214812051,1.1418074747875175,-0.9836281902872036,"Furnishings, Fixtures & Appliances",Consumer Cyclical,NVFY
2022Q3,2022,Q3,2022-11-18,2022-09-30,-1763901.0,3016104.0,-245829.0,-0.25,1137743.0,0.377222735,20096353.0,14440618.0,16704172.0,2211339.0,5655735.0,12760772.0,-27907428.0,25651844.700000003,25509170.700000003,2.082902310725435,7.553872110969869,0.1506456420227093,0.2096467062559234,-0.012441827446682423,2.082902310725435,-0.12214858117568099,8.504960273253177,-3.6356695613869485,1.7763675141881048,0.0,0.14719806920772505,0.0,0.1500821566977849,1.6240110629803932,-0.08777219428818751,-12.009566090233346,0.3772227350250522,0.7023809523809523,-1.4792554623212386,-0.9270705978468011,-0.826846014047439,1.3206556493658574,0.6930306208699729,0.9567409316249483,-2.6461582038420763,-0.7350786022604148,-0.8407394060164485,"Furnishings, Fixtures & Appliances",Consumer Cyclical,NVFY
2022Q2,2022,Q2,2022-08-12,2022-06-30,-5746179.0,3813047.0,-5682716.0,-0.84,-3548177.0,-0.930535868,22569735.0,16874002.0,19096394.0,2165780.0,5695733.0,13469887.0,-26194436.0,24760505.2815,23151817.2815,2.4536996927277346,8.81732862987007,0.1362005358060252,0.18217432948034498,-0.25084374064548537,2.4536996927277346,-0.3405344505707656,6.49362708655309,-1.0772595702944512,1.4673759835692801,0.0,0.5464948592367553,0.0,0.16894513825705088,2.270465605924886,-0.2545966534387754,-53.04488860265133,-0.930535868034147,-4.999999999999999,-9.247903002589794,-0.843804350125819,-0.7867904336033253,-3.321607011060453,-4.938098338293651,-5.859753698030212,-124.70285818114158,-0.3067005289717965,-0.8118334165636494,"Furnishings, Fixtures & Appliances",Consumer Cyclical,NVFY
2022Q1,2022,Q1,2022-05-13,2022-03-31,-967680.0,3665946.0,-828414.0,-0.14,1528328.0,0.4168986668,29025722.0,22642600.0,25317231.0,2288455.0,6383122.0,18692773.0,-20502929.0,51318662.6095,49220998.6095,3.307573546715499,11.063023306117008,0.11267061677225462,0.1444333247948557,-0.030745661858782667,3.307573546715499,-0.04273714149435136,13.998750284237683,-13.25816969698144,2.266465097184069,0.0,0.11435531796165288,0.0,0.12629990737181318,2.625729149142107,-0.033338705579830194,-59.910065561321275,0.416898666810695,0.925531914893617,0.36076845536880514,-0.8378067625254156,-0.70974321479059,1.1681313580965103,0.9155366024203798,0.9277976017250887,-4.492582529016975,-0.7120453780325172,-0.7469341527969233,"Furnishings, Fixtures & Appliances",Consumer Cyclical,NVFY
2021Q4,2021,Q4,2022-04-08,2021-12-31,-11456797.0,3015069.0,-11473497.0,-1.88,-9090083.0,-3.0148839048,29529624.0,23444188.0,25568953.0,1814397.0,6085436.0,17656175.0,-19604882.0,57003481.15,54186226.15,3.845434583603496,14.092259301575124,0.11713156252853067,0.14753554271105487,-0.379214838925999,3.845434583603496,-0.48868389043800536,18.906194568018176,-1.243879095309099,2.431454702120628,0.0,0.6856044415055922,0.0,0.10210319643758417,3.5825329296730537,-0.3879763927911849,-34.49168779909879,-3.014883904812792,-7.545454545454545,-10.503003037622522,-0.8735896955868654,-0.6908352418541839,-7.495055157448274,-7.203160889912303,-9.004426939369155,-4.847918518081178,-0.8898023221243945,-0.7084715652198948,"Furnishings, Fixtures & Appliances",Consumer Cyclical,NVFY
2021Q3,2021,Q3,2021-11-15,2021-09-30,-1396632.0,2916571.0,-1146842.0,-0.22,1399539.0,0.4798576821891187,40119408.0,34737624.0,37364444.0,2348443.0,5381784.0,27779269.0,-8148085.0,72630443.3,66978112.3,5.428467932812411,15.910304827496345,0.0554979525121607,0.06409606483160736,-0.03337955999301202,5.428467932812411,-0.04020516774549693,24.902683082290814,-13.000998706173135,2.090829335362718,0.0,0.05461022030493315,0.0,0.07269725914200928,3.433880660505705,-0.03481187957708648,-47.88535230099482,0.4798576821891187,0.8053097345132744,-4.70231828304871,-0.9237107876819497,-0.5435168289458779,1.3492619286657068,0.7799029142890732,0.8173412142796733,-1.5230399649176272,-0.8452073056562545,-0.5708473794949437,"Furnishings, Fixtures & Appliances",Consumer Cyclical,NVFY
2021Q2,2021,Q2,2021-08-16,2021-06-30,-6345527.0,3550016.0,-6278603.0,-1.13,-4007133.0,-1.128764771764409,38659282.0,33452387.0,35882607.0,2198365.0,5206895.0,27164042.0,-6751453.0,88002597.7,84712058.7,5.968033781120986,16.322406424774776,0.05728533706342503,0.06620185280051914,-0.16649049925819137,5.968033781120986,-0.18968831730901595,24.789352414186304,-3.467111466864769,2.6306821602894885,0.0,0.2782041420787083,0.0,0.09182829624202539,3.590920525026554,-0.164139804769266,-99.23512018935307,-1.128764771764409,-7.07142857142857,-7.224835336880646,-0.8683458554188961,-0.5061676242409185,-3.9030632204892806,-7.310700070854457,-7.19550765367059,-5.657403928254272,-0.8526578458653068,-0.5369214058516677,"Furnishings, Fixtures & Appliances",Consumer Cyclical,NVFY
2021Q1,2021,Q1,2021-05-17,2021-03-31,-763537.0,3331567.0,-766103.0,-0.14,1380312.0,0.4143131445352892,44760274.0,39948961.0,41803949.0,1448878.0,4811313.0,32940465.0,-405926.0,90698583.6,85454297.6,7.135427506279161,28.852635625635838,0.05355172758772656,0.0600013101717464,-0.017400425085697637,7.135427506279161,-0.019112812470892547,27.22400107817132,-29.69685280477567,2.2703615145335068,0.0,0.059235806173349406,0.0,0.07443133614418893,5.806542027693153,-0.01705836295818922,-102.95718026869179,0.4143131445352892,0.9899856938483548,-7.8334283228356645,-0.8930719061289315,-0.42696674694369396,1.0923088775450425,0.9524174295452192,0.9541321936017385,-1.465626212460254,-0.8492397257414711,-0.42948740389113627,"Furnishings, Fixtures & Appliances",Consumer Cyclical,NVFY
2020Q4,2020,Q4,2021-03-29,2020-12-31,-16046569.0,3536411.0,-16702412.0,-13.98,-14953188.0,-4.228351286092029,46478522.0,40928475.0,43294903.0,2025283.0,5550047.0,32814520.0,351370.0,13662675.6,7502043.6,35.64813121230808,21.377211481062155,0.055598841976945826,0.06313824299586046,-0.3513417281047601,35.64813121230808,-0.3920636915985753,3.863429787996927,-0.21285976460139236,0.33381834040970254,0.0,0.5634578534136717,0.0,0.07608699347195248,4.878773978747661,-0.3452469723542414,-13.823777907736764,-4.228351286092029,-8.575342465753424,-94.2118625286304,-0.5086457379710254,1.71268195549583,-1.2690109024352754,-0.9624005596177576,-1.0262648496485969,-53.994813697702014,-0.522136309198535,1.8829837741748687,"Furnishings, Fixtures & Appliances",Consumer Cyclical,NVFY
2020Q3,2020,Q3,2020-11-20,2020-09-30,-8177010.0,3315673.0,-8242956.0,-1.46,-6590179.0,-1.9875841194231156,62456844.0,56578808.0,59066946.0,2180298.0,5878036.0,48458672.0,16397939.0,46082305.5,39768788.5,10.129162613185661,27.09122606175853,0.04862714484900966,0.05367907362063902,-0.13066159882798192,10.129162613185661,-0.14452425367462673,13.89832637295656,-1.4088984084647078,0.8144799639469252,0.0,0.20441856103691822,0.0,0.053087424654374146,4.614625615397528,-0.13092256150502898,-136.5005287353598,-1.9875841194231156,-15.222222222222221,-233.4971655612639,-0.901130180678703,-0.17620882575564775,-8.558437521863247,-14.868383976774785,-14.312883845870905,-3.757553973369109,-0.9004904731416079,-0.15795144505653533,"Furnishings, Fixtures & Appliances",Consumer Cyclical,NVFY
2020Q2,2020,Q2,2020-08-14,2020-06-30,-515302.0,2294926.0,-538302.0,-0.09,871897.0,0.37992379710718344,70179613.0,64487307.0,67159011.0,1935741.0,5692306.0,46331973.0,24574949.0,53839868.65,47382231.65,11.558395816220106,34.694213223773225,0.04293631542254301,0.04672631158252585,-0.007703716431108758,11.558395816220106,-0.007990750799998517,23.460394213146742,-26.12054127967677,0.8348909445078858,0.0,0.030713757862200257,0.0,0.032700750287693946,5.1474861564641134,-0.007342616722608601,-121.7504350824825,0.37992379710718344,0.625,-1.9118884160737257,-0.9379863719398617,-0.14908818584519376,0.1192099395529563,0.6152866413228175,0.3444183820359369,-1.91168798574089,-0.8841261407756065,0.004344813475458413,"Furnishings, Fixtures & Appliances",Consumer Cyclical,NVFY
2020Q1,2020,Q1,2020-07-06,2020-03-31,-1339444.0,2203220.0,-821106.0,-0.24,779029.0,0.35358656874937594,70313378.0,64922301.0,67138424.0,1443567.0,5391077.0,29356280.0,25090251.0,30647078.0,26424182.0,11.65111582578933,46.50869963084498,0.03818196588421623,0.04135255464836343,-0.011963439536196666,11.65111582578933,-0.02063149302117311,13.910130626991403,-5.7201118523805405,0.4720577910508748,0.0,0.04851401471848613,0.0,0.03133429316964405,6.851871787038634,-0.019049632347346475,-45.59518623652843,0.35358656874937594,0.9661016949152542,-1.6187668432271327,-0.9249391043469398,-0.09177480454507247,1.2393121460370278,0.8329632890460739,0.8169812355314593,-0.08702966147023732,-0.8802446443304877,0.022446024534908918,"Furnishings, Fixtures & Appliances",Consumer Cyclical,NVFY
2019Q4,2019,Q4,2020-05-12,2019-12-31,-8018860.0,-2594567.0,-4486458.0,-7.08,-3255284.0,1.25465405210195,71555593.0,66046546.0,68498871.0,1464700.0,5509047.0,29724665.0,26429695.0,10482692.0,5751623.0,58.27992947803865,46.76648528708951,0.03762290111969305,0.04076108688560338,-0.0771638100349703,58.27992947803865,-0.12141225371573557,-4.040247178045508,-0.3268136617923246,0.15871673289319324,0.0,0.02222790399824523,0.0,-0.036259457733793084,5.351468560114699,-0.11206475502201484,1.4618226199118836,1.25465405210195,-100.14285714285712,-17.22498104363322,-1.3217931260713012,3.5878979130701834,-3.074252394421481,-19.242081242363966,-11.141805929554405,-42.31310541368175,-1.5852060218705684,3.685582321088025,"Furnishings, Fixtures & Appliances",Consumer Cyclical,NVFY
2019Q3,2019,Q3,2019-11-12,2019-09-30,-396148.0,9322836.0,-369505.0,-0.07,1569377.0,0.1683368665929552,79875577.0,74249959.0,73198408.0,1358526.0,5625618.0,25345239.0,34448555.0,90650994.3825,91642338.3825,13.078579318500836,53.88075605472402,0.03513597153733237,0.03779808147772849,-0.00449164171543354,13.078579318500836,-0.005335329545434497,9.723542748419042,-57.20778243390096,1.2208894873935217,0.0,0.30591382468320777,0.0,0.11671697845763293,8.084855203360112,-0.004959563547190401,-102.03768586075975,0.1683368665929552,-6.0,-1.0932948978567434,-0.7353829027404095,0.09583051513344615,0.6164030128529303,-9.374440225219328,0.514179329168962,-2.183685742858602,-0.7251309711876412,0.09978569166919093,"Furnishings, Fixtures & Appliances",Consumer Cyclical,NVFY
2019Q2,2019,Q2,2019-08-14,2019-06-30,-38185.0,4594202.0,-760579.0,-0.01,970907.0,0.21133311073392072,80508017.0,74909068.0,73601880.0,1198145.0,5598949.0,5860096.0,34844703.0,104837909.75,104645494.75,13.040039564504957,61.42986032575356,0.03622713747874327,0.03893487234415999,-0.000511141185256278,13.040039564504957,-0.0005097513694870693,22.81961257907249,-686.3814963336389,1.3995356309866251,0.0,0.6182995978222883,0.0,0.05706514917638575,9.713358566784487,-0.00047430059046169276,-2.245931577928428,0.21133311073392072,0.6666666666666666,-1.0080909854088835,-0.8741505957400502,0.15415150455201845,-0.5165441396151104,0.741173041598037,-3.2297861691182606,0.9517060569540925,-0.8337526747404291,0.07901428750330236,"Furnishings, Fixtures & Appliances",Consumer Cyclical,NVFY
2019Q1,2019,Q1,2019-05-13,2019-03-31,-147531.0,10660808.0,-179815.0,-0.03,2008264.0,0.188378216735542,82633526.0,74923985.0,75053065.0,1758605.0,7709541.0,6464030.0,34882888.0,128193277.2375,81320502.2375,13.070011553401294,42.677613790475974,0.036610794025659754,0.04037797775972541,-0.0012977329235666784,13.070011553401294,-0.001969075723882012,12.02472432084885,-217.2310857336763,1.7109778295628562,0.0,1.3385680450121673,0.0,0.12901310782744524,35.64434196422733,-0.0017853649377130537,2.319996428927435,0.188378216735542,-1.0625,-1.328081715458318,-0.5975756903873902,0.2829797593621228,-0.44623918164469056,-1.0531962996136055,-1.0659216697394551,-2.2895329270607636,-0.665824975280359,0.049628943933388486,"Furnishings, Fixtures & Appliances",Consumer Cyclical,NVFY
2018Q4,2018,Q4,2019-04-01,2018-12-31,2773332.0,25485275.0,2727707.0,0.48,3626591.0,0.14230142700049342,90090929.0,74906376.0,85449614.0,11832901.0,15184553.0,6371112.0,35030419.0,65334248.85,70692002.85,13.190598668373609,7.221357974684315,0.06935395238293081,0.08341295272381086,0.03559886760192412,13.190598668373609,0.03702397777193226,2.5636077636988417,5.889508436963191,0.8722121178309308,0.0,3.430905625266045,0.0,0.28288391831324106,5.776882946962879,0.030783698545277516,-47.007182536884535,0.14230142700049342,6.333333333333333,0.4392745191831586,-0.2258509095426633,0.2857781170256451,0.1266816307192842,6.636475602246191,3.0103928131055135,2.257057134158588,-0.2840942757511067,0.0037524485303214853,"Furnishings, Fixtures & Appliances",Consumer Cyclical,NVFY
2018Q3,2018,Q3,2018-11-09,2018-09-30,-492033.0,16747827.0,-1356803.0,-0.09,3218825.0,0.19219359024905142,84918118.0,71948992.0,80297992.0,9389806.0,12969126.0,5787459.0,32257087.0,238895790.0,242863667.0,12.649271316166768,8.551613526413645,0.05713533359276757,0.06743423174017504,-0.006060454402105041,12.649271316166768,-0.006838636460674807,14.264285748831774,-121.38199571979928,3.320349366395571,0.0,2.3376410960319545,0.0,0.19722324745821615,5.818290388534119,-0.005794205189521511,-53.507379848169855,0.19219359024905142,-1.3749999999999998,-1.2696152164706613,-0.4977938629313937,0.3433295535661761,-0.23456824472128945,-1.360911901592087,-1.8414569179103784,-14.738471252004942,-0.5095761774465322,0.028748226167847203,"Furnishings, Fixtures & Appliances",Consumer Cyclical,NVFY
2018Q2,2018,Q2,2018-08-13,2018-06-30,1363305.0,24108630.0,1612445.0,0.24,4205241.0,0.17442886634371177,89806360.0,72283911.0,85076920.0,12931192.0,17522449.0,5882945.0,32749120.0,234164769.75,233667920.75,12.887734083448734,6.579201669884725,0.08136205498140667,0.10108515019338121,0.017781833668035575,12.887734083448734,0.018860421097026694,9.712902381844177,42.94064236359435,3.2395143886168527,0.0,3.383235607336122,0.0,0.2684512544545843,4.881166716881166,0.015180495011711865,-357.0559188406593,0.17442886634371177,-0.17241379310344826,-0.2317196847070386,-0.15840035102557098,0.42369927135682195,-0.14205754025977949,-0.17626120756171673,-0.17929868744388502,8.663330052518228,-0.35195884388380866,-0.051224290666456576,"Furnishings, Fixtures & Appliances",Consumer Cyclical,NVFY
2018Q1,2018,Q1,2018-05-14,2018-03-31,1655021.0,22303472.0,1964716.0,0.29,4901542.0,0.21976587322368463,77741499.0,70672604.0,72901335.0,2509342.0,7068895.0,6220820.0,31385815.0,305133642.0,304012472.0,12.507046391167842,29.05197258883006,0.0,0.0,0.02418678876870779,12.507046391167842,0.023418140924876634,13.680992896531984,46.09211031159121,4.3175661392072096,0.0,2.7973691571207655,0.0,0.28689274437581913,22.23817917206981,0.021288771393512748,-763.9265199234906,0.21976587322368463,0.11538461538461527,-0.07859184854310462,-0.024256942833352155,0.4680270629924996,-0.41291480540355696,0.13365212185475464,-0.6094192666238987,-0.24606130631850245,-0.25069539169330685,-0.025053495044737015,"Furnishings, Fixtures & Appliances",Consumer Cyclical,NVFY
2017Q4,2017,Q4,2018-03-29,2017-12-31,1459902.0,35680718.0,5030243.0,0.26,8348945.0,0.23399038662843052,79858014.0,68447604.0,74917333.0,2680443.0,11410410.0,6374560.0,29730794.0,332135220.0,330614622.0,12.365012780035794,27.949608702740555,0.05261986605376888,0.06139174718226806,0.0203396743330694,12.365012780035794,0.02132875242791552,9.308535215014452,56.876286901449554,4.852400969360446,0.0,4.287632871915865,0.0,0.44680197030695,22.29619469617522,0.01828122096800454,82.19945993182698,0.23399038662843052,-0.5094339622641509,-0.4528475664249186,0.19764104018527592,0.5091489891228419,0.4153985664184688,-0.5062281994417298,0.8158850134632525,-0.39526837295580736,-0.0940319752806229,-0.026604581771337937,"Furnishings, Fixtures & Appliances",Consumer Cyclical,NVFY
2017Q3,2017,Q3,2017-11-13,2017-09-30,2956633.0,33222625.0,2770133.0,0.53,5898653.0,0.17754927553135852,73234993.0,66995182.0,66742472.0,907946.0,6239811.0,6720649.0,28651140.0,231129436.0,233649439.0,12.029190660942035,73.5092968084005,0.04536137526496384,0.04958625233677252,0.04322571559958317,12.029190660942035,0.04413202429989667,6.956988979648658,19.543297730898626,3.449941161440535,0.0,4.065674609699153,0.0,0.4536441343006614,41.612605815764375,0.04037186157715616,-68.28225844571439,0.17754927553135852,4.3,0.5806412157778789,0.15037999344434227,0.5652276159898271,0.698987345126422,4.303701032888104,8.160583603673317,-0.2902157952474965,-0.038759002513945186,0.00790413680264804,"Furnishings, Fixtures & Appliances",Consumer Cyclical,NVFY
2017Q2,2017,Q2,2017-08-07,2017-06-30,557466.0,19533767.0,302397.0,0.1,3471864.0,0.1777365318220495,70987861.0,63327769.0,64104394.0,5362344.0,7660092.0,2013003.0,25694507.0,207728661.5,206863752.5,11.50839399092744,11.95454711596272,0.06067337343774874,0.06801239121498186,0.010407645878177907,11.50839399092744,0.008802868138304382,10.634337017534815,93.15754750065474,3.280214426944363,0.0,7.979075540374256,0.0,0.2751705252817802,6.867904408967422,0.007852976440577636,-19.319588727175663,0.1777365318220495,1.4545454545454546,-0.7371412354488063,-0.18717085348678966,0.569474561932742,0.28503076681070777,1.4609480812641082,1.2328095323515305,-0.8766886575800875,-0.4413972125797318,0.018588185557438366,"Furnishings, Fixtures & Appliances",Consumer Cyclical,NVFY
2017Q1,2017,Q1,2017-05-15,2017-03-31,-1209390.0,18057022.0,-1298903.0,-0.22,2701775.0,0.1496246169495723,71101291.0,62321331.0,64264484.0,6583448.0,8779960.0,2291971.0,25137041.0,226964371.5,231182232.5,11.39533583798636,9.761523748649644,0.06340462931959984,0.07233720666203358,-0.017040484673283465,11.39533583798636,-0.01940571519565267,12.569313561228425,-46.917117617145834,3.6418408891170824,0.0,6.699581713730235,0.0,0.25396194282885803,6.155441798887148,-0.017009395792827446,25.917349444807762,0.1496246169495723,-0.375,-1.830480379735486,0.10326191150620993,0.6266281127010094,-0.05736919908436481,-0.45543578591655065,0.43753510255249956,-3.819034688683817,-0.2855439489998305,0.1185900771040758,"Furnishings, Fixtures & Appliances",Consumer Cyclical,NVFY
2016Q4,2016,Q4,2017-04-14,2016-12-31,-830947.0,19899223.0,-2309305.0,-0.16,2866207.0,0.14403612643569047,77043687.0,63265443.0,70049163.0,11641456.0,13778244.0,2781123.0,26346431.0,245419137.75,250809235.75,12.438140125239682,6.017216660871286,0.10354957441224223,0.1261010849161366,-0.020191652526401774,12.438140125239682,-0.01313429513170405,12.333101536175558,-73.83718147788005,3.8791973328946736,0.0,6.124510134934701,0.0,0.25828492605760156,4.554866934170434,-0.010785400236621594,-49.454967297581426,0.14403612643569047,-3.666666666666667,-1.2258690102743866,-0.33551846882626707,0.5786384822990277,-0.37732925259271716,-3.7575339238128738,-3.1761240330531164,-1.4814578468643014,-0.3251386230421376,0.21243082225499077,"Furnishings, Fixtures & Appliances",Consumer Cyclical,NVFY
2016Q3,2016,Q3,2016-11-14,2016-09-30,301337.0,30538918.0,1061201.0,0.06,4603086.0,0.15072852286384214,95551374.0,60788239.0,89235871.0,32687960.0,34763135.0,2272708.0,26341364.0,463888590.0,466078725.0,11.891934417378105,2.7299308675120746,0.084077629276163,0.1321593310179622,0.017063167727678717,11.891934417378105,0.0049571595584468236,15.19007942586571,384.858638335153,7.631222710695731,0.0,11.41186285259699,0.0,0.31960731407169507,1.501070118783797,0.003153664750022328,-3258.1021913190057,0.15072852286384214,1.4285714285714286,-0.8847930797290201,0.7549614113369877,0.8918489665403898,0.4862894539029626,1.4394128077553472,3.160122051259086,-0.8162637800699195,0.01898864479979555,0.26290175557525863,"Furnishings, Fixtures & Appliances",Consumer Cyclical,NVFY
2016Q2,2016,Q2,2016-08-12,2016-06-30,-685772.0,23968179.0,-491269.0,-0.14,3097032.0,0.12921432203923378,94683064.0,60212522.0,72046233.0,21106038.0,34470542.0,5339201.0,26040027.0,52314780.0,62860461.0,12.085140776660056,3.4135365908087536,0.11823773468082951,0.1859266250299232,-0.008006724411373968,12.085140776660056,-0.01138919243409203,2.182676456146293,-19.071491691115998,0.8688355555012295,0.0,3.909039386230262,0.0,0.2531411425384375,2.427516950362735,-0.007242815885214699,-68.6186366981069,0.12921432203923378,-8.0,-1.5677659842250438,0.2419763683315072,0.9953365815147464,-0.25243276671363957,-8.060424795890002,-2.2710185348083907,-1.4350472212374936,-0.05811468683005676,0.33503733135463254,"Furnishings, Fixtures & Appliances",Consumer Cyclical,NVFY
2016Q1,2016,Q1,2016-05-16,2016-03-31,97129.0,27084087.0,386516.0,0.02,4142814.0,0.15296118344325213,93533565.0,60601467.0,69997464.0,19918859.0,32932098.0,4572899.0,26725799.0,142353724.5,152211874.5,12.452030433176338,3.5141302019357634,0.11673174223606253,0.1801661996070161,0.0023395955229135457,12.452030433176338,0.0016027499796333314,5.255991257892504,366.4037632941758,2.3490144966292648,0.0,5.016789786960088,0.0,0.2895654303350888,2.524965260309338,0.0010384400509057898,-250.73708698156378,0.15296118344325213,-0.8666666666666667,18.664387314743106,0.0,1645.6436532447608,-0.14644476118541339,-0.8581028863277443,-0.4453749196436771,-0.9372157330956179,0.3757216235582879,0.46156950996982743,"Furnishings, Fixtures & Appliances",Consumer Cyclical,NVFY
2015Q4,2015,Q4,2016-03-28,2015-12-31,684503.0,28617544.0,696896.0,0.15,4853598.0,0.16960218528885637,89748007.0,59991682.0,65833045.0,17205171.0,29756325.0,5254029.0,26628670.0,205430850.0,214706738.0,13.141286666535235,3.8263522635142655,0.11436373177623878,0.17108900197197338,0.008363821974432025,13.141286666535235,0.011409965134833193,7.178493374553735,75.02920001811533,3.4243222252044876,0.0,4.522994829301475,0.0,0.318865509737726,3.027818206514774,0.0076269437381489705,-196.45839848288801,0.16960218528885637,13.999999999999998,93.63409150606182,0.0,2041.1136339149307,0.1346412165558192,21.512843282354876,2.5409762764914205,-0.6889211255418332,0.1647587330472634,0.6038931654478824,"Furnishings, Fixtures & Appliances",Consumer Cyclical,NVFY
2015Q3,2015,Q3,2015-11-16,2015-09-30,30405.0,28991861.0,196809.0,0.01,4277650.0,0.14754658212523852,86778853.0,59375161.0,63439915.0,15121151.0,27403692.0,5661932.0,25944167.0,275247414.0,283541862.0,12.295789187686973,4.1954421988114525,0.10676935312800227,0.15604710528700713,0.00044672584188730653,12.295789187686973,0.0005120828219733164,9.493954665414545,2263.1755796743955,4.6357333498430435,0.0,4.364978420793467,0.0,0.3340890089893214,3.3357004370897427,0.00035037337956057103,-583.1698337870907,0.14754658212523852,1.3333333333333335,0.0,0.0,0.0,-0.17519768049233042,1.2179116886095365,-0.8882315726825013,-0.9812526597710682,0.15782318245168048,0.599917179752274,"Furnishings, Fixtures & Appliances",Consumer Cyclical,NVFY
2015Q2,2015,Q2,2015-08-12,2015-06-30,-139529.0,29178229.0,1760864.0,-0.03,5186273.0,0.17774461225868096,86808307.0,59754012.0,62699287.0,20097512.0,27054295.0,7334596.0,25913762.0,205653296.75,213544704.75,13.58354135404834,3.119753678962849,0.10645475438197406,0.15465333106001317,0.0467261126735495,13.58354135404834,-0.0023350565983753526,7.048176116172096,-368.4776941531868,3.441665084346136,0.0,3.271067145347883,0.0,0.336122544124723,2.368177563471538,-0.0016073231332572814,-45.99834188309473,0.17774461225868096,-1.076923076923077,-16.36371417531899,0.0,25452.316917191656,0.2736329856034986,-1.0858712396060468,0.9668151106851769,-1.0822988876445838,0.5187895474397676,0.8524759087103729,"Furnishings, Fixtures & Appliances",Consumer Cyclical,NVFY
2015Q1,2015,Q1,2015-05-13,2015-03-31,1624863.0,22032478.0,895287.0,0.39,4072031.0,0.1848194742325398,80224995.0,53656159.0,56161551.0,19754904.0,26568836.0,5870234.0,26053291.0,261412062.5,268468572.5,12.82844374291259,2.842916928373836,0.10439275190980069,0.15608474695328078,0.012877829159155998,12.82844374291259,0.03028287954790055,11.864850721739062,40.22063129322287,4.8719861311727515,0.0,3.0595793966645966,0.0,0.2746335852062066,2.226793002891839,0.02025382488337955,-365.9024629390382,0.1848194742325398,-0.09302325581395345,164.0295956892307,0.0,6767.251691912876,-0.22817799838813252,-0.08600439429888658,0.571426063970765,0.45896118372031425,0.7601911282771341,0.8311972135884281,"Furnishings, Fixtures & Appliances",Consumer Cyclical,NVFY
2014Q4,2014,Q4,2015-03-26,2014-12-31,1777758.0,29002293.0,569729.0,0.43,5275868.0,0.18191209915712528,80655333.0,51782209.0,56693072.0,22168109.0,28873124.0,3612868.0,24428428.0,286366116.5,292714687.5,12.702969983706156,2.5574157904041344,0.0941398258190813,0.14663103692621535,0.008502882068072272,12.702969983706156,0.03433144383624113,9.873912952331045,40.27068314416248,5.530202786443506,0.0,6.567199521266761,0.0,0.35958307927387767,1.9984588671952128,0.022041419133437833,-273.373233460108,0.18191209915712528,-0.4266666666666667,224.8654928264571,0.0,64126.569629285885,-0.10448567828674794,-0.43033047573239575,-0.7793351730815783,-0.39703545875405427,0.20841174642892518,0.6122504694311411,"Furnishings, Fixtures & Appliances",Consumer Cyclical,NVFY
2014Q3,2014,Q3,2014-11-12,2014-09-30,3120683.0,25892872.0,2581875.0,0.75,5891439.0,0.2275313066854847,76301807.0,49796969.0,53323846.0,19956081.0,26504838.0,6095466.0,22650670.0,448532785.0,453833039.0,11.934855926975327,2.6720600101793535,0.09393899413155445,0.14393878069165214,0.044221323210258,11.934855926975327,0.0626681314680016,17.32263555004636,35.93226106272249,9.00723064088499,0.0,3.281362409371162,0.0,0.33934808385337456,1.9900623273677833,0.04089920177119789,-522.0074169678998,0.2275313066854847,-0.08536585365853654,0.0,0.0,0.0,0.18500082970025192,-0.06919053705197821,0.671973594230829,0.46169610703475,0.8229530281036338,0.8986772091730769,"Furnishings, Fixtures & Appliances",Consumer Cyclical,NVFY
2014Q2,2014,Q2,2014-08-11,2014-06-30,3352655.0,25933218.0,1544208.0,0.82,4971675.0,0.19171068549996378,72460891.0,46107233.0,49234714.0,20202817.0,26353658.0,4724505.0,19529987.0,476441806.0,480862452.0,11.298377650658976,2.4370222231879843,0.09588032805172103,0.15068295249901464,0.025316684646941024,11.298377650658976,0.07271429625802962,18.371873710389508,35.52720202347095,10.333341972614146,0.0,4.436770201322679,0.0,0.3578926182400931,1.7670508028657588,0.0462684760528269,-57.695854243318784,0.19171068549996378,9.25,450.7468183039701,0.0,21170.296902381764,0.5283941129001268,10.044746863799283,1.7828531575902729,2.3889145412946102,0.6406533704698448,0.8654367917391316,"Furnishings, Fixtures & Appliances",Consumer Cyclical,NVFY
2014Q1,2014,Q1,2014-05-15,2014-03-31,303552.0,17882892.0,554901.0,0.08,3252875.0,0.1818987107901787,60456519.0,39421478.0,38372933.0,10490440.0,21035041.0,3045662.0,16177332.0,770069305.0,775173812.0,10.18723129342235,3.657895474355699,0.11855558537864212,0.18181606483653404,0.0075917636713587954,10.18723129342235,0.007700167913541953,43.061788048599745,634.2153115446448,19.534257568932347,0.0,4.803558963535678,0.0,0.29579757974487414,2.6120667960543122,0.005020996991242582,-1746.7354977294483,0.1818987107901787,-0.7575757575757576,33.919381783673494,0.0,5373.755256319123,-0.1589889899077386,-0.7630329089733862,-0.5830116439411303,70.43029131292654,0.0,1346.5127162413849,"Furnishings, Fixtures & Appliances",Consumer Cyclical,NVFY
2013Q4,2013,Q4,2014-03-31,2013-12-31,1280988.0,21885252.0,1330735.0,0.33,3867815.0,0.17673157247629592,60566706.0,38729295.0,38110859.0,9216577.0,21837411.0,3353634.0,15873780.0,425654927.5,430753936.5,10.258845203313193,4.135033971939908,0.12254830236268752,0.19164683994376866,0.03332984526424113,10.258845203313193,0.03307542778664058,19.449395762041032,83.07160713058983,10.990515771072001,0.0,5.372511430883632,0.0,0.3613412953314648,3.3018851792807675,0.02115003579689475,-191.06857448737745,0.17673157247629592,0.03125000000000003,175.1781854711978,0.0,51788.439728263715,-0.12074790923265673,0.04919380863377469,-0.21994992851536466,210.62959087009494,0.0,1593.6301966153,"Furnishings, Fixtures & Appliances",Consumer Cyclical,NVFY
2013Q3,2013,Q3,2013-11-14,2013-09-30,1220926.0,22310842.0,1705961.0,0.32,4398983.0,0.19716795090028427,57197847.0,35832875.0,34488149.0,12563061.0,21364972.0,3247300.0,14592792.0,404322262.5,408617160.5,9.416357499607136,2.7452027017937746,0.10271879639105996,0.16396379023452626,0.0316036178698135,9.416357499607136,0.034072789303118994,18.12223234336024,82.79008361276605,11.283556301301529,0.0,5.515923690450528,0.0,0.3900643672829154,2.263648325833967,0.02134566358765217,-8511.330887925227,0.19716795090028427,0.03225806451612906,0.0,0.0,0.0,0.141746019057032,0.02851197897361593,0.10429623779808912,0.0,0.0,0.0,"Furnishings, Fixtures & Appliances",Consumer Cyclical,NVFY
2013Q2,2013,Q2,2013-08-14,2013-06-30,1187080.0,19163448.0,1544840.0,0.31,3852856.0,0.20105233671936282,55076661.0,33964877.0,32416081.0,12460988.0,21111784.0,3479784.0,13371866.0,375207700.0,379698362.0,9.05228677343242,2.6014053620788338,0.10572650727683001,0.17144366517211296,0.032368584258531466,9.05228677343242,0.034950222254595535,19.579341880438218,79.01904252451394,11.046932394308392,0.0,4.399868497584907,0.0,0.3479413539611633,2.002983872546864,0.021553231050081268,173.8682576459685,0.20105233671936282,-0.03125000000000003,174.1970350070973,0.0,16961.49292168627,0.1869173590610033,0.0073086475904713495,0.044270854457504255,174.1970350070973,0.0,16961.49292168627,"Furnishings, Fixtures & Appliances",Consumer Cyclical,NVFY
2013Q1,2013,Q1,2013-05-15,2013-03-31,1178467.0,14996951.0,1479348.0,0.32,3246103.0,0.21645086391227122,48788632.0,31585154.0,28650323.0,12393697.0,17203478.0,2836270.0,12184786.0,291952946.25,297489771.25,8.519629308245078,2.311684963736002,0.12580947135390064,0.19433408493116736,0.03411875745769917,8.519629308245078,0.037310788479929524,19.46748684115858,61.93490064846958,9.243359910481995,0.0,4.143063953713857,0.0,0.3073861755336776,1.788373235201732,0.024154540754493792,-442.8179076666864,0.21645086391227122,-0.3333333333333333,134.39834275506882,0.0,4493.933028167014,-0.20135715768931367,-0.34029998298222985,-0.22047225423383177,134.39834275506882,0.0,4493.933028167014,"Furnishings, Fixtures & Appliances",Consumer Cyclical,NVFY
2012Q4,2012,Q4,2013-04-01,2012-12-31,1786368.0,19946306.0,1897749.0,0.48,4064524.0,0.20377327009823273,50753349.0,30365588.0,32221450.0,15677897.0,20387761.0,3240721.0,11006319.0,189938547.5,193317233.5,8.193367831245524,2.055215058499236,0.12864526437457358,0.2150189879412182,0.0507546874671357,8.193367831245524,0.058828697800944935,9.52249241037413,26.581665633844764,6.255059098476868,0.0,4.900694012227526,0.0,0.39300472565859645,1.633267586845353,0.03519704679980822,115.32857266897156,0.20377327009823273,0.4545454545454544,248.42381721933165,0.0,41361.75107119135,0.05985837173651208,0.4361106622514959,0.07207039767886962,248.42381721933165,0.0,41361.75107119135,"Furnishings, Fixtures & Appliances",Consumer Cyclical,NVFY
2012Q3,2012,Q3,2012-11-14,2012-09-30,1243893.0,19204877.0,1770172.0,0.33,3834969.0,0.19968724610941274,44409368.0,28463282.0,30916596.0,11484662.0,15946086.0,2778627.0,9219952.0,203698935.0,206522495.0,7.685266052078279,2.691990064661894,0.10213486938161336,0.1593542515582005,0.038032955344643266,7.685266052078279,0.0437016715078746,10.606625337928486,40.93980249908955,7.1565512016499016,0.0,5.531475797219274,0.0,0.43245103150308284,2.278259647519448,0.028009698314103458,-305.155057630714,0.19968724610941274,-0.15384615384615383,0.0,0.0,0.0,0.00506204178890434,-0.1270681282281608,-0.03863445047276124,0.0,0.0,0.0,"Furnishings, Fixtures & Appliances",Consumer Cyclical,NVFY
2012Q2,2012,Q2,2012-08-14,2012-06-30,1424960.0,16147061.0,1841310.0,0.39,3815654.0,0.2363064089495915,39553520.0,27111070.0,28206154.0,8177799.0,12442450.0,2325080.0,7976058.0,304103994.25,305462572.25,7.3326412992354175,3.4491131415677985,0.08836482821250802,0.12891929385302756,0.047744436289953195,7.3326412992354175,0.0525600797017602,18.833396012438424,53.353075568787894,11.216967616918108,0.0,5.303648476611557,0.0,0.4082332242490681,2.971290930481417,0.036026123591528646,-94.42085759155769,0.2363064089495915,0.5,211.9835827952617,0.0,13739.160828818194,0.2675433307588177,0.45602874128146387,0.6076002856698837,211.9835827952617,0.0,13739.160828818194,"Furnishings, Fixtures & Appliances",Consumer Cyclical,NVFY
2012Q1,2012,Q1,2012-05-15,2012-03-31,978662.0,10999254.0,1145378.0,0.26,3010275.0,0.273679924111217,35246700.0,25748040.0,24203309.0,5245281.0,9498660.0,1762186.0,6551098.0,147016240.0,145152230.0,7.005495447305686,4.614301693274393,0.0,0.0,0.03801585571175576,7.005495447305686,0.038009184388403935,13.366019186392096,37.5554174985848,5.709803153948806,0.0,4.533561723904287,0.0,0.31206478904408075,4.163148361355664,0.027766060368772112,-53.492682681892326,0.273679924111217,-0.6338028169014084,112.74361422934456,0.0,3695.0801609400432,-0.3565843091447521,-0.5336391379017854,-0.6063462844479394,112.74361422934456,0.0,3695.0801609400432,"Furnishings, Fixtures & Appliances",Consumer Cyclical,NVFY
2011Q4,2011,Q4,2012-03-30,2011-12-31,2098508.0,17082332.0,2909608.0,0.71,4678585.0,0.27388444388037886,34817490.0,22860084.0,24180106.0,7882191.0,11957406.0,1848081.0,5572436.0,308271943.75,305766764.75,7.879030103919407,3.0676884130313513,0.0,0.0,0.09200179864957256,7.879030103919407,0.09179791290355714,18.0462447252518,36.72513325538906,13.485162335798941,0.0,6.711690126136246,0.0,0.4906250278236599,0.31782774611779896,0.060271662316841335,-207.50753149918484,0.27388444388037886,0.3921568627450979,372.27472266257803,0.0,39774.95004382393,0.4653998400101231,0.24793156948576614,0.4545218227663833,372.27472266257803,0.0,39774.95004382393,"Furnishings, Fixtures & Appliances",Consumer Cyclical,NVFY
2011Q3,2011,Q3,2011-11-14,2011-09-30,1681589.0,11187474.0,2000388.0,0.51,3192702.0,0.28538184759133295,29110434.0,20657562.0,18741707.0,5793236.0,8452872.0,1513444.0,3473928.0,369713700.0,365538632.0,6.285879384507526,3.2351015908897893,0.0,0.0,0.08310536253995646,6.285879384507526,0.08140307166934801,33.04711143909697,54.96493197802792,17.89725718843298,0.0,5.282502689230656,0.0,0.3843114808937579,2.849787234630179,0.05776585124083001,3861.4413285289047,0.28538184759133295,1.1250000000000002,0.0,0.0,0.0,0.3017484117023957,1.9016627381687794,1.5400204178031054,0.0,0.0,0.0,"Furnishings, Fixtures & Appliances",Consumer Cyclical,NVFY
2011Q2,2011,Q2,2011-08-15,2011-06-30,579526.0,9259430.0,787548.0,0.24,2452626.0,0.26487872363633613,21639931.0,14478821.0,11923849.0,4644636.0,7161110.0,958974.0,1792339.0,268936762.5,268352951.5,6.056692834993133,2.5672300262065746,0.003696869458594854,0.005525311763989623,0.04187706627870369,6.056692834993133,0.04002577281672313,29.044634766934898,116.01583125692376,18.574493220131668,0.0,7.098006828130898,0.0,0.4278862996374619,2.1053038386646445,0.02678039962327052,-108311.22130487314,0.26487872363633613,0.0,133.7111713274897,0.0,11348.243778259533,0.0,198.58813501534266,269.5127855438118,133.7111713274897,0.0,11348.243778259533,"Furnishings, Fixtures & Appliances",Consumer Cyclical,NVFY
2011Q1,2011,Q1,2011-05-11,2011-03-31,-2933.0,0.0,-2933.0,0.0,0.0,0.0,0.0,-19655.0,0.0,19655.0,19655.0,0.0,-35395.0,292050000.0,292050000.0,-0.007571263482280432,0.0,0.0,0.0,0.29844823200203513,-0.007571263482280432,0.14922411600101756,0.0,-24893.45380156836,-14858.814551004833,0.0,0.0,0.0,0.0,0.0,0.0,0.0,0.0,0.0,0.5258642710383593,0.0,-4.994577822596284,0.0,0.3019990480723465,0.3019990480723465,0.5258642710383593,0.0,-4.994577822596284,"Furnishings, Fixtures & Appliances",Consumer Cyclical,NVFY
2010Q4,2010,Q4,2011-02-11,2010-12-31,-4202.0,0.0,-4202.0,0.0,0.0,0.0,0.0,-16722.0,0.0,16722.0,16722.0,0.0,-32462.0,292050000.0,292050000.0,-0.006441448382126349,0.0,0.0,0.0,0.5025714627436909,-0.006441448382126349,0.25128573137184546,0.0,-17375.65445026178,-17465.01614639397,0.0,0.0,0.0,0.0,0.0,0.0,0.0,0.0,0.0,0.16911450931975525,0.0,-31.516926929003198,0.0,0.6858317757009346,0.6858317757009346,0.16911450931975525,0.0,-31.516926929003198,"Furnishings, Fixtures & Appliances",Consumer Cyclical,NVFY
2010Q3,2010,Q3,2010-12-29,2010-09-30,-13375.0,0.0,-13375.0,0.0,0.0,0.0,0.0,-12520.0,0.0,12520.0,12520.0,0.0,-28260.0,0.0,0.0,0.0,0.0,0.0,0.0,2.1365814696485623,0.0,1.0682907348242812,0.0,0.0,0.0,0.0,0.0,,0.0,0.0,0.0,0.0,0.0,0.0,0.0,0.0,0.0,0.0,-1.801047120418848,-1.801047120418848,0.0,0.0,0.0,"Furnishings, Fixtures & Appliances",Consumer Cyclical,NVFY
2010Q2,2010,Q2,2010-08-12,2010-06-30,-4775.0,0.0,-4775.0,0.0,0.0,0.0,1395.0,1395.0,1395.0,0.0,-1395.0,0.0,-14885.0,294075000.0,294073605.0,0.0005336648814078042,0.0,0.0,0.0,-6.845878136200717,0.0005336648814078042,-3.4229390681003586,0.0,-15396.596858638744,210806.4516129032,0.0,0.0,0.0,0.0,0.0,-3.4229390681003586,-65715.08379888268,0.0,0.0,0.0,0.0,0.0,0.0,0.13087004004368402,0.13087004004368402,0.0,0.0,0.0,"Furnishings, Fixtures & Appliances",Consumer Cyclical,NVFY
2010Q1,2010,Q1,2010-05-17,2010-03-31,-5494.0,0.0,-5494.0,0.0,0.0,0.0,5870.0,4370.0,5870.0,1500.0,1500.0,0.0,-11910.0,259380000.0,259374130.0,0.0018953851492019432,3.9133333333333336,0.0,0.0,-2.5144164759725403,0.0018953851492019432,-1.2572082379862701,0.0,-11802.87586457954,59354.69107551487,0.0,0.0,0.0,0.0,3.9133333333333336,-0.9359454855195911,-57397.65434830715,0.0,0.0,0.0,0.0,0.0,0.0,-0.34294793449034466,-0.34294793449034466,0.0,0.0,0.0,"Furnishings, Fixtures & Appliances",Consumer Cyclical,NVFY
2009Q4,2009,Q4,2010-02-12,2009-12-31,-4091.0,0.0,-4091.0,0.0,0.0,0.0,109.0,-416.0,109.0,525.0,525.0,0.0,-4616.0,236250000.0,236249891.0,-0.0001980952380952381,0.20761904761904762,0.0,0.0,19.66826923076923,-0.0001980952380952381,9.834134615384615,0.0,-14437.179173796138,-567908.6538461539,0.0,0.0,0.0,0.0,0.20761904761904762,-37.53211009174312,-60717.039321511176,0.0,0.0,0.0,0.0,0.0,0.0,0.0,0.0,0.0,0.0,0.0,"Furnishings, Fixtures & Appliances",Consumer Cyclical,NVFY
