Quarters,Year,Quarter,FillingDate,Date,NetIncome,Revenue,OperatingIncome,EPSDiluted,GrossProfit,GrossProfitRatio,TotalAssets,CommonStockEquity,CurrentAssets,CurrentLiability,TotalLiability,Inventory,RetainedEarnings,MarketCap,EnterpriseValue,bookValuePerShare,currentRatio,debtToAssets,debtToEquity,roic,shareholdersEquityPerShare,roe,priceToSalesRatio,peRatio,pbRatio,payoutRatio,inventoryTurnover,dividendYield,assetTurnover,quickRatio,returnOnAssets,priceToFreeCashFlowsRatio,grossProfitMargin,epsdilutedGrowth,fiveYNetIncomeGrowthPerShare,fiveYRevenueGrowthPerShare,fiveYShareholdersEquityGrowthPerShare,grossProfitGrowth,netIncomeGrowth,operatingIncomeGrowth,threeYNetIncomeGrowthPerShare,threeYRevenueGrowthPerShare,threeYShareholdersEquityGrowthPerShare,Industry,Sector,Symbol
2023Q1,2023,Q1,2023-05-01,2023-03-31,26766000.0,980305000.0,57186000.0,0.2,296830000.0,0.3027935183,4875749000.0,1846318000.0,2542235000.0,1321721000.0,2996052000.0,882252000.0,3774379000.0,4451620000.0,5492612000.0,14.101565722141602,1.9234278641256362,0.2965119820565004,0.7830276257936065,0.014328373429674413,14.101565722141602,0.01449696097855299,4.54105609988728,41.57905551819473,2.411079781489429,0.9799372338040798,0.7746936249506944,0.005892012346067274,0.20105731447619637,1.1657331615371171,0.005489618107905062,394.99733806566104,0.30279351834378077,-0.7826086956521738,0.7652678700182423,0.0642267500106714,0.09417593914229833,0.005382043821826914,-0.7793932200875306,0.0226577728500152,44.811997475813,0.09431201078032077,0.11093073430111165,Specialty Industrial Machinery,Industrials,FLS
2022Q4,2022,Q4,2023-03-07,2022-12-31,121329000.0,1038959000.0,55919000.0,0.92,295241000.0,0.2841700202,4790634000.0,1824993000.0,2450972000.0,1243151000.0,2932027000.0,803198000.0,3774209000.0,4010182800.0,5036421800.0,13.962152857470736,1.971580282684887,0.30501390838874354,0.8006660847466264,0.03108700149731198,13.962152857470736,0.06648189883468046,3.8598085198742202,8.263034394085503,2.1973688666203106,0.21547198114218366,0.9259460307421085,0.006519154189180603,0.21687296503970038,1.2364226067468875,0.025326292929077864,102.77513006484021,0.2841700201836646,2.172413793103449,2.144687788581359,0.003675813148439071,0.10183398337985633,0.23234283758457616,2.159609375,0.03488544249916719,0.7404470255809189,-0.026209162328268105,0.020539037402703957,Specialty Industrial Machinery,Industrials,FLS
2022Q3,2022,Q3,2022-10-31,2022-09-30,38400000.0,872881000.0,54034000.0,0.29,239577000.0,0.2744669663,4505988000.0,1657125000.0,2223784000.0,1091686000.0,2814229000.0,779449000.0,3678817000.0,3176082900.0,4290473900.0,12.678553667475116,2.037017970368769,0.3254027751516427,0.8848222071358528,0.01562842125662993,12.678553667475116,0.02317266349852908,3.6386207283696175,20.677623046875,1.9166224032586558,0.680703125,0.8125021649909102,0.008229948909708875,0.19371578441842277,1.2157873234611418,0.00852199340078136,-59.99741012902129,0.27446696628750084,-0.14705882352941188,-0.19301026438622587,-0.011454112363465042,-0.05194770161455552,-0.04103606867097095,-0.14241686580163923,-0.10438904727176292,-0.4370518859614464,-0.12112979176384304,-0.04678349014322126,Specialty Industrial Machinery,Industrials,FLS
2022Q2,2022,Q2,2022-07-27,2022-06-30,44777000.0,882222000.0,60332000.0,0.34,249829000.0,0.2831815575,4582732000.0,1721403000.0,2280927000.0,1091717000.0,2828839000.0,748920000.0,3666935000.0,3740967580.0,4756297580.0,13.17406976566207,2.0893024474291413,0.3215712810611661,0.8560894804993369,0.014253023422138963,13.17406976566207,0.026011921670869634,4.24039253158502,20.88665821738839,2.1732084700677294,0.5837595193961186,0.8444066121882177,0.006987229758350379,0.1925100573195203,1.2744768103821777,0.009770809202894692,-60.77537739220847,0.28318155747646284,4.4,0.06976496178124188,0.006390207323984593,0.01072803663663552,0.1916650369430519,4.273411799108122,306.81632653061223,-0.2274319180899797,-0.1056621622221058,0.0008276188689543826,Specialty Industrial Machinery,Industrials,FLS
2022Q1,2022,Q1,2022-05-02,2022-03-31,-13679000.0,821058000.0,196000.0,-0.1,209647000.0,0.2553376254,4703011000.0,1754989000.0,2376856000.0,1147606000.0,2911956000.0,722380000.0,3648678000.0,4681719000.0,5595130000.0,13.457472586458094,2.0711428835331986,0.3166494826399513,0.8485557459334503,7.43090457176204e-05,13.457472586458094,-0.007794350847783091,5.70205637116988,-85.56398494041962,2.667662874240237,-1.910081146282623,0.8463841745341787,0.005580856091533901,0.17458134799174402,1.3123406465285123,-0.002908562195580661,-114.67774647887325,0.25533762535655213,-1.6666666666666667,-1.9238982408389136,-0.0481817498735147,0.045621115200033785,-0.2150845204889646,-1.7026041399147362,-0.9934307547928677,-1.2399364030379803,-0.07346961324409508,0.04498916250214407,Specialty Industrial Machinery,Industrials,FLS
2021Q4,2021,Q4,2022-02-23,2021-12-31,19469000.0,919456000.0,29836000.0,0.15,267095000.0,0.2904924216,4716742000.0,1804319000.0,2388677000.0,1131805000.0,2912423000.0,678287000.0,3691023000.0,3985497000.0,4829287000.0,13.853268839494799,2.1105022508294273,0.3184914502425615,0.8325811566579967,0.007963951078385304,13.853268839494799,0.01079022057629499,4.334625039153586,51.17747444655606,2.208864951264161,1.3381786429708769,0.9617772417870312,0.0065369513513622015,0.19493455440216997,1.407715993479442,0.004127637254698264,51.024158238381766,0.2904924216058191,-0.6052631578947368,-0.700356428407013,-0.14232954360549638,0.09736268407405745,0.05366244299622868,-0.6089384352716681,-0.479864718803389,-0.6900513779711184,-0.06401701090114674,0.1037048077279309,Specialty Industrial Machinery,Industrials,FLS
2021Q3,2021,Q3,2021-10-27,2021-09-30,49785000.0,866118000.0,57362000.0,0.38,253492000.0,0.2926760556875622,5595916000.0,1759504000.0,3223223000.0,1908885000.0,3804683000.0,698046000.0,3700507000.0,4515490140.0,5366707140.0,13.509497704273583,1.688537025541088,0.4125304954541848,1.3120095208649711,0.016830463025351055,13.509497704273583,0.028294905837099545,5.213481465573975,22.674952997890934,2.5663426397439277,0.5299387365672391,0.877629841013343,0.0058427765717588296,0.15477680508427932,1.259357163998879,0.008896666783418479,57.66320350411197,0.2926760556875622,0.0857142857142858,3.3799115179678227,-0.0814525355732673,0.03886462772188477,-0.08893824711218454,0.0976981082153724,-0.20509409384440563,0.7732576574804045,-0.08670087397919657,0.09583414171651672,Specialty Industrial Machinery,Industrials,FLS
2021Q2,2021,Q2,2021-08-05,2021-06-30,45354000.0,898178000.0,72162000.0,0.35,278238000.0,0.3097804666780972,4818669000.0,1740984000.0,2440688000.0,1069716000.0,3047977000.0,690145000.0,3677117000.0,5253897600.0,6148892600.0,13.360838033843674,2.2816224119298956,0.31655878417878464,0.8761665816572697,0.019650148820038803,13.360838033843674,0.02605078507326891,5.8495059999242915,28.96049742029369,3.0177747756441184,0.5667195837191868,0.8982750001811214,0.004892177571180679,0.18639545484448092,1.5164576392238687,0.009412142647689642,380.4690853791006,0.3097804666780972,2.1818181818181817,-0.2792377258015026,-0.12377996342538744,-0.0005741106144564931,0.10895974491829415,2.2211647727272728,0.2862413774664456,2.444902005483353,-0.0732027638885403,0.07802220668959065,Specialty Industrial Machinery,Industrials,FLS
2021Q1,2021,Q1,2021-05-03,2021-03-31,14080000.0,857308000.0,56103000.0,0.11,250900000.0,0.2926602807859019,4809638000.0,1712032000.0,2448963000.0,1083731000.0,3067852000.0,672123000.0,3658158000.0,5061871870.0,5923105870.0,13.126361872925084,2.2597517280579775,0.31614416719096117,0.8881487028279845,0.013368388249551446,13.126361872925084,0.0082241453430777,5.904379604529527,89.876986328125,2.9566455942412295,1.8796164772727273,0.9022277172481823,0.005228303023007968,0.17824792635121395,1.5354114628076525,0.0029274552471516566,202.83185887161403,0.2926602807859019,-0.7441860465116279,-0.6289063798764521,-0.09692639071852573,-0.008344055944587982,-0.15062594365491513,-0.7525178844497565,-0.4113011542497377,-0.06781639450385198,-0.06571044746636934,0.01850742058224612,Specialty Industrial Machinery,Industrials,FLS
2020Q4,2020,Q4,2021-02-23,2020-12-31,56893000.0,985308000.0,95300000.0,0.43,295394000.0,0.2997986416430192,5314677000.0,1732470000.0,2904333000.0,1141633000.0,3551877000.0,667228000.0,3656449000.0,4803139550.0,5646007550.0,13.291622871960904,2.544016334496287,0.3646772889490744,1.1187160528032232,0.024207419787975998,13.291622871960904,0.03283924108353969,4.874759516821136,21.106021610742975,2.7724229279583485,0.4579297980419384,1.0340003716870396,0.00542416053683054,0.18539376899104124,1.8626563878234073,0.010704883852772238,25.90382775506682,0.2997986416430192,0.1025641025641025,-0.20409591784431783,-0.236003930144102,0.03799715435780743,0.035710654292115604,0.11548340293708213,0.09136300130551293,1.5382727183639642,-0.0454731261937468,0.04891859615756139,Specialty Industrial Machinery,Industrials,FLS
2020Q3,2020,Q3,2020-11-13,2020-09-30,51003000.0,924301000.0,87322000.0,0.39,285209000.0,0.30856723080468373,5173576000.0,1673421000.0,2806145000.0,1093582000.0,3469733000.0,714489000.0,3625291000.0,3556241770.0,4512708770.0,12.841550727862915,2.5660124252228,0.36292981875592434,1.1220398214197145,0.017417715363675333,12.841550727862915,0.0304782837074472,3.84749315428632,17.431532311824792,2.1251327490213163,0.5107934827363096,0.8944742326333925,0.007325711153772316,0.1786580500605384,1.812580126593159,0.009858364891131396,45.331316379859786,0.30856723080468373,4.571428571428571,-0.445878300100463,-0.1425549810195411,0.008188331840666321,0.0675587662823776,4.899710815500289,1.0360473792202947,0.07505410411865023,0.0499123137882723,-0.0397594235361856,Specialty Industrial Machinery,Industrials,FLS
2020Q2,2020,Q2,2020-07-30,2020-06-30,8645000.0,924965000.0,42888000.0,0.07,267160000.0,0.28883255042082673,4755702000.0,1662572000.0,2430555000.0,1088738000.0,3065351000.0,684431000.0,3643868000.0,3712448400.0,4701662400.0,12.772313128985173,2.232451700960194,0.3261177845037389,0.9328432091963536,0.00843143419749963,12.772313128985173,0.005199774806745211,4.013609596038769,107.35825332562176,2.232954963754953,3.0111046847888954,0.9610976124693359,0.007011814628857872,0.19449599659524502,1.4973620834397257,0.0018178178531791942,-91.14328783266228,0.28883255042082673,16.002143163309047,-0.8811446473800931,-0.17929288458590373,-0.03056640059823116,0.004447753001199352,15.172131147540984,0.6784596117720726,-0.7926757679105507,0.05916960653081615,-0.02009514130436659,Specialty Industrial Machinery,Industrials,FLS
2020Q1,2020,Q1,2020-05-07,2020-03-31,-610000.0,894457000.0,25552000.0,-0.004666,265977000.0,0.29736141592049703,4762074000.0,1659430000.0,2425514000.0,1106031000.0,3076649000.0,684113000.0,3661579000.0,3123163590.0,3903793590.0,12.69346979675823,2.1929891657647933,0.294604619751814,0.8454282494591516,0.0003102701149759419,12.69346979675823,-0.00036759610227608277,3.4916866769447834,-1279.9850778688524,1.8820701023845536,-42.66065573770492,0.9186786393475932,0.008332256460507725,0.1878292945468718,1.4747371457038727,-0.00012809544748779627,104.13322185916245,0.29736141592049703,-1.0088037735849056,-1.0227548917509086,-0.09019700990346063,-0.02242550903550338,-0.23913528543476023,-1.0087401315318154,-0.76171069933135,-1.0410990645730516,0.03436060032916379,-0.01374051038379081,Specialty Industrial Machinery,Industrials,FLS
2019Q4,2019,Q4,2020-02-18,2019-12-31,69793000.0,1068171000.0,107231000.0,0.53,349572000.0,0.32726220801725564,4919642000.0,1790357000.0,2505370000.0,1112888000.0,3103683000.0,660837000.0,3695862000.0,6513051510.0,7255428510.0,13.681155101136303,2.2512328284607257,0.2872885872589916,0.7894274717277057,0.02599202245132173,13.681155101136303,0.03898272802575129,6.097386570127816,23.329888061840016,3.6378507247437244,0.3562248363016348,1.0874073334271537,0.003817258309999148,0.21712372566946944,1.5629892675633128,0.014186601382783545,44.245071533382244,0.32726220801725564,0.019230769230769246,-0.5474942894129894,-0.20276337135104638,-0.04438268927680931,0.047598212707041586,0.019724442236605643,-0.02125775830595108,0.06909764857114617,-0.008313342186421392,0.08372899255479385,Specialty Industrial Machinery,Industrials,FLS
2019Q3,2019,Q3,2019-10-30,2019-09-30,68443000.0,996544000.0,109560000.0,0.52,333689000.0,0.33484622856592383,4764492000.0,1744335000.0,2395660000.0,1048196000.0,2994688000.0,687239000.0,3651126000.0,6125782950.0,6973558950.0,13.300812078234015,2.28550767222924,0.29280057559126976,0.7997580739938143,0.024193890403913596,13.300812078234015,0.039237302467702594,6.147027075573181,22.375491102084947,3.5118156489435806,0.36414242508364625,0.964518893718197,0.004068541148686961,0.20916059886342553,1.5216781975890006,0.014365225085906326,81.36898876255246,0.33484622856592383,0.18181818181818185,-0.44521036183403084,-0.13746329169343594,-0.050723904939852064,0.04922759587841513,0.17656260744000551,0.11775388194005183,4.249306324701527,0.049591575452859485,0.02281694630898347,Specialty Industrial Machinery,Industrials,FLS
2019Q2,2019,Q2,2019-07-31,2019-06-30,58172000.0,990084000.0,98018000.0,0.44,318033000.0,0.321218199667907,4821209000.0,1726311000.0,2409324000.0,1058871000.0,3071421000.0,680898000.0,3607928000.0,7009807150.0,7907579150.0,13.163175673099651,2.2753706542156693,0.30993097374538214,0.8655694136224585,0.02097031479976214,13.163175673099651,0.03369728861137999,7.0800125544903265,30.125348750257857,4.060570285423658,0.42740493708313276,0.987006864464281,0.003546887876936814,0.2053601078069837,1.5286413548014819,0.012065853191595718,-1845.6574907846234,0.321218199667907,0.0,-0.5073338114364426,-0.15412155617611656,-0.06523108393759201,0.0814653354915056,0.015909606887759557,0.07439357236027228,-0.08147037775578553,-0.04032202191849938,-0.015359776018395941,Specialty Industrial Machinery,Industrials,FLS
2019Q1,2019,Q1,2019-05-02,2019-03-31,57261000.0,890051000.0,91231000.0,0.44,294076000.0,0.33040353867362654,4846497000.0,1686799000.0,2436623000.0,1121431000.0,3138511000.0,680191000.0,3575014000.0,6085423720.0,6949955720.0,12.878097753889847,2.1727801353805987,0.3099644960060844,0.8905874381002123,0.02106233317289191,12.878097753889847,0.033946546091146605,6.837162949089434,26.568797785578315,3.607675674457953,0.43500812071043116,0.8761877178616007,0.004093223602184928,0.18364831341069643,1.4659323667706707,0.011814925295527884,218.26418421147017,0.33040353867362654,-0.0833333333333333,-0.4410979711890698,-0.12377047552548583,-0.04404995993811633,-0.0862806630520903,-0.09257879974010744,-0.021242128075012606,0.502780838671552,-0.06640814396516803,-0.02709964044853035,Specialty Industrial Machinery,Industrials,FLS
2018Q4,2018,Q4,2019-02-20,2018-12-31,63103000.0,986868000.0,93211000.0,0.48,321845000.0,0.32612770907558053,4616277000.0,1642315000.0,2383145000.0,1080975000.0,2955497000.0,633871000.0,3543007000.0,4974726900.0,5838090900.0,12.551606863082274,2.2046254538726613,0.32126473346378476,0.9030222582147761,0.02443484623832862,12.551606863082274,0.03842320139559098,5.040924318145892,19.708757507566993,3.029094235880449,0.3940858596263252,1.049145646353911,0.0049988673750110775,0.21378006562431154,1.517792733411966,0.013669673635269287,38.1275246022257,0.32612770907558053,1.2857142857142858,-0.5291685050826554,-0.2523414603873673,-0.07570443226759184,0.04325431684176064,1.2372983513561426,0.4987859979739834,-0.1206080516391857,-0.23773011327328775,-0.019793720300218257,Specialty Industrial Machinery,Industrials,FLS
2018Q3,2018,Q3,2018-11-07,2018-09-30,28205000.0,952716000.0,62191000.0,0.21,308501000.0,0.32381213289164873,4605064000.0,1613039000.0,2324667000.0,1040080000.0,2974337000.0,655652000.0,3505051000.0,7130943500.0,8105016500.0,12.328049647287207,2.235084801169141,0.32660023834630747,0.932410809658043,0.013243502293851028,12.328049647287207,0.017485628059829922,7.48485750213075,63.20637741535189,4.420812825976309,0.8816521893281333,0.9825562951077705,0.003487196329630153,0.20688442115028152,1.5111981770633027,0.006124779156163736,109.96736113252938,0.32381213289164873,1.0999999999999999,-0.7603757199662915,-0.16842816592058082,-0.04113264252349958,0.07845988736510555,1.1335098335854765,0.3313994562308664,-0.694808249893121,-0.11977526663369373,-0.032126565385936674,Specialty Industrial Machinery,Industrials,FLS
2018Q2,2018,Q2,2018-08-08,2018-06-30,13220000.0,973129000.0,46711000.0,0.1,286057000.0,0.2939558886848506,4650622000.0,1621660000.0,2372991000.0,1052855000.0,3009071000.0,675325000.0,3502006000.0,5286097600.0,6293525600.0,12.39384304973862,2.2538630675639095,0.327885173209089,0.9403142458961805,0.007748009201447387,12.39384304973862,0.008152140399343883,5.432062552857843,99.96402420574886,3.2596830408347,1.8801059001512859,1.0173945877910635,0.00470195631650842,0.20924706415614944,1.510534689012257,0.0028426305126497057,115.58606695384077,0.2939558886848506,-0.1666666666666666,-0.880645746089966,-0.1467089193841516,0.027049905129342487,0.05387701569079662,-0.12698936802482996,0.028310401761144743,-0.8191817362028335,-0.141005453583204,-0.05929272506934208,Specialty Industrial Machinery,Industrials,FLS
2018Q1,2018,Q1,2018-05-10,2018-03-31,15143000.0,919954000.0,45425000.0,0.12,271433000.0,0.2950506220963222,4770316000.0,1685227000.0,2411313000.0,1052961000.0,3066769000.0,701847000.0,3514296000.0,5665874130.0,6703124130.0,12.887841175885777,2.2900306848971614,0.3297280515588485,0.933350225221884,0.009167873024691029,12.887841175885777,0.008985733079282495,6.158866780295536,93.5394923396949,3.3620836421443516,1.6394373637984547,0.9240204773974955,0.004381671641547745,0.1928496980074276,1.5167617794011363,0.00317442282649619,-42.214280828807084,0.2950506220963222,1.1481481481481481,-0.8289136564693498,-0.07314268472370974,0.04463470451710956,-0.1083337987129243,1.1430176989478853,-0.4684150166175163,-0.43524873653146784,-0.06447724651113222,-0.0074561976453895095,Specialty Industrial Machinery,Industrials,FLS
2017Q4,2017,Q4,2018-02-28,2017-12-31,-105882000.0,1034069000.0,85452000.0,-0.81,304411000.0,0.2943817095377581,4910474000.0,1654587000.0,2558745000.0,1242908000.0,3239520000.0,884273000.0,3503947000.0,5501040490.0,6372852490.0,12.671739180381856,2.0586761047478976,0.3207953040785879,0.9520545006095177,-0.04184122743492167,12.671739180381856,-0.06399300852720347,5.319800216426564,-12.988611118981508,3.3247212083740534,-0.23442133696001208,0.8251501515934558,0.004512055500249554,0.21058435499302103,1.2552465669220891,-0.02156248052631986,25.266118985504583,0.2943817095377581,-3.25,-1.8273152441564091,-0.13860821789663214,-0.031508615715212865,0.13784893022143146,-3.224178132549102,0.1544603412637296,-1.6880148682511837,-0.22650151147974848,-0.11488955221796705,Specialty Industrial Machinery,Industrials,FLS
2017Q3,2017,Q3,2017-11-01,2017-09-30,47605000.0,883380000.0,74019000.0,0.36,267532000.0,0.30285041544974983,4834140000.0,1748688000.0,2439010000.0,1148317000.0,3066511000.0,951598000.0,3634750000.0,5569068400.0,6653617400.0,13.373263995105537,2.123986669186296,0.3282263236066808,0.9073614046645256,0.015820969768117202,13.373263995105537,0.02722326681489208,6.304272679933891,29.246236739838256,3.1847124244004648,0.5216468858313202,0.6471724404633049,0.004459094091931066,0.18273777755712495,1.178584833282099,0.009847666803195605,381.78298484952353,0.30285041544974983,0.12499999999999993,-0.47628305734521376,-0.11398990693841717,0.01393181576609552,0.0919896324414784,0.13675438177563398,-0.4132135750695639,-0.6129841970590572,-0.23315869711104464,-0.04555302722780845,Specialty Industrial Machinery,Industrials,FLS
2017Q2,2017,Q2,2017-08-14,2017-06-30,41878000.0,877063000.0,126143000.0,0.32,244995000.0,0.27933569196283503,4795115000.0,1703992000.0,2415555000.0,1146323000.0,3069327000.0,941816000.0,3612173000.0,6069886760.0,7155552760.0,13.034237983049291,2.107220216291569,0.33175992650854047,0.9335883032314706,0.015669276492386537,13.034237983049291,0.024576406462002168,6.920696415194803,36.235533931897415,3.56215684111193,0.5920531066431062,0.6711162265240769,0.004084754951837025,0.18290760492709768,1.1665097882533981,0.008733471460017121,208.67322469746975,0.27933569196283503,1.9090909090909092,-0.5164801023589144,-0.08077136183037126,0.062261541398792135,-0.07156662119145066,1.8252040747487013,1.682980262038455,-0.6442039271068394,-0.24830240500457948,-0.07438745681912058,Specialty Industrial Machinery,Industrials,FLS
2017Q1,2017,Q1,2017-05-01,2017-03-31,14823000.0,863626000.0,47016000.0,0.11,263880000.0,0.30554892974505166,4696831000.0,1680374000.0,2282133000.0,1099223000.0,2994968000.0,957120000.0,3624907000.0,6321812040.0,7564210040.0,12.870314486604066,2.07613286839886,0.33388065272095163,0.9332333159165758,0.009991784651439704,12.870314486604066,0.008821250507327535,7.320080729389805,106.62166970248938,3.7621458318207734,1.6720636848141401,0.6266152624540288,0.0039205531330539205,0.1838741909172376,1.064733907496477,0.0031559577085060117,-529.6868068705488,0.30554892974505166,-0.7794967143646748,-0.8007805858185199,0.005511773556845791,-0.10795909085835997,-0.20848505936062103,-0.7724160167045385,-0.5640531117869594,-0.8548531250348971,-0.1470501011191699,-0.0446277172137518,Specialty Industrial Machinery,Industrials,FLS
2016Q4,2016,Q4,2017-02-16,2016-12-31,65132000.0,1074648000.0,107848000.0,0.49885877973683,333386000.0,0.31022809329194306,4742762000.0,1648234000.0,2331361000.0,1178141000.0,3073567000.0,919251000.0,3632163000.0,6273504100.0,7476965100.0,12.62414791440082,1.9788471838260446,0.3311620949986527,0.9529126325509606,0.02375935296400509,12.62414791440082,0.03951623373865604,5.83772928437963,24.07996107903949,3.806197481668258,0.3805502671497881,0.8063760605101327,0.003950902016625764,0.22658695502747134,1.0711035436335719,0.013732926088216107,43.512516559506714,0.31022809329194306,4.117867373355188,-0.34836277800767884,0.06289481280152918,-0.09115331937378186,0.25596079007545874,4.112194189602446,39.43478260869565,-0.512976125996608,-0.18407394178676298,-0.07036253676817233,Specialty Industrial Machinery,Industrials,FLS
2016Q3,2016,Q3,2016-10-27,2016-09-30,-20928000.0,943334000.0,-2806000.0,-0.16,265443000.0,0.28138814036173826,4853602000.0,1694421000.0,2382880000.0,1201739000.0,3140062000.0,1038944000.0,3591867000.0,6285623760.0,7635642760.0,13.004098266295212,1.982859838950055,0.33189556951723687,0.9507017441356074,-0.0011293713773513553,13.004098266295212,-0.012351121710602028,6.663200690317534,-75.08629300458716,3.709599774790327,-1.184011850152905,0.6524807881849263,0.003942170410785134,0.19435751015431427,0.9632915300244063,-0.004311849220434638,229.8217096892139,0.28138814036173826,-1.3333333333333335,-1.2487806069491605,0.07729768924707305,-0.05565870181876675,-0.18255811088801566,-1.3322062955378828,-1.028631484429207,-1.1785425997059054,-0.1731795484708684,0.011449961487710686,Specialty Industrial Machinery,Industrials,FLS
2016Q2,2016,Q2,2016-07-28,2016-06-30,62997000.0,1026232000.0,98004000.0,0.48,324724000.0,0.31642357673508525,4931672000.0,1743976000.0,2423362000.0,1238602000.0,3169385000.0,1057967000.0,3637837000.0,5892607180.0,7240807180.0,13.368513039078909,1.956530023365052,0.32731556356546015,0.9255935861502681,0.020862737057389072,13.368513039078909,0.03612263012793754,5.741983469624802,23.384475371843106,3.3788350183718125,0.39312983157928155,0.6630717215187241,0.004202893429593927,0.20809007573901914,0.9785056055133126,0.012773963880809591,-1086.3951290560472,0.31642357673508525,0.6551724137931035,-0.1820113279100568,0.16866000425937366,-0.036731101422955666,0.054295278262083566,0.6639900684117382,0.31708103749496036,-0.4295432441787162,-0.0974552257388514,0.10781861553393904,Specialty Industrial Machinery,Industrials,FLS
2016Q1,2016,Q1,2016-04-28,2016-03-31,37859000.0,947248000.0,74410000.0,0.29,308001000.0,0.32515349728898874,4981050000.0,1722665000.0,2429189000.0,1279802000.0,3240064000.0,1088155000.0,3599869000.0,5779606220.0,7105304220.0,13.23681056077208,1.898097518209848,0.3284480179881752,0.9497006092304656,0.015152550928169417,13.23681056077208,0.021976994946783037,6.101471019205108,38.16533862489764,3.355037816406556,0.6184790934784331,0.5874595071474192,0.0040513140703208675,0.19017034560986137,0.9571808764168207,0.007600606297868923,-204.892449659671,0.32515349728898874,-0.47120467410188877,-0.4991840358167222,0.21864873036303328,-0.0033203805852385125,-0.22563394729299605,-0.46955388667824915,-0.4559280517676306,-0.5702327501333565,-0.041104625966206176,0.07292070876647254,Specialty Industrial Machinery,Industrials,FLS
2015Q4,2015,Q4,2016-02-18,2015-12-31,71372000.0,1287688000.0,136765000.0,0.5484163452229104,397746000.0,0.3088838290020564,5103850000.0,1666477000.0,2631792000.0,1359962000.0,3420117000.0,995565000.0,3587120000.0,5476375360.0,6741201360.0,12.805066773216948,1.9351952481025205,0.3196155843138023,0.9788733957924411,0.027354722350670033,12.805066773216948,0.0428280738348024,4.252874422996875,19.182506304993552,3.286199185467306,0.33136243905172896,0.89390647521759,0.004318549851922495,0.25229738334786483,0.996230041721754,0.013983953290163309,22.562336170598464,0.3088838290020564,-0.2165480782529851,-0.18611334958972145,0.44867678585580395,0.016613025726715264,0.023140836012861737,-0.23766595815130898,-0.18519026029347807,-0.4404838027594002,0.07621182534173149,-0.02131848923690525,Specialty Industrial Machinery,Industrials,FLS
2015Q3,2015,Q3,2015-10-29,2015-09-30,93623000.0,1096476000.0,167849000.0,0.7,388750000.0,0.3545449239199034,5158255000.0,1688323000.0,2649729000.0,1314279000.0,3453709000.0,1116445000.0,3539468000.0,5453107000.0,6894217000.0,12.737253866465485,2.016108451858395,0.3254883676747272,0.9944495218035885,0.032136586976494734,12.737253866465485,0.055453251540137756,4.973302653227248,14.561344434594064,3.2298955827765186,0.2571163068904009,0.6339103135398519,0.004414364141396822,0.2125672344620419,0.9416128538917535,0.01815013022814886,61.79928376341527,0.3545449239199034,0.2499999999999998,0.1379970586077528,0.42537443303924993,0.0580989406411889,0.053260433713003805,0.2481735281569966,0.3156681847041395,0.01606569224698603,0.08488927715987912,-0.034289090125962804,Specialty Industrial Machinery,Industrials,FLS
2015Q2,2015,Q2,2015-07-30,2015-06-30,75008000.0,1162247000.0,127577000.0,0.56,369092000.0,0.31756760826227126,5312122000.0,1768576000.0,2778940000.0,1365418000.0,3528209000.0,1129695000.0,3469687000.0,7068920420.0,8447131420.0,13.175026259526062,2.0352302371874402,0.31880197781602154,0.9575585103495694,0.026255819366621937,13.175026259526062,0.04241152203806905,6.082115436735909,23.560554940806313,3.996955980404574,0.3231921928327645,0.7020965835911462,0.0034293779756541668,0.2187914735391996,0.9943533775005163,0.014120157631921856,86.80125273213979,0.31756760826227126,1.8,0.022706801646830185,0.511100940663395,0.20499504349316683,0.11262773942664214,1.7111978601894022,0.36627184715558603,-0.15657655066670248,0.18631728264075556,0.07373547426510817,Specialty Industrial Machinery,Industrials,FLS
2015Q1,2015,Q1,2015-04-30,2015-03-31,27666000.0,1014620000.0,93376000.0,0.2,331730000.0,0.32694999112968404,5251681000.0,1751864000.0,2760338000.0,1340766000.0,3487539000.0,1118940000.0,3418920000.0,7621517820.0,8967262820.0,12.984657347425843,2.0587768484582694,0.3198063629531192,0.9587051277953084,0.013872670929068767,12.984657347425843,0.01579232177840289,7.511696812599791,68.87079646497507,4.350519115639114,0.7838502132581509,0.6103008204193254,0.0028453649931897687,0.1931990918717264,1.0063799350520524,0.0052680275134761615,-43.01859150636684,0.32694999112968404,-0.8303088997333602,-0.5733507628329452,0.30898491364104036,0.19045217745038517,-0.31700638254066293,-0.826017507672184,-0.608896335078534,-0.6401770811621994,0.14317250333936588,-0.10003399239806375,Specialty Industrial Machinery,Industrials,FLS
2014Q4,2014,Q4,2015-02-17,2014-12-31,159016000.0,1381359000.0,238750000.0,1.178612194073437,485700000.0,0.35161026206800694,4968020000.0,1931562000.0,2794163000.0,1471875000.0,3026177000.0,995564000.0,3415738000.0,8072143940.0,8776715940.0,14.316562652870633,1.8983697664543524,0.23247128634747846,0.597921267865075,0.05463043807511378,14.316562652870633,0.08232508198028332,5.8436249664279885,12.690773161191327,4.179075763553021,0.13728807164058962,0.8996498467200501,0.0027044859658436667,0.2780502091376444,1.0413907430997877,0.03200792267341919,20.397388058947197,0.35161026206800694,0.26732493986391076,0.7815918064845337,0.4251750023744023,0.33040005793918964,0.15234050629908183,0.23688181577760148,0.24062709477611552,0.5395691268728545,0.3221402111200165,0.03068821224726008,Specialty Industrial Machinery,Industrials,FLS
2014Q3,2014,Q3,2014-10-23,2014-09-30,128562000.0,1204012000.0,192443000.0,0.93,421490000.0,0.3500712617482218,4793774000.0,1914914000.0,2673210000.0,1314605000.0,2870075000.0,1118283000.0,3278771000.0,9637756840.0,10641645840.0,14.011531679191027,2.0334701298108557,0.2433902808100674,0.6093004698905539,0.044487416860759826,14.011531679191027,0.06713721869493879,8.004701647491885,18.741457117966426,5.032997220762916,0.17038471710147632,0.6997531036419224,0.0022728317764862806,0.25116161087276956,0.9842834919994979,0.026818535875909044,89.62687237287506,0.3500712617482218,0.03333333333333336,0.346369295918769,0.4029144148637011,0.3689320332393998,-0.02048774592964077,0.040878288115421046,-0.00963384195764609,0.4570647034708383,0.31092690664555156,0.01749984846925876,Specialty Industrial Machinery,Industrials,FLS
2014Q2,2014,Q2,2014-07-23,2014-06-30,123513000.0,1224378000.0,194315000.0,0.9,430306000.0,0.35144865392877034,4886110000.0,1931818000.0,2728990000.0,1350716000.0,2947367000.0,1160181000.0,3172209000.0,10199779100.0,11245769100.0,14.081743035003571,2.0204025124452514,0.2434572696889755,0.6157717756020494,0.04428243762228946,14.081743035003571,0.06393614719399032,8.330580180303794,20.645152939366707,5.279886148695167,0.17807842089496653,0.6844380316519577,0.0021564192502953328,0.2505833884214641,0.9634349485754222,0.025278391194631312,198.45858741122677,0.35144865392877034,0.15384615384615383,0.3842180039577367,0.36182530405649804,0.48862709111488445,0.14102598098228158,0.14646258377114002,0.18249698769519127,0.5250626964385098,0.3258846801702679,0.014660722828411897,Specialty Industrial Machinery,Industrials,FLS
2014Q1,2014,Q1,2014-04-23,2014-03-31,107734000.0,1068136000.0,164326000.0,0.78,377122000.0,0.3530655272362321,4759408000.0,1855486000.0,2607267000.0,1314010000.0,2896535000.0,1121248000.0,3070775000.0,10790081560.0,11817997560.0,13.471517562838514,1.9842063606821867,0.250521073209105,0.6425982195500263,0.03993523376316854,13.471517562838514,0.05806241599235995,10.101786251937956,25.03871006367535,5.815231998516831,0.17995247554161176,0.6162900625017838,0.00179674267448262,0.2244262311615226,0.9350248476038995,0.022636008511983004,-92.75566983013547,0.3530655272362321,-0.23850468879579811,0.4227100540905578,0.2705964554443132,0.608268905678093,-0.19841605539980148,-0.23636776036461324,-0.22813230997585654,0.3465985018459276,0.2984275218487085,0.014352130811639018,Specialty Industrial Machinery,Industrials,FLS
2013Q4,2013,Q4,2014-02-18,2013-12-31,141081000.0,1389440000.0,212894000.0,1.0243004632116979,470471000.0,0.338604761630585,5036733000.0,1870379000.0,2847382000.0,1558099000.0,3159612000.0,1060670000.0,2985391000.0,10857571220.0,11694064220.0,13.579646274703414,1.8274718101994802,0.23830864173264693,0.6417399895956916,0.05135506833064402,13.579646274703414,0.07542909752515399,7.8143505441041,19.239960058406165,5.805011294502344,0.13864375784124014,0.8664042539149782,0.0018015078698235792,0.2758613569549944,0.9749900359348155,0.028010418658285043,32.46075651079427,0.338604761630585,0.13811162579077538,0.5028300944625489,0.44887228119687816,0.6668876879998609,0.1129112762248101,0.11728742149820624,0.10086458311787701,0.5201306093059875,0.476987997796505,0.07810802802682593,Specialty Industrial Machinery,Industrials,FLS
2013Q3,2013,Q3,2013-10-24,2013-09-30,126271000.0,1229057000.0,193388000.0,0.9,422739000.0,0.34395394192458123,4696194000.0,1804657000.0,2626651000.0,1594249000.0,2885727000.0,1184188000.0,2863863000.0,8757372350.0,9751779350.0,12.856887400705304,1.6475788913776956,0.2359693828662104,0.6140546375294585,0.04605590213855645,12.856887400705304,0.06996952883567348,7.125277631550042,17.33844736717061,4.852651972092204,0.1561403647710084,0.6809037078571983,0.0022513602496301304,0.2617134215494505,0.7549002696567475,0.026887943726345207,80.95859657394311,0.34395394192458123,0.0714285714285715,0.3079179421906547,0.2917080744882769,0.5517816628750105,0.0027586959409454047,0.048884421776618545,0.05376496422752709,0.44938281664998286,0.5087690309497647,0.06803704167704744,Specialty Industrial Machinery,Industrials,FLS
2013Q2,2013,Q2,2013-07-24,2013-06-30,120386000.0,1239526000.0,183521000.0,0.84,421576000.0,0.3401106552020692,4638143000.0,1716132000.0,2611866000.0,1620090000.0,2916194000.0,1184242000.0,2757262000.0,7764775200.0,8787147200.0,12.067420470846342,1.6121733977741977,0.2430032881694247,0.6567583379367088,0.04555658759620781,12.067420470846342,0.07014961553074006,6.264310066912675,16.12474706361205,4.52457922817126,0.16702108218563622,0.6906949761957438,0.002589514761483372,0.267246180206173,0.7314112178953022,0.02595564647316825,160.61839769977038,0.3401106552020692,0.253731343283582,0.1773933387187478,0.2866649986049359,0.37174730765104586,0.12929805951118112,0.23107916023274602,0.07650209116665396,0.549371406457986,0.5212012601588633,0.10369281765977303,Specialty Industrial Machinery,Industrials,FLS
2013Q1,2013,Q1,2013-04-24,2013-03-31,97789000.0,1096596000.0,170479000.0,0.67,373308000.0,0.34042436777081075,4668294000.0,1782327000.0,2633838000.0,1563126000.0,2880534000.0,1155773000.0,2656814000.0,7930816455.6,8831033455.6,12.337175014536092,1.6849812491123557,0.2291316699419531,0.6001446423692173,0.0400439682092062,12.337175014536092,0.05486591405505275,7.232213555037589,20.27532865557476,4.449697757818852,0.1790998987616194,0.6258045481249346,0.0022083476648401376,0.2349029431308311,0.7841709497506919,0.020947481028401382,-55.72210988421112,0.34042436777081075,-0.31643931582887247,0.31011041995877736,0.30250425279355164,0.487449216869118,-0.16590774015667104,-0.3094094716176325,-0.21062477137710853,0.40835727022720064,0.32122296550015667,0.13109006011256671,Specialty Industrial Machinery,Industrials,FLS
2012Q4,2012,Q4,2013-02-21,2012-12-31,141602000.0,1328211000.0,215967000.0,0.9801616967079215,447562000.0,0.33696603928140934,4810958000.0,1890219000.0,2740216000.0,1590625000.0,2916483000.0,1086663000.0,2579308000.0,7069295984.400001,7693637984.400001,13.083997840352188,1.722729115913556,0.1930164428789443,0.4912626526344302,0.05728383511831589,13.083997840352188,0.07491301272498055,5.32241939300307,12.480925383116057,3.739934888179624,0.1285010098727419,0.8104159247163104,0.002573947963156952,0.2760803565526866,0.8851715520628683,0.029433223071163788,20.597761655211,0.33696603928140934,0.4205241981274226,0.7420957268305364,0.41257749234629365,0.7248151571137879,0.14876130635209084,0.3321479641755099,0.3347197587249007,0.48161376292022834,0.2797553135713111,0.21586109088765743,Specialty Industrial Machinery,Industrials,FLS
2012Q3,2012,Q3,2012-10-29,2012-09-30,106296000.0,1165923000.0,161807000.0,0.69,389604000.0,0.33415928839211506,4743748000.0,2016808000.0,2721070000.0,1410439000.0,2716523000.0,1155725000.0,2455401000.0,6515999703.0,7226575703.0,13.189510169380682,1.929236216525493,0.19562506271412394,0.4601310585836629,0.040595051587314655,13.189510169380682,0.052705066620124474,5.58870500281751,15.325129127624747,3.2308478065338893,0.17391999698953864,0.6717160224101755,0.0028371701722896777,0.2457809731882891,0.9380490755006066,0.022407598380015128,186.7369663265891,0.33415928839211506,0.045454545454545324,0.86201967071452,0.40095608242692937,0.9094235770525703,0.013005652596710366,-0.009504640500950463,-0.018137576154761036,-0.0050614145234925845,0.2142217409943227,0.2886202156197457,Specialty Industrial Machinery,Industrials,FLS
2012Q2,2012,Q2,2012-07-30,2012-06-30,107316000.0,1182225000.0,164796000.0,0.66,384602000.0,0.32532047622068555,4605883000.0,1987600000.0,2617647000.0,1752590000.0,2608279000.0,1149178000.0,2367469000.0,6195926250.0,6817488250.0,12.270271938759763,1.4935877758060927,0.1729907164380858,0.4008729120547394,0.043364687667316916,12.270271938759763,0.053992755081505334,5.240902746939034,14.433836170748071,3.117290325015093,0.1833091058183309,0.6940813346583384,0.0031749893730578216,0.256677167005762,0.7034474691741937,0.023299766841667492,44.235446250722866,0.32532047622068555,0.17159832638954237,0.7745690723586368,0.32764212823707317,0.9246732972482652,0.0707689395099434,0.15238657718120804,0.1562765308055542,0.01857096727330953,0.11363023665312871,0.2971305596175372,Specialty Industrial Machinery,Industrials,FLS
2012Q1,2012,Q1,2012-04-30,2012-03-31,93125000.0,1074980000.0,142523000.0,0.563333,359183000.0,0.3341299373011591,4618410000.0,2357670000.0,2606223000.0,1379820000.0,2251758000.0,1141341000.0,2278806000.0,6291824253.000001,6618551253.000001,14.42794198641454,1.888813758316302,0.10813699953014133,0.21182820326848117,0.03615646540246512,14.42794198641454,0.03949874240245666,5.852968662672795,16.89080336375839,2.6686619641425646,0.18695302013422818,0.6271543736709713,0.002767083011210739,0.2327597593111049,0.8854915858590251,0.020163865919223284,-46.06796351508673,0.3341299373011591,-0.26414294768901186,1.849427819594884,0.37619547953569904,1.3932794154607926,-0.144857354408169,-0.25558362244000704,-0.2629213599362853,0.03655519308255089,0.07781444901032664,0.7224496320805542,Specialty Industrial Machinery,Industrials,FLS
2011Q4,2011,Q4,2012-02-22,2011-12-31,125098000.0,1265429000.0,193362000.0,0.765546784162536,420027000.0,0.33192458842021166,4622614000.0,2269813000.0,2628354000.0,1470321000.0,2344384000.0,1008379000.0,2205524000.0,5409965846.999999,5577825846.999999,13.890294351630867,1.7876055636830326,0.10929227489035424,0.22258045046001587,0.04855721561985128,13.890294351630867,0.05511379131232397,4.275202992028789,10.811455512877902,2.383441211676909,0.14199267774065133,0.838377237130087,0.003283384868288985,0.2737474943830482,0.950544132879827,0.027062177374100455,16.31990179942382,0.33192458842021166,0.1961668502539624,2.225829815328622,0.47298580286018627,1.287452279061833,0.11535479279633337,0.16077609004277588,0.24784294997967177,0.12319264442303286,0.11221979354238573,0.7050194216441906,Specialty Industrial Machinery,Industrials,FLS
2011Q3,2011,Q3,2011-10-27,2011-09-30,107771000.0,1121813000.0,154957000.0,0.64,376586000.0,0.33569409518342186,4480505000.0,2298704000.0,2577466000.0,1298066000.0,2173636000.0,1076704000.0,2098054000.0,4117587564.2999997,4397590564.299999,13.77054915562904,1.9856201456628553,0.11335507939395224,0.22094536747663032,0.0425721760722351,13.77054915562904,0.046883374283944346,3.6704758852856934,9.551705849208043,1.7912648015142445,0.16532276772044427,0.6921373005022736,0.004327048234377727,0.2503764642601671,0.963573500885163,0.024053315418686064,63.30464861170899,0.33569409518342186,0.09090847107473228,2.7977047669875748,0.4454713844729368,1.4077435030373149,0.019624300775982977,0.09155086496779159,0.10599831556107518,-0.06134536584502241,-0.008620677411219115,0.662057463943555,Specialty Industrial Machinery,Industrials,FLS
2011Q2,2011,Q2,2011-07-27,2011-06-30,98732000.0,1125752000.0,140106000.0,0.586667,369338000.0,0.3280811404287978,4563276000.0,2321017000.0,2589622000.0,1334289000.0,2231816000.0,1090575000.0,2008272000.0,6126037830.0,6424885830.0,13.878277455887014,1.9408254133849563,0.1139882838557212,0.22410865581768682,0.03554806613789118,13.878277455887014,0.04253824939670842,5.441729466170169,15.51178399607017,2.6393765448508133,0.1807418061013653,0.6935919125232103,0.0029129758083782514,0.24669820541207677,0.9158540616013472,0.02163621047685917,-177.0275344603381,0.3280811404287978,0.023256990265692133,2.001818443383269,0.5034981396066733,1.5570869647671437,0.062247084369921914,0.018044585593202864,0.07564509070808349,-0.17889818374253202,-0.006321114367597709,0.5775939672392997,Specialty Industrial Machinery,Industrials,FLS
2011Q1,2011,Q1,2011-04-27,2011-03-31,96982000.0,997207000.0,130253000.0,0.573333,347695000.0,0.3486688320479098,4449534000.0,2217407000.0,2493220000.0,1323895000.0,2221680000.0,1021443000.0,1927584000.0,7168229634.6,7404505634.6,13.28090823061535,1.8832460278194267,0.11801999939768973,0.23682346091628645,0.035266481063751534,13.28090823061535,0.043736670805134104,7.188306574863595,18.478247599038998,3.2327081291797133,0.16634014559402777,0.6358768918089409,0.002250485938973437,0.2241149297881531,0.9050566699020692,0.021795990321683126,-28.480617409650044,0.3486688320479098,-0.14913536220367454,5.970352535307436,0.5227581170196223,1.5875896585222342,-0.09576875065016124,-0.13796076549069802,-0.20554671155758053,0.12425040828224687,0.024877203368533708,0.6012317668885927,Specialty Industrial Machinery,Industrials,FLS
2010Q4,2010,Q4,2011-02-23,2010-12-31,112503000.0,1140353000.0,163953000.0,0.6738239839005282,384520000.0,0.33719383383917084,4459910000.0,2103022000.0,2523744000.0,1456375000.0,2346877000.0,886731000.0,1848680000.0,6635069880.0,6605201880.0,12.59581222074484,1.7328943438331474,0.11832323970663085,0.2509298523743451,0.045830390541325525,12.59581222074484,0.053495874032701514,5.818435063528574,14.744206554491882,3.1550168662049187,0.14565833799987557,0.8523813873655032,0.0024697554504128296,0.25568968880537946,0.9593305295682774,0.025225396925050058,20.942645468576895,0.33719383383917084,0.09862665778708826,13.311269386183419,0.5417406075409068,1.524268400242173,0.1529904227311708,0.08260279640874142,0.26902535682219264,0.19762472552407723,0.04939391334042465,0.6604594482197641,Specialty Industrial Machinery,Industrials,FLS
2010Q3,2010,Q3,2010-10-27,2010-09-30,103919000.0,971681000.0,129196000.0,0.613333,333498000.0,0.34321757860861746,4229800000.0,2015500000.0,2334200000.0,1268200000.0,2214400000.0,947800000.0,1752500000.0,6106724619.0,6360524619.0,12.037866571104342,1.840561425642643,0.12667265591753749,0.26583974199950383,0.03771583958355917,12.037866571104342,0.051559910692135946,6.284701068560567,14.691068570232584,3.02988073381295,0.1563429209288003,0.6733308714918759,0.0026605096862318493,0.2297226819234952,0.9070335909162592,0.024568301101706935,410.3981598790323,0.34321757860861746,0.1358018518518518,11.344522068040135,0.4818121027842921,1.313901909044298,-0.02873618452666987,0.1339050923652711,-0.11527162412945374,0.6625124743438987,0.06630384014684725,0.7427020376874919,Specialty Industrial Machinery,Industrials,FLS
2010Q2,2010,Q2,2010-07-28,2010-06-30,91647000.0,961096000.0,146029000.0,0.54,343365000.0,0.3572639986015965,3958565000.0,1834004000.0,2293907000.0,1157495000.0,2118548000.0,798035000.0,1665151000.0,4741427991.3,4803860991.3,10.933676723958055,1.9817856664607623,0.14296468543525243,0.30857893439708967,0.044528012252227175,10.933676723958055,0.04997099242967845,4.933355243700942,12.93394216750139,2.5852877045524436,0.17910024332493152,0.7740650472723627,0.003461826274725228,0.24278899045487443,1.0940531060609333,0.02315157133961423,55.155972166255644,0.3572639986015965,0.14084587383512248,4.122187595013682,0.39504016524417784,1.1142480082867376,-0.014197123252275273,0.1424457741211668,0.027114662315191246,0.4634821687690009,0.04228960455688979,0.7150194988648304,Specialty Industrial Machinery,Industrials,FLS
2010Q1,2010,Q1,2010-05-05,2010-03-31,80220000.0,958906000.0,142174000.0,0.473333,348310000.0,0.3632368553330566,4069041000.0,1820521000.0,2358390000.0,1262985000.0,2242846000.0,797069000.0,1590281000.0,6134987283.6,6232689283.6,10.907332182999017,1.8673143386501028,0.13911336848166436,0.31093187060187716,0.042668300732861215,10.907332182999017,0.044064309063174774,6.397902697031826,19.11925730366492,3.369907451548211,0.18719770630765395,0.7660516216287423,0.0024477638348401024,0.23565896730949626,1.016818885418275,0.01971471902101748,-37.433110118858764,0.3632368553330566,-0.28450918904526434,21.598173792957663,0.604115250427215,1.181265730083201,-0.14803844112388187,-0.27348801825789276,-0.12465213643639945,1.4031202818319073,0.20186933785897457,0.8092873963413896,Specialty Industrial Machinery,Industrials,FLS
2009Q4,2009,Q4,2010-02-24,2009-12-31,110418000.0,1199073000.0,162420000.0,0.6615500754906894,408833000.0,0.3409575563789694,4248894000.0,1796113000.0,2499322000.0,1458083000.0,2447147000.0,795233000.0,1526774000.0,5259271080.0,5171679080.0,10.761095933088887,1.7141150400903105,0.133382475533633,0.31553025895364045,0.05116697897076575,10.761095933088887,0.06147608752901405,4.386114173198796,11.907639786991252,2.9281404232361776,0.13632741038598778,0.9937213370169498,0.0028621837077848437,0.28220826408001704,0.9917418967233004,0.02598746873892359,12.974481824573521,0.3409575563789694,-0.04123177465117464,24.76534166438882,0.6873205330807463,1.1272842721861505,0.06133876766916317,-0.0558044876180052,0.007536987066157998,1.7876127259619958,0.3664944705918544,0.7721361977082276,Specialty Industrial Machinery,Industrials,FLS
2009Q3,2009,Q3,2009-10-28,2009-09-30,116944000.0,1051064000.0,161205000.0,0.69,385205000.0,0.36649052769384166,4017027000.0,1713156000.0,2267793000.0,1316342000.0,2296452000.0,884422000.0,1431507000.0,5497749259.2,5775461259.2,10.2353742472039,1.7227992421422396,0.14163136070531765,0.33209876975593583,0.05193529079347633,10.2353742472039,0.06826231820102781,5.2306512821293465,11.752952821863454,3.2091352213108437,0.12889930223012724,0.7528747588820721,0.0027418493076553077,0.2616522119467955,0.860320494218068,0.02911207716552565,93.52776801061549,0.36649052769384166,0.07812499999999989,16.467259344230953,0.5330001472386193,0.9630934171129565,-0.0028887893746392247,0.08063353601064518,0.015445377410190673,3.1099433765714712,0.350693463988584,0.7896276732570796,Specialty Industrial Machinery,Industrials,FLS
2009Q2,2009,Q2,2009-07-29,2009-06-30,108218000.0,1090399000.0,158753000.0,0.64,386321000.0,0.3542932449497844,3953335000.0,1573880000.0,2221050000.0,1342964000.0,2371781000.0,891610000.0,1329739000.0,3871662600.0,4191102600.0,9.459550426733982,1.6538418006737337,0.1444294500719013,0.3627836938013063,0.05387373776042009,9.459550426733982,0.06875873637126083,3.5506842907963048,8.94412805633074,2.459947772384172,0.1395978487867083,0.789670371575016,0.0039019412487028182,0.275817505979129,0.8225663532306152,0.02737385017965844,46.61845394340759,0.3542932449497844,0.1707309934567113,16.738910879656245,0.7287188413198888,0.9657736924998264,0.05043328357437876,0.17239586154596176,0.078946831864181,2.307254577238336,0.4638185558977423,0.7429319427893603,Specialty Industrial Machinery,Industrials,FLS
2009Q1,2009,Q1,2009-04-29,2009-03-31,92305000.0,1024726000.0,147137000.0,0.546667,367773000.0,0.35889886662385845,3793662000.0,1406332000.0,2125280000.0,1340864000.0,2380175000.0,884033000.0,1236723000.0,3140705276.4,3508445276.4,8.376408643651871,1.5850078755190684,0.15006054835670654,0.4047970180583248,0.05367135777613375,8.376408643651871,0.06563528384478202,3.0649220146653837,8.506324891392666,2.2332601948899695,0.15134608092736038,0.7431317609184273,0.004448045509068894,0.270115260663707,0.768149491671042,0.024331371640383355,-13.99863288315995,0.35889886662385845,-0.19794274360318784,7.845669785344446,0.6523881623254553,0.6604638619902402,-0.10641880400027212,-0.19336374440715884,-0.07438302476708124,5.597455507111715,0.5561125169087556,0.6320200400078791,Specialty Industrial Machinery,Industrials,FLS
2008Q4,2008,Q4,2009-02-25,2008-12-31,114432000.0,1168957000.0,158961000.0,0.6815810163676649,411572000.0,0.35208480722558655,4023694000.0,1367767000.0,2332425000.0,1607996000.0,2649496000.0,834612000.0,1159634000.0,2882151596.3999996,2983707596.3999996,8.146707407142687,1.4505166679519104,0.14249294305183247,0.4191854314367871,0.05859047271761818,8.146707407142687,0.08366337248961263,2.4655753773663185,6.2966469090813755,2.1071948631601725,0.12350566275167785,0.9074695786784758,0.004903628253854885,0.2905183644680734,0.7962171547690418,0.02843953839432124,8.086799727274256,0.35208480722558655,0.0023250240700953433,0.7029493534262068,0.7429076557601066,0.6428447501013541,0.016417895703885174,-0.022358157694640706,-0.028593253483255927,13.476020098427213,0.5716584564460903,0.6326439068375594,Specialty Industrial Machinery,Industrials,FLS
2008Q3,2008,Q3,2008-10-28,2008-09-30,117049000.0,1153592000.0,163640000.0,0.68,404924000.0,0.3510114494552667,3745307000.0,1409966000.0,2104612000.0,1436782000.0,2335341000.0,859289000.0,1059258000.0,5035567020.0,5451022020.0,8.285242510782828,1.4648095535718015,0.15189302238775085,0.4034749774108028,0.06721874815361054,8.285242510782828,0.08301547696894819,4.365119574338241,10.755254252492545,3.571410246771908,0.12260677152303737,0.8712644989054905,0.002849927315633265,0.30800999757830266,0.7415690062932303,0.03125217772535069,36.318550450775334,0.3510114494552667,-0.042253521126760445,9.73600108398846,0.9844095511457203,0.6793661526985905,-0.03121276646649281,-0.04732875374397708,-0.04628134816792069,12.46338929089205,0.7308184833118655,0.5925777503311044,Specialty Industrial Machinery,Industrials,FLS
2008Q2,2008,Q2,2008-07-30,2008-06-30,122864000.0,1157605000.0,171581000.0,0.71,417970000.0,0.36106443907896046,3793268000.0,1503304000.0,2146404000.0,1341791000.0,2289964000.0,892810000.0,956409000.0,7786711096.2,8221514096.2,8.797116206125722,1.599655982190967,0.15067350896377477,0.3801925625156322,0.06309620707304595,8.797116206125722,0.08172931090451432,6.7265700270817765,15.844167323626122,5.179731508863144,0.11724345617918999,0.828434941364904,0.0018499466362672423,0.30517353374451794,0.7874534856769795,0.03239001304416139,-266.01226756627494,0.36106443907896046,0.3921568627450979,7.994697821690249,0.8255336431583642,0.8002869279764129,0.2085436870745939,0.3951513086924431,0.44562305164714805,5.740458551314911,0.6493313019648432,0.7011007264110182,Specialty Industrial Machinery,Industrials,FLS
2008Q1,2008,Q1,2008-04-28,2008-03-31,88065000.0,993319000.0,118690000.0,0.51,345846000.0,0.34817213805434105,3695616000.0,1413730000.0,2045085000.0,1289107000.0,2281886000.0,853881000.0,847961000.0,5930461863.407101,6295310863.407101,8.294182332156655,1.5864354161446645,0.15227826700609587,0.3980689381989489,0.0422515819912772,8.294182332156655,0.06229265842841278,5.9703497702219535,16.835467732376937,4.194904163742087,0.09756429909725771,0.7582707660669343,0.0014487910381846421,0.2687830662060127,0.7651591372942665,0.023829586190773067,-31.766871091222747,0.34817213805434105,-0.09354872398331593,9.373019056975444,0.7095543757208931,0.786701268129806,-0.05570800193311108,-0.08169968717413972,-0.13588875541480105,23.14285710026496,0.6271685129840399,0.658683844652144,Specialty Industrial Machinery,Industrials,FLS
2007Q4,2007,Q4,2008-02-27,2007-12-31,95900000.0,1109369000.0,137355000.0,0.562633661062454,366249000.0,0.3301417292172397,3520421000.0,1292977000.0,1896771000.0,1250180000.0,2220204000.0,680199000.0,774366000.0,5465717291.4129,5653118291.4129,7.585739136387368,1.5171983234414244,0.15849695249517032,0.43154363921399996,0.05558826019432045,7.585739136387368,0.0741699194958611,4.926870402375495,14.248480947374608,4.227234739220342,0.08868613138686131,1.0925038113846095,0.0015560629184685547,0.3151239581856829,0.8297269193236174,0.02724106008912002,15.878050760718528,0.3301417292172397,0.5344540443030161,4.609486419027792,0.7234086070597991,0.6608441256767976,0.16794915540702143,0.5208944572198874,0.26911456264032746,20.9128514170415,0.5286647490902363,0.4995706439271373,Specialty Industrial Machinery,Industrials,FLS
2007Q3,2007,Q3,2007-11-01,2007-09-30,63055000.0,919247000.0,108229000.0,0.366667,313583000.0,0.34113029468684697,3274656000.0,1166673000.0,1691396000.0,1121459000.0,2107983000.0,729871000.0,687079000.0,4384574453.16,4930130453.16,6.907587361909666,1.508210286778206,0.18831382594080112,0.5285654163591683,0.04026461690701106,6.907587361909666,0.05404684945996008,4.769745730103008,17.383928527317423,3.7581862725545205,0.13619855681547854,0.8298233523458255,0.00195868495146902,0.2807155927218004,0.6918139673407587,0.019255457672500562,48.01014446225609,0.34113029468684697,-0.00900810810810804,4.977632842033431,0.5347729143495894,0.5138492353072678,0.03692938511647901,-0.0023732299659837038,0.11682214058694844,8.333333357016361,0.3286655670890496,0.32484059212606764,Specialty Industrial Machinery,Industrials,FLS
2007Q2,2007,Q2,2007-08-08,2007-06-30,63205000.0,930677000.0,96908000.0,0.37,302415000.0,0.324940876372791,3128344000.0,1079324000.0,1558281000.0,1059402000.0,2049020000.0,680955000.0,632613000.0,4040610997.0369,4676813997.0369,6.375249220895181,1.4709062282306433,0.2186965372094629,0.633876389295522,0.041362874279432485,6.375249220895181,0.05855980224659139,4.341582522225112,15.982165165085437,3.743649726159059,0.0,0.9226189689480215,0.0,0.2974982930265981,0.6724199123656553,0.020203980124947896,-370.4263840334525,0.324940876372791,0.8813527434699262,2.960659314062674,0.4445906811371434,0.3051926208595444,0.13915110330955197,0.8803177247575416,0.43733499451217706,9.181818163353476,0.4500545978622496,0.3248301067403561,Specialty Industrial Machinery,Industrials,FLS
2007Q1,2007,Q1,2007-05-09,2007-03-31,33614000.0,803400000.0,67422000.0,0.196667,265474000.0,0.33043813791386606,2960128000.0,1013214000.0,1400763000.0,962400000.0,1946914000.0,627427000.0,577974000.0,3203968831.0000005,3816756831.0000005,6.028523829356816,1.4554894014962594,0.2198492767880308,0.6422947176016123,0.025681191228572146,6.028523829356816,0.033175617391784956,3.9880119878018427,23.829125,3.1621837351240707,0.0,0.8573523294343406,0.0,0.27140718239211276,0.6416251039068994,0.011355590028539307,-33.28487550255041,0.33043813791386606,-0.1712926167076167,1.1428571406139596,0.45920362488968025,0.949031235837734,-0.09351844896230989,-0.15724815724815724,-0.025961080050275212,2.2178477690288716,0.2941241729182687,0.19504030732553626,Specialty Industrial Machinery,Industrials,FLS
