Quarters,Year,Quarter,FillingDate,Date,NetIncome,Revenue,OperatingIncome,EPSDiluted,GrossProfit,GrossProfitRatio,TotalAssets,CommonStockEquity,CurrentAssets,CurrentLiability,TotalLiability,Inventory,RetainedEarnings,MarketCap,EnterpriseValue,bookValuePerShare,currentRatio,debtToAssets,debtToEquity,roic,shareholdersEquityPerShare,roe,priceToSalesRatio,peRatio,pbRatio,payoutRatio,inventoryTurnover,dividendYield,assetTurnover,quickRatio,returnOnAssets,priceToFreeCashFlowsRatio,grossProfitMargin,epsdilutedGrowth,fiveYNetIncomeGrowthPerShare,fiveYRevenueGrowthPerShare,fiveYShareholdersEquityGrowthPerShare,grossProfitGrowth,netIncomeGrowth,operatingIncomeGrowth,threeYNetIncomeGrowthPerShare,threeYRevenueGrowthPerShare,threeYShareholdersEquityGrowthPerShare,Industry,Sector,Symbol
2023Q1,2023,Q1,2023-05-04,2023-03-30,71524000.0,1122052000.0,95516000.0,0.66,469118000.0,0.4180893577,4335193000.0,1728417000.0,1328473000.0,1006529000.0,2606776000.0,1181147000.0,1241945000.0,10034601400.0,11698783400.0,16.31166833393103,1.3198556623803188,0.38503845157528166,0.9657484276074582,0.015821969778954243,16.31166833393103,0.04138121761125932,8.94308053459198,35.07424570773447,5.805659976730153,0.0,0.5527965613086263,0.0,0.25882400160731023,0.09242257302074754,0.016498458084795765,90.4980195162425,0.4180893577124768,0.03125000000000003,1.0271291722842306,1.515297151932651,2.2019373025549274,0.07620308281008761,0.03303147161199937,0.8232071618087766,0.8508819931523695,0.9392634290719332,1.048388821680607,Home Improvement Retail,Consumer Cyclical,FND
2022Q4,2022,Q4,2023-02-23,2022-12-29,69237000.0,1048069000.0,52389000.0,0.64,435901000.0,0.4159086854,4351242000.0,1657176000.0,1457485000.0,1006758000.0,2694066000.0,1292336000.0,1170421000.0,7511380909.999999,9242440910.0,15.661956922379003,1.4477014337109813,0.400082091503989,1.0504943349408873,0.008570946809204972,15.661956922379003,0.041780112673608594,7.16687633161557,27.121990084781256,4.532639206698624,0.0,0.47369105248170756,0.0,0.24086663072290623,0.11110018495010718,0.015912008571345837,-262.1773441535776,0.41590868540143827,-0.09859154929577459,0.2952001186305145,1.4149267822441387,2.3583414426817337,-0.025865132130286607,-0.09107975057433541,-0.4846493601030918,0.8733485820727906,0.9016772028585052,1.0732110165366284,Home Improvement Retail,Consumer Cyclical,FND
2022Q3,2022,Q3,2022-11-03,2022-09-29,76175000.0,1097824000.0,101657000.0,0.71,447475000.0,0.4076017649,4244668000.0,1582619000.0,1497092000.0,1061426000.0,2662049000.0,1320456000.0,1101184000.0,7524397100.000001,9175338100.0,14.965098246874822,1.4104534842749283,0.3907556492050733,1.0480273521296029,0.017348265282092767,14.965098246874822,0.0481322415565591,6.853919298539657,24.6944440433213,4.754395783192291,0.0,0.4925184936112979,0.0,0.25863601110852485,0.11318170084395898,0.01794604430782337,-68.98686256532503,0.4076017649459294,-0.06578947368421058,1.9251672055869573,1.8505330270582498,2.6408925791380895,0.025655424702371404,-0.06912943591748949,-0.04466685461892679,0.760361545950448,0.9948730120416722,1.072582489415944,Home Improvement Retail,Consumer Cyclical,FND
2022Q2,2022,Q2,2022-08-04,2022-06-30,81832000.0,1089846000.0,106410000.0,0.76,436282000.0,0.4003152739,4199377000.0,1494286000.0,1511268000.0,1197279000.0,2705091000.0,1344136000.0,1025009000.0,6645113200.0,8208880200.0,14.157809465157042,1.2622521567654656,0.3738516451368858,1.0506315390761876,0.019031584914135643,14.157809465157042,0.05476327824793915,6.097295581210556,20.301083928047706,4.447015631545768,0.0,0.48623353589220136,0.0,0.259525639160285,0.09844572568298617,0.019486700050983755,-65.02513087980586,0.4003152739010833,0.15151515151515146,2.4483862538478114,1.727012994138841,2.5619939021931253,0.0691666380759598,0.15335936068554354,0.13235857489464947,0.7542873292935796,0.9576107083215101,1.0816509480897274,Home Improvement Retail,Consumer Cyclical,FND
2022Q1,2022,Q1,2022-05-05,2022-03-31,70951000.0,1028734000.0,93972000.0,0.66,408058000.0,0.3966603612,3893387000.0,1402417000.0,1322481000.0,1093318000.0,2490970000.0,1149531000.0,943177000.0,8537238000.0,9964269000.0,13.305916620808745,1.2096032444357452,0.37470176994991766,1.0402462320408266,0.017424472032086472,13.305916620808745,0.050591942339546656,8.29878083158523,30.081457625685335,6.087517478752753,0.0,0.5399384618596628,0.0,0.2642259811315957,0.11852178414697279,0.01822346455669575,-81.90218444506269,0.3966603611818021,0.43478260869565216,4.5870977147528595,1.9335334827065296,7.41095021373457,0.1507979705967788,0.42263348906221804,2.4310124502537516,1.1427780044524682,1.000686601241506,1.0987111395164908,Home Improvement Retail,Consumer Cyclical,FND
2021Q4,2021,Q4,2022-02-24,2021-12-30,49873000.0,914335000.0,27389000.0,0.46,354587000.0,0.3878086259,3730695000.0,1323199000.0,1273345000.0,1032015000.0,2407496000.0,1008151000.0,872226000.0,13675975679.999998,14959988679.999998,12.576024559002432,1.2338435003367199,0.3815527669777347,1.0757694042997312,0.0057341792542586765,12.576024559002432,0.03769123162880262,14.957292108472275,68.55400557415835,10.335539612711315,0.0,0.5552223823613724,0.0,0.24508436095687264,0.21745226571319215,0.013368286606114946,-70.66482553362991,0.38780862594125787,-0.33333333333333326,1.617449065665856,1.880797425850353,7.640031933594756,-0.029347837988765644,-0.3318641570098466,-0.6715829106562586,1.5796806169253204,0.938587327459837,1.0969331650453595,Home Improvement Retail,Consumer Cyclical,FND
2021Q3,2021,Q3,2021-11-04,2021-09-30,74645000.0,876553000.0,83397000.0,0.69,365308000.0,0.4167551762,3628110000.0,1264910000.0,1294209000.0,1011986000.0,2363200000.0,833122000.0,822353000.0,12670750210.0,13743157210.0,12.05836089953193,1.2788803402418611,0.3865627006898909,1.10876821275822,0.019539244782534656,12.05836089953193,0.059012103627926096,14.455201465285043,42.43670108513631,10.017116008253552,0.0,0.6136496215440236,0.0,0.24160044761597635,0.4066904087605955,0.020574073002196738,-339.498156851187,0.4167551762414823,-0.10389610389610399,3.616930383699013,1.8414003936696046,2.258528947616497,-0.0003557374985633678,-0.09975155579140335,-0.15381961707438335,1.604821598817043,0.8644269418169214,1.0804927492443857,Home Improvement Retail,Consumer Cyclical,FND
2021Q2,2021,Q2,2021-08-05,2021-07-01,82916000.0,860108000.0,98557000.0,0.77,365438000.0,0.4248745506,3364295000.0,1179602000.0,1165441000.0,860214000.0,2184693000.0,683811000.0,747708000.0,11050300800.0,12048685800.0,11.283306550352005,1.3548268221628572,0.40557620541599354,1.1567274385767403,0.02266081005624672,11.283306550352005,0.07029150510087301,12.847573560529607,33.31775773071542,9.367821349912937,0.0,0.7234016416816927,0.0,0.2556577232377066,0.5102183875175247,0.024645876773588524,159.21247154424688,0.42487455063782686,0.08450704225352121,13.598934961609434,1.8549947562824471,0.0,0.0846013895937768,0.09393635548050029,0.027181106629563623,0.9244609768729904,0.831638041669653,1.0403371222730733,Home Improvement Retail,Consumer Cyclical,FND
2021Q1,2021,Q1,2021-05-06,2021-04-01,75796000.0,782537000.0,95949000.0,0.71,336933000.0,0.4305649445,2964723000.0,1080720000.0,1061875000.0,672978000.0,1884003000.0,607649000.0,664792000.0,10291778970.0,11189602970.0,10.384249517165836,1.5778747596503897,0.422256986571764,1.1583712710045155,0.022708185833845186,10.384249517165836,0.07013472499814938,13.151811313714239,33.94565336561296,9.523076254719076,0.0,0.7333246660489855,0.0,0.26394944822838423,0.6152548820318049,0.02556596349810758,186.7158739114659,0.43056494453297417,0.31481481481481466,8.461973051757663,1.9480581152177863,0.0,0.09557455940690641,0.3264963248162408,1.19950484835981,1.1871974424581588,0.7860485871639159,1.0384006839377824,Home Improvement Retail,Consumer Cyclical,FND
2020Q4,2020,Q4,2021-02-25,2020-12-31,57140000.0,723652000.0,43623000.0,0.54,307540000.0,0.4249832793,2880425000.0,997388000.0,1040456000.0,698836000.0,1883037000.0,654000000.0,588996000.0,9633651750.0,10570310750.0,9.612915040239024,1.4888414449169762,0.43203034274456026,1.2476899661916927,0.011565516168473572,9.612915040239024,0.05728964054109333,13.312547674849236,42.14933387294365,9.658880746509885,0.0,0.6362568807339449,0.0,0.2512309815391826,0.5125651798132895,0.01983735039100133,286.00082383327396,0.4249832792557749,-0.1692307692307692,4.097529515445884,1.8878924049982266,1.8391330421860084,0.04382475528463011,-0.16916276499840055,-0.4464226796274206,0.09006512396319924,0.7004248156789139,1.0612654679495508,Home Improvement Retail,Consumer Cyclical,FND
2020Q3,2020,Q3,2020-10-29,2020-09-24,68774000.0,684847000.0,78802000.0,0.65,294628000.0,0.4302099593,2714396000.0,931505000.0,973969000.0,618918000.0,1782891000.0,598461000.0,531856000.0,7382529000.0,8328451000.0,9.027960845125024,1.573664039501194,0.44836788736794486,1.3065394173944316,0.02236552337755076,9.027960845125024,0.0738310583410717,10.779822354482096,26.836191729432635,7.925377748911707,0.0,0.6520374761262638,0.0,0.25230180121102447,0.5689622857955335,0.025336760001119955,57.08685364325979,0.430209959304779,1.1666666666666667,3.3246674006402297,1.2569588353299137,1.4396244229951767,0.4979155227462225,1.1489188851393575,66.01815181518151,1.7068475483286614,0.8225866860876125,1.1964330005403863,Home Improvement Retail,Consumer Cyclical,FND
2020Q2,2020,Q2,2020-07-30,2020-06-25,32004000.0,462352000.0,-1212000.0,0.3,196692000.0,0.4254161332,2528730000.0,850496000.0,829981000.0,533690000.0,1678234000.0,594269000.0,463082000.0,5688770940.0,6751054940.0,8.328887322012653,1.5551743521519983,0.473243090405065,1.4070659944314847,-0.0006455819286390895,8.328887322012653,0.03762980660696817,12.303982550091705,44.43796822272216,6.688768600910527,0.0,0.4470366113662331,0.0,0.18283960723367065,0.4056830744439656,0.012656155461437163,128.0476048348977,0.425416133162612,-0.14285714285714282,4.76900501887309,0.5712268519918381,0.0,-0.16667231561822127,-0.13649731538191728,-1.0259673479881732,0.39395699941179707,0.19576872103449802,1.095482774088429,Home Improvement Retail,Consumer Cyclical,FND
2020Q1,2020,Q1,2020-04-30,2020-03-26,37063000.0,554937000.0,46674000.0,0.35,236032000.0,0.4253311637,2633880000.0,809289000.0,950995000.0,506497000.0,1824591000.0,588941000.0,431078000.0,3602748050.0000005,4684560050.0,7.963169961329935,1.8775925622461733,0.5208069464060625,1.6949977078645577,0.012288116169050678,7.963169961329935,0.04579698970330747,6.492174877508619,24.301513976202685,4.451744741371748,0.0,0.5414888757957079,0.0,0.21069183106291858,0.6722487991044369,0.014071635761689977,-262.667545202683,0.42533116371768326,0.029411764705882214,3.738014775486732,1.140894482582247,0.0,0.0260967095453182,0.04872527659092838,1.1789915966386555,2.02679517743574,0.6411427387535085,4.033687493840748,Home Improvement Retail,Consumer Cyclical,FND
2019Q4,2019,Q4,2020-02-20,2019-12-26,35341000.0,527002000.0,21420000.0,0.34,230029000.0,0.4364860095,2324309000.0,764336000.0,701486000.0,552541000.0,1559973000.0,581865000.0,394015000.0,5089203100.0,6123633100.0,7.554444191861787,1.2695637065846697,0.45668067369699983,1.3887439555378787,0.006819370315524761,7.554444191861787,0.04623751857821691,9.656895229999128,36.00070102713562,6.658332330284063,0.0,0.5103812740068573,0.0,0.2267349134732086,0.1795450473358538,0.015204949083792215,-84.92054097348529,0.4364860095407608,-0.12820512820512817,7.250073223001423,1.9737994590489585,1.4693526417255178,0.07596778116638914,-0.13747742470835164,-0.3178343949044586,0.9288194175521371,0.7267108913173197,4.190085209520514,Home Improvement Retail,Consumer Cyclical,FND
2019Q3,2019,Q3,2019-11-01,2019-09-26,40974000.0,521093000.0,31400000.0,0.39,213788000.0,0.4102684166,2156873000.0,723040000.0,643709000.0,492432000.0,1433833000.0,483957000.0,358674000.0,5136026730.0,6024163730.0,7.220507904171285,1.3072038372810866,0.45076506590791393,1.3446600464704581,0.017323495184905776,7.220507904171285,0.056669063952201816,9.856257385917678,31.337108471225655,7.103378416131888,0.0,0.6349840998270507,0.0,0.24159651495475162,0.2815393800565357,0.01899694604179291,208.83250914857283,0.41026841657823077,-0.07142857142857137,0.0,0.0,0.0,-0.01852421461461829,-0.06014313239746766,-0.31582961106874385,1.654836247937625,0.7694824796907426,0.9511967022938541,Home Improvement Retail,Consumer Cyclical,FND
2019Q2,2019,Q2,2019-08-01,2019-06-27,43596000.0,520311000.0,45895000.0,0.42,217823000.0,0.4186400057,2011124000.0,670888000.0,564014000.0,424638000.0,1340236000.0,446397000.0,317700000.0,3964421980.0,4848997980.0,6.801240850753229,1.32822309826252,0.4654243099878476,1.3952045646963427,0.0190978342515032,6.801240850753229,0.06498253061613861,7.619331476751404,22.73386308376915,5.909215815456529,0.0,0.677621041360045,0.0,0.25871651872286344,0.21177567716502055,0.021677430133596933,81.57582575414627,0.4186400056889053,0.4482758620689656,7.135171605203128,0.8304276981990942,0.0,0.081683832073654,0.419140625,0.1542427443287561,7.135171605203128,0.8304276981990942,0.0,Home Improvement Retail,Consumer Cyclical,FND
2019Q1,2019,Q1,2019-05-02,2019-03-28,30720000.0,477050000.0,39762000.0,0.29,201374000.0,0.4221234671,1873351000.0,619961000.0,527398000.0,398349000.0,1253390000.0,437504000.0,274104000.0,4059055350.0,4962643350.0,6.340041928721174,1.3239596434282501,0.48257854507777775,1.4582191460430576,0.014533763760426763,6.340041928721174,0.049551504046222265,8.508658107116654,33.032677001953125,6.547275312479333,0.0,0.6301108104154476,0.0,0.2546506234015943,0.1670695796901712,0.01639842186541657,-879.9166160849772,0.42212346714180904,0.7058823529411762,3.0815250346073855,0.9127618149767421,0.0,0.11245290523594338,0.7160093844263211,3.753945480631277,3.0815250346073855,0.9127618149767421,0.0,Home Improvement Retail,Consumer Cyclical,FND
2018Q4,2018,Q4,2019-02-25,2018-12-27,17902000.0,436739000.0,8364000.0,0.17,181018000.0,0.4144763806,1234091000.0,584309000.0,559458000.0,404285000.0,649782000.0,471014000.0,243563000.0,2534102280.0,2678792280.0,5.997341626637106,1.3838208194714126,0.11776603184043964,0.24872798467933918,0.010012350494681141,5.997341626637106,0.030637898783006937,5.80232651537875,35.388535917774554,4.336921526110329,0.0,0.5429159218197336,0.0,0.3538952962139745,0.17931657123069122,0.014506223609117967,-32910.41922077922,0.41447638063007886,-0.31999999999999995,7.293347819890399,2.5530441211198407,1.0947431285071667,0.01566550334967962,-0.3261818729298404,-0.7557028945293104,0.7007728447733496,0.856087579198429,0.771289011313223,Home Improvement Retail,Consumer Cyclical,FND
2018Q3,2018,Q3,2018-11-01,2018-09-27,26568000.0,435882000.0,34237000.0,0.25,178226000.0,0.4088858911,1131867000.0,563676000.0,486760000.0,324158000.0,568191000.0,403772000.0,225661000.0,2987642880.0,3133124880.0,5.795915849219569,1.5016134107441432,0.1290045561890222,0.2590424286292125,0.03997052637161114,5.795915849219569,0.04713345964703127,6.854246975098765,28.113170731707317,5.30028399293211,0.0,0.6381225047799253,0.0,0.38510001616797734,0.20494635332152839,0.023472722501848717,216.19819668572256,0.4088858911356743,-0.34210526315789475,0.0,0.0,0.0,0.0033101025681442032,-0.3332329468453546,-0.08076251845885354,0.7724555055116834,0.5240073665212127,0.5662294179107148,Home Improvement Retail,Consumer Cyclical,FND
2018Q2,2018,Q2,2018-08-02,2018-06-28,39846000.0,434279000.0,37245000.0,0.38,177638000.0,0.4090411924,1118410000.0,534674000.0,502309000.0,335332000.0,583736000.0,432446000.0,199093000.0,4790692200.0,4950443200.0,5.530118737329858,1.4979453198621069,0.14332668699314205,0.2998051148924391,0.060838470230934964,5.530118737329858,0.07452391550739329,11.031369695518318,30.057547809064896,8.960024613128747,0.0,0.5934636925766454,0.0,0.3883003549682138,0.17223527727744445,0.03562736384688978,621.0386569872958,0.40904119241317216,0.2666666666666667,6.585986485073283,0.5587112144056258,0.0,0.07408124025008163,0.2502274795268426,0.020243247685312004,6.585986485073283,0.5587112144056258,0.0,Home Improvement Retail,Consumer Cyclical,FND
2018Q1,2018,Q1,2018-05-03,2018-03-29,31871000.0,402948000.0,36506000.0,0.3,165386000.0,0.4104400568,1075882000.0,487597000.0,486418000.0,331083000.0,588285000.0,426719000.0,159247000.0,4988613680.0,5161346680.0,5.094312221827527,1.4691723827559857,0.1610817914975806,0.3554267150946376,0.0507011886229858,5.094312221827527,0.06536340461487664,12.380291451998769,39.13129239747733,10.231017992317426,0.0,0.5567176526004233,0.0,0.37452806162757624,0.14680004711809425,0.02962313710983175,390.620443191606,0.4104400567815202,-0.3478260869565218,3.3260717428068554,0.6506035369950582,0.0,0.018549767819971176,-0.3356886776721694,0.6611758281761922,3.3260717428068554,0.6506035369950582,0.0,Home Improvement Retail,Consumer Cyclical,FND
2017Q4,2017,Q4,2018-03-05,2017-12-28,47976000.0,389501000.0,21976000.0,0.46,162374000.0,0.4168769785,1067992000.0,442860000.0,503212000.0,359300000.0,625132000.0,427950000.0,119550000.0,4709115990.0,4897621990.0,4.663598740535588,1.4005343723907597,0.17702567060427418,0.4269114392810369,0.05561263537547505,4.663598740535588,0.1083322043083593,12.09012554524892,24.53891523886944,10.633419116650861,0.0,0.530732562215212,0.0,0.3647040427269118,0.1866657389368216,0.04492168480662777,-751.0551818181818,0.4168769784929949,1.090909090909091,21.802941392048655,2.251065431392289,0.6288952712752837,0.13953863752798423,1.0630402064072242,-0.23150090921807245,10.93272201877815,1.3417714684877937,0.5244099469680806,Home Improvement Retail,Consumer Cyclical,FND
2017Q3,2017,Q3,2017-11-02,2017-09-28,23255000.0,343923000.0,28596000.0,0.22,142491000.0,0.4143107614,1000931000.0,388171000.0,456307000.0,344224000.0,612760000.0,395620000.0,71574000.0,3656678080.0,3843530080.0,4.110282828068912,1.3256106488797992,0.18724467520738192,0.4828258679808641,0.04445994877676216,4.110282828068912,0.05990916374484441,10.632258034501909,39.31066523328317,9.420276321518095,0.0,0.5091552499873616,0.0,0.3436031055087713,0.15444013200706516,0.023233369732778782,-473.84710120513154,0.4143107614204342,0.09999999999999995,0.0,0.0,0.0,0.0018491436285400906,0.138332762249743,-0.16145680605243093,0.0,0.0,0.0,Home Improvement Retail,Consumer Cyclical,FND
2017Q2,2017,Q2,2017-07-27,2017-06-29,20429000.0,344047000.0,34102000.0,0.2,142228000.0,0.4133970068,944220000.0,361144000.0,416088000.0,322431000.0,583076000.0,367473000.0,48318000.0,3698042700.0000005,3879481700.0000005,3.9746866092162754,1.2904714497055183,0.19256635106225245,0.5034695301597147,0.05070038514984838,3.9746866092162754,0.056567463394103186,10.748655561594784,45.25481790591806,10.2398010211993,0.0,0.5492076968920165,0.0,0.3643716506746309,0.1270566415760271,0.02163584757789498,-241.1976715366554,0.4133970068043029,0.6666666666666669,3.1385817649378103,0.3139889213965383,0.0,0.1335527731507679,0.8358195542774982,0.5041460832745236,3.1385817649378103,0.3139889213965383,0.0,Home Improvement Retail,Consumer Cyclical,FND
2017Q1,2017,Q1,2017-05-25,2017-03-30,11128000.0,307296000.0,22672000.0,0.12,125471000.0,0.408306649,868354000.0,146109000.0,359885000.0,293215000.0,722245000.0,316540000.0,27882000.0,2960092392.85,3314357392.85,1.581975434723296,1.2273758163804718,0.4084854794242901,2.427708080953261,0.02919010710519907,1.581975434723296,0.0761623171741645,9.63270720364079,66.50099732319374,20.259480202109383,0.0,0.5744139761167625,0.0,0.353883324082114,0.11536926828436471,0.012815050083260974,81.60594361784247,0.4083066489638655,-0.3333333333333333,0.5653569196911152,0.30451448982939366,0.0,0.09346731040733446,-0.33393188483869035,0.13530295443164747,0.5653569196911152,0.30451448982939366,0.0,Home Improvement Retail,Consumer Cyclical,FND
2016Q4,2016,Q4,2016-12-31,2016-12-31,16707000.0,278294000.0,19970000.0,0.18,114746000.0,0.4123193457,831166000.0,134283000.0,336215000.0,243714000.0,696883000.0,293702000.0,16754000.0,2956793806.85,3347085806.85,1.4555530182826621,1.3795473382735501,0.4701142732017431,2.9098471139310265,0.0493799818322153,1.4555530182826621,0.12441634458568844,10.624712738506759,44.24483460301071,22.019122352419885,0.0,0.5568501406187224,0.0,0.334823609242919,0.14354530310117597,0.020100677842933904,-761.2754394567456,0.41231934572789924,0.2,7.173679060665362,1.390965170025946,-0.4916064694925264,0.03405516955491272,0.1749771432590196,-0.1871871057023078,7.173679060665362,1.390965170025946,-0.4916064694925264,Home Improvement Retail,Consumer Cyclical,FND
2016Q3,2016,Q3,2016-09-30,2016-09-30,14219000.0,271311000.0,24569000.0,0.15,110967000.0,0.4090029523,820449000.0,341397000.0,343847000.0,248277000.0,479052000.0,301610000.0,74278000.0,2956793806.85,3115558806.85,3.7005535606342277,1.3849329579461649,0.19393527202787741,0.46606736438808777,0.03148592054113766,3.7005535606342277,0.04164945796243084,10.89817149636395,51.98666936581334,8.660866401432935,0.0,0.5316269354464375,0.0,0.3306860024206258,0.14151935136963956,0.01733075425772961,467.0342452772074,0.4090029523314573,1.9126213592233012,0.0,0.0,0.0,0.011992485317185277,1.8369912210694335,-0.002395647230794218,0.0,0.0,0.0,Home Improvement Retail,Consumer Cyclical,FND
2016Q2,2016,Q2,2016-06-30,2016-06-30,5012000.0,265853000.0,24628000.0,0.0515,109652000.0,0.4124534987,,,,,,,,2956793806.85,,,0.0,0.0,0.0,0.0,,0.0,11.121912511237413,147.4857246034517,0.0,0.0,0.0,0.0,0.0,0.0,0.0,418.3352867642897,0.4124534987380244,-0.2945205479452055,0.0,0.0,0.0,0.16779023823977338,-0.29418391775806224,0.763930668958602,0.0,0.0,0.0,Home Improvement Retail,Consumer Cyclical,FND
2016Q1,2016,Q1,2016-03-31,2016-03-31,7101000.0,235301000.0,13962000.0,0.073,93897000.0,0.3990505778,,,,,,,,2956793806.85,,,0.0,0.0,0.0,0.0,,0.0,12.56600612343339,104.09779632622164,0.0,0.0,0.0,0.0,0.0,0.0,0.0,558.6234284621198,0.3990505777706002,-0.3363636363636364,0.0,0.0,0.0,0.03902843864114197,-0.2875489114076452,-0.2523694779116466,0.0,0.0,0.0,Home Improvement Retail,Consumer Cyclical,FND
2015Q4,2015,Q4,2015-12-31,2015-12-31,9967000.0,222809000.0,18675000.0,0.11,90370000.0,0.405594029,748888000.0,312365000.0,305190000.0,196574000.0,436523000.0,272569000.0,48094000.0,2956793806.85,3134065806.85,3.3858628311540833,1.5525450975205266,0.23713826366559485,0.5685336065180158,0.023515916659846738,3.3858628311540833,0.03190818433563299,13.270531292945975,74.16458831268184,9.465829420229538,0.0,0.48589164578510396,0.0,0.29751978934099627,0.13502294301382686,0.013309066242215124,-112.74284324143979,0.4055940289665139,0.0,3.8762230919765166,0.9142653401378076,0.18260945284933308,0.0,0.0,0.0,3.8762230919765166,0.9142653401378076,0.18260945284933308,Home Improvement Retail,Consumer Cyclical,FND
2014Q4,2014,Q4,2014-12-31,2014-12-31,3906000.0,161589000.0,9075000.0,0.0423,61783000.0,0.3823465706,635498000.0,282236000.0,221311000.0,144122000.0,353262000.0,201581000.0,21287000.0,2956793806.85,3108934806.85,3.0592812319357283,1.535580966125921,0.23984339840565982,0.5400445017644808,0.011817379055877432,3.0592812319357283,0.013839481852067065,18.298236927327974,189.24691544098823,10.476317007220906,0.0,0.495116107172799,0.0,0.2542714532539835,0.11116970344569184,0.006146360806800336,-350.16506476196116,0.3823465706205249,0.0,0.9109589041095889,0.3882932109902571,0.06854148683234147,0.0,0.0,0.0,0.9109589041095889,0.3882932109902571,0.06854148683234147,Home Improvement Retail,Consumer Cyclical,FND
2013Q4,2013,Q4,2013-12-31,2013-12-31,2044000.0,116394000.0,5308000.0,0.0222,44025000.0,0.3782411465,562342000.0,264132000.0,175734000.0,81890000.0,298210000.0,155596000.0,6189000.0,2956793806.85,3116285806.85,2.863043943202312,2.145976309683722,0.28393219784401663,0.6044969939272787,0.008200096803230087,2.863043943202312,0.007738554964941771,25.40331809930065,361.6430781372309,11.194379351422773,0.0,0.46510835754132496,0.0,0.20698080527508173,0.14725851752350713,0.003634798752360663,-138.60187535039609,0.378241146450848,0.0,0.0,0.0,0.0,0.0,0.0,0.0,0.0,0.0,0.0,Home Improvement Retail,Consumer Cyclical,FND
2014Q3,2014,Q3,2014-09-30,2014-09-30,,,,,,,610375000.0,277472000.0,202389000.0,125054000.0,332903000.0,179124000.0,17381000.0,0.0,146206000.0,0.0,1.618412845650679,0.23979848453819375,0.5275018740629686,,0.0,,0.0,0.0,0.0,0.0,,,,0.11584595454763542,,0.0,0.0,0.0,0.0,0.0,0.0,0.0,0.0,0.0,0.0,0.0,0.0,Home Improvement Retail,Consumer Cyclical,FND
