Quarters,Year,Quarter,FillingDate,Date,NetIncome,Revenue,OperatingIncome,EPSDiluted,GrossProfit,GrossProfitRatio,TotalAssets,CommonStockEquity,CurrentAssets,CurrentLiability,TotalLiability,Inventory,RetainedEarnings,MarketCap,EnterpriseValue,bookValuePerShare,currentRatio,debtToAssets,debtToEquity,roic,shareholdersEquityPerShare,roe,priceToSalesRatio,peRatio,pbRatio,payoutRatio,inventoryTurnover,dividendYield,assetTurnover,quickRatio,returnOnAssets,priceToFreeCashFlowsRatio,grossProfitMargin,epsdilutedGrowth,fiveYNetIncomeGrowthPerShare,fiveYRevenueGrowthPerShare,fiveYShareholdersEquityGrowthPerShare,grossProfitGrowth,netIncomeGrowth,operatingIncomeGrowth,threeYNetIncomeGrowthPerShare,threeYRevenueGrowthPerShare,threeYShareholdersEquityGrowthPerShare,Industry,Sector,Symbol
2023Q1,2023,Q1,2023-05-15,2023-03-31,-303375.0,27162266.0,-21109.0,-0.0319,7202158.0,0.265153062,58705193.0,22580855.0,37595745.0,21513323.0,36124338.0,9876132.0,3376545.0,18525000.0,35373529.0,2.376932105263158,1.7475563863378987,0.4127188713952444,1.072977130405381,-0.000377771583984374,2.376932105263158,-0.013435053721393631,0.6820123181180834,-15.265760197775032,0.8203852334200809,0.0,2.0210450812119563,0.0,0.46268932290197906,1.1523666520509175,-0.005167771103316192,-14.197654340573562,0.2651530619720755,-1.29,-1.5320430780320613,-0.42040154691719595,0.02754801427082392,-0.042629820376729265,-1.4290684600207904,-1.0210334688134908,-1.5320430780320613,-0.42040154691719595,0.02754801427082392,"Furnishings, Fixtures & Appliances",Consumer Cyclical,FGI
2022Q4,2022,Q4,2023-04-17,2022-12-31,707055.0,31790227.0,1003591.0,0.11,7522856.0,0.2366405248,60366930.0,22744410.0,45887608.0,29775203.0,37622520.0,13292591.0,3679920.0,20071574.4,29189546.4,2.436305220780289,1.5411350176185197,0.31781308077121034,0.8435215510096766,0.018548819246949906,2.436305220780289,0.03108697917422347,0.6313756237097646,7.0968928866919825,0.8824838454811533,0.0,1.8256313611093578,0.0,0.5266165928928306,1.0077827513048359,0.01171262146344033,2.6412096659901647,0.23664052477511408,-0.15384615384615388,0.008287677078695266,-0.08895080187997521,14.110635267972722,-0.06439237819021194,-0.4442011976650405,-0.3984320490657511,0.008287677078695266,-0.08895080187997521,14.110635267972722,"Furnishings, Fixtures & Appliances",Consumer Cyclical,FGI
2022Q3,2022,Q3,2022-11-14,2022-09-30,1272142.0,38544062.0,1668292.0,0.13,8040610.0,0.2086082676,63442658.0,22147704.0,48515236.0,32803654.0,41294954.0,15987667.0,2972865.0,21090000.0,37846787.0,2.3313372631578946,1.4789582892198534,0.3583993280987691,1.0266439356422679,0.024573783397369795,2.3313372631578946,0.057439001352013734,0.5471659940771162,4.14458448820965,0.952243176087237,0.0,1.907936411234985,0.0,0.6075417268929685,0.7366203167488597,0.020051839568260208,3.942245449921613,0.20860826759774306,0.3,0.0,0.0,0.0,-0.04516626562338016,0.08680853972132282,-0.03530634938349633,0.0,0.0,0.0,"Furnishings, Fixtures & Appliances",Consumer Cyclical,FGI
2022Q2,2022,Q2,2022-08-15,2022-06-30,1170530.0,47809014.0,1729349.0,0.1,8420953.0,0.1761373493,70460930.0,21639369.0,58145994.0,42410702.0,48821561.0,18681768.0,1700723.0,21179253.48,40309414.480000004,2.3601843396984545,1.3710217293738736,0.3158696031971193,1.0285173287631446,0.025280426237830222,2.3601843396984545,0.054092612404733245,0.4429970774967248,4.523432436588554,0.978737110125531,0.0,2.108369025886629,0.0,0.6785180666789382,0.6648073403736632,0.01661246878234505,-5.37274776267143,0.17613734932914535,1.0618556701030928,0.0,0.0,0.0,0.11912509206486577,1.2077432180356964,1.5035961120296029,0.0,0.0,0.0,"Furnishings, Fixtures & Appliances",Consumer Cyclical,FGI
2022Q1,2022,Q1,2022-05-13,2022-03-31,530193.0,43575239.0,690746.0,0.0485,7524586.0,0.1726803151,73867886.0,20433335.0,60603864.0,46797610.0,53434551.0,21581217.0,530193.0,26499999.0,41917480.0,2.313207823139918,1.2950204935679408,0.3277583847465189,1.1848686961771047,0.010596816864218827,2.313207823139918,0.025947453022230584,0.6081435147148591,12.495449298651623,1.2969003346737085,0.0,1.6704643208953416,0.0,0.5899077577501,0.6286213548085041,0.007177584586622663,-2.9149354699261147,0.17268031507526557,-0.941566265060241,0.0,0.0,0.0,-0.7663346790712049,-0.9329371827375854,-0.925556015987093,0.0,0.0,0.0,"Furnishings, Fixtures & Appliances",Consumer Cyclical,FGI
2021Q4,2021,Q4,2022-03-31,2021-12-31,7905916.0,181943027.0,9278735.0,0.83,32202408.0,0.1769917129,69150860.0,7549710.0,56164952.0,54716356.0,61601150.0,21263961.0,7905916.0,37050000.0,41366746.0,0.7947063157894737,1.0264746431578886,0.11859060031935972,1.0862194706816553,0.5252270164235592,0.7947063157894737,1.047181414915275,0.20363517421307936,1.1715909959073685,4.907473267185097,0.0,7.041990859558104,0.0,2.6311028814392183,0.552568705415982,0.11432852751216688,-8.985431959180675,0.17699171290582077,0.0,10.079057891705471,4.1239276795296504,3.928987214173047,0.0,0.0,0.0,10.079057891705471,4.1239276795296504,3.928987214173047,"Furnishings, Fixtures & Appliances",Consumer Cyclical,FGI
2020Q4,2020,Q4,2020-12-31,2020-12-31,713591.0,35508508.0,1181048.0,0.07511484210526316,7103999.0,0.20006469998683132,45147461.0,1531696.0,33728039.0,35419279.0,43615765.0,8308342.0,0.0,37050000.0,53547940.0,0.16123115789473685,0.9522508631528044,0.4544330410961538,13.39462791572218,0.03163853347444133,0.16123115789473685,0.4658829167145439,1.0434119056762396,12.980124469058605,24.188872987851372,0.0,3.4187939061728563,0.0,0.7865006627947472,0.6029720988956325,0.01580578362978153,6.437849900617321,0.20006469998683132,0.0,0.0,0.0,0.0,0.0,0.0,0.0,0.0,0.0,0.0,"Furnishings, Fixtures & Appliances",Consumer Cyclical,FGI
2021Q3,2021,Q3,2021-09-30,2021-09-30,,,,,,,65653146.0,2817021.0,52255326.0,55344082.0,62836125.0,19003376.0,0.0,0.0,18899956.0,0.0,0.9441899497041075,0.336622893897575,7.8452918881328895,,0.0,,0.0,0.0,0.0,0.0,,,,0.5206478083781387,,0.0,0.0,0.0,0.0,0.0,0.0,0.0,0.0,0.0,0.0,0.0,0.0,"Furnishings, Fixtures & Appliances",Consumer Cyclical,FGI
