Quarters,Year,Quarter,FillingDate,Date,NetIncome,Revenue,OperatingIncome,EPSDiluted,GrossProfit,GrossProfitRatio,TotalAssets,CommonStockEquity,CurrentAssets,CurrentLiability,TotalLiability,Inventory,RetainedEarnings,MarketCap,EnterpriseValue,bookValuePerShare,currentRatio,debtToAssets,debtToEquity,roic,shareholdersEquityPerShare,roe,priceToSalesRatio,peRatio,pbRatio,payoutRatio,inventoryTurnover,dividendYield,assetTurnover,quickRatio,returnOnAssets,priceToFreeCashFlowsRatio,grossProfitMargin,epsdilutedGrowth,fiveYNetIncomeGrowthPerShare,fiveYRevenueGrowthPerShare,fiveYShareholdersEquityGrowthPerShare,grossProfitGrowth,netIncomeGrowth,operatingIncomeGrowth,threeYNetIncomeGrowthPerShare,threeYRevenueGrowthPerShare,threeYShareholdersEquityGrowthPerShare,Industry,Sector,Symbol
2023Q1,2023,Q1,2023-05-10,2023-04-01,1136542000.0,8709980000.0,1606967000.0,4.45,1998202000.0,0.2294152225,32246390000.0,19017381000.0,14316385000.0,3829940000.0,12316520000.0,5590852000.0,25762032000.0,39174827760.0,42045740760.0,74.98730718273872,3.7380180890562253,0.2068742268514398,0.35078158238508234,0.04825083734652952,74.98730718273872,0.059763329135594435,4.49769434143362,8.61710956568257,2.0599486206854665,0.11484397408982686,1.2004928765776666,0.0033318589375720084,0.27010713447303714,2.1618665044361007,0.035245557719794374,57.998975127324414,0.22941522253782443,-0.0899795501022494,3.0416918425166126,0.9700886408710307,1.6684991753720866,-0.04733521590360274,-0.09491747051323808,-0.03318930145138894,65.76916992350152,0.8496733995752798,1.2338586274838903,Steel,Basic Materials,NUE
2022Q4,2022,Q4,2023-03-01,2022-12-31,1255733000.0,8723956000.0,1662132000.0,4.89,2097487000.0,0.2404284249,32479210000.0,18414694000.0,14691684000.0,4329744000.0,12909304000.0,5453531000.0,24754873000.0,33664537620.0,36075035620.0,72.10082145010611,3.3931992284070374,0.20601948138516915,0.3633701434300239,0.056792184013763514,72.10082145010611,0.06819190153254787,3.8588614637671257,6.702168697485852,1.828134511493919,0.10307844103802322,1.215078634374683,0.003844965924115372,0.2686012375301,1.9513458532421317,0.03866267067456382,16.700659264664807,0.24042842490264738,-0.24769230769230774,3.088288838719945,1.1411608395810613,1.6336203690073334,-0.2623290289657666,-0.2590444125026258,-0.29727570098792144,12.842232723612167,1.0205451732134132,1.1130728433245043,Steel,Basic Materials,NUE
2022Q3,2022,Q3,2022-11-09,2022-10-01,1694748000.0,10500755000.0,2365269000.0,6.5,2843391000.0,0.2707796725,32072704000.0,17708457000.0,14356457000.0,4632089000.0,13248025000.0,6046235000.0,23629649000.0,27721322980.0,31382131980.0,68.34550485909024,3.0993482638179017,0.20923315352519076,0.37895300533524745,0.07501658151105782,68.34550485909024,0.0957027481276319,2.6399361741131946,4.089298671542908,1.5654284831253225,0.07795377247826815,1.266468140917447,0.004765717714674525,0.32740473020297883,1.6467587302402868,0.05284082065547077,11.829278619129916,0.27077967250926244,-0.327817993795243,7.215423840504153,1.5091673994603996,1.57214961149617,-0.3072103322813377,-0.338307760363856,-0.33338246671166644,6.244949568718563,1.2593411958047067,0.9925807170509112,Steel,Basic Materials,NUE
2022Q2,2022,Q2,2022-08-10,2022-07-02,2561233000.0,11794474000.0,3548165000.0,9.67,4104263000.0,0.34798186,31668457000.0,16808644000.0,14033811000.0,5359201000.0,13815649000.0,6579142000.0,22064383000.0,27806666440.0,33155323440.0,63.85753416330764,2.618638673936656,0.23213524422740267,0.43735621981166356,0.11475038393673691,63.85753416330764,0.15237594418681244,2.357601232577222,2.7141875065642216,1.6543075360510937,0.0524946383245882,1.1688774919282787,0.004835207423734609,0.37243601732790454,1.327734302184225,0.08087646960507107,15.976619077715087,0.3479818599795124,0.18070818070818076,8.653202118449641,1.7746604317300865,1.4426746586968273,0.1868415352881998,0.15002278732800056,0.20634594135146622,6.690488510700224,1.3214394913845278,0.8936532518132586,Steel,Basic Materials,NUE
2022Q1,2022,Q1,2022-05-11,2022-04-02,2227115000.0,10493282000.0,2941250000.0,8.19,3458139000.0,0.3295574254,28632868000.0,15204562000.0,14781351000.0,5133835000.0,12489748000.0,6245679000.0,19635277000.0,40533642640.0,43636764640.0,55.98887186814158,2.8792025844227562,0.23848075575244507,0.44910126316035937,0.10258558031827303,55.98887186814158,0.14647676138253768,3.8628183860874032,4.5500167975160695,2.665886898945198,0.061778130002267506,1.1264016290302463,0.003394390216097292,0.3664768056067593,1.6135329631747026,0.07778176464893423,20.021695699550403,0.3295574254079896,-0.0168067226890757,6.358304845273898,1.569677933875462,1.204195944012424,-0.01846672954509266,-0.04829513890669415,-0.0057258024168849305,4.010551137901644,0.9431245496224865,0.6971548472531501,Steel,Basic Materials,NUE
2021Q4,2021,Q4,2022-02-28,2021-12-31,2340132000.0,10364412000.0,2958188000.0,8.33,3523201000.0,0.33993255,25823072000.0,14016389000.0,12799557000.0,5157413000.0,11219278000.0,6011182000.0,17674100000.0,32013481650.0,35333434650.0,49.97803181304399,2.481778558358619,0.22014464429328934,0.405583135570795,0.1168236309723519,49.97803181304399,0.16695683888339571,3.0887889877399703,3.4200508400808163,2.2840035083215797,0.04993863594019483,1.1380808300264407,0.0036504308177926657,0.40136247151384624,1.2548607218386427,0.09062175096750688,14.581328478277504,0.3399325499603837,0.1442307692307692,11.040451925163486,1.9882373039229706,1.0290984573543898,0.03432725445083233,0.0998189161002997,0.02717429046837282,2.9968189218309127,0.8185195684678865,0.5812163840819365,Steel,Basic Materials,NUE
2021Q3,2021,Q3,2021-11-10,2021-10-02,2127743000.0,10313223000.0,2879928000.0,7.28,3406273000.0,0.33028210482794756,24949479000.0,13422520000.0,12123825000.0,4797599000.0,10999187000.0,5678715000.0,15561261000.0,28368301500.0,32271820500.0,46.20329764896217,2.527060931936996,0.22717155736999559,0.4222613935386202,0.11689949500180122,46.20329764896217,0.15852038216370695,2.7506727528339106,3.333144733644994,2.1134855079374066,0.05642927740803283,1.2162874875742136,0.004232435276394676,0.4133642630373163,1.271226086215209,0.08528206140096152,23.01749377468119,0.33028210482794756,0.4444444444444445,6.667997226373591,1.6457492358137318,0.9117941606086071,0.37710485897935037,0.4120301180992628,0.38031175695553127,2.4192385817449993,0.6634095426192074,0.49060642944196814,Steel,Basic Materials,NUE
2021Q2,2021,Q2,2021-08-11,2021-07-03,1506868000.0,8789164000.0,2086433000.0,5.04,2473503000.0,0.2814264246292366,22995582000.0,12253978000.0,12055939000.0,3879950000.0,10285931000.0,5240750000.0,13550406000.0,28648776840.0,31314329840.0,41.28462318532968,3.107240814958956,0.2343149653703046,0.4397110064992772,0.09174230717925953,41.28462318532968,0.12296970012513488,3.2595565220992575,4.753033583565382,2.337916457822921,0.08138602717689937,1.20510633020083,0.004280741222737662,0.3822109829618576,1.6804703668861711,0.0655285871868779,29.721515498901866,0.2814264246292366,0.6258064516129032,5.655637724024201,1.227305471030043,0.7408330918813918,0.5245602756840482,0.598914298326033,0.5671994489650443,1.3666437897759858,0.4596162313471696,0.40266928470751207,Steel,Basic Materials,NUE
2021Q1,2021,Q1,2021-05-12,2021-04-03,942432000.0,7017140000.0,1331313000.0,3.1,1622437000.0,0.2312105786688024,21172408000.0,11447240000.0,10409131000.0,2970446000.0,9310685000.0,4360122000.0,12163626000.0,24111458480.0,26990714480.0,37.9241069949577,3.5042316877667528,0.252214060866388,0.46648615736194926,0.060323660193436386,37.9241069949577,0.08232831669467924,3.4360805798373697,6.396073796305728,2.106311956419189,0.13146943227734204,1.2372825806250376,0.0051386771191287975,0.33142852716611165,1.9163054975582792,0.044512272765573006,111.16342700125864,0.2312105786688024,1.3846153846153846,10.378310866858623,0.997390887337612,0.6302355193707554,1.2580010799857486,1.3629147308590097,1.3587735135336254,1.815822381296165,0.3335406986380697,0.3495677074541311,Steel,Basic Materials,NUE
2020Q4,2020,Q4,2021-02-26,2020-12-31,398843000.0,5260055000.0,564409000.0,1.3,718528000.0,0.13660085303290556,20125394000.0,10788665000.0,9488662000.0,2627860000.0,8893533000.0,3569089000.0,11343852000.0,16141409730.0,18751980730.0,35.55136143303885,3.6107943345535913,0.26087648271631353,0.4866442697034341,0.06843255988947311,35.55136143303885,0.0369687074350719,3.068676987217814,10.117646373385016,1.4961452348367474,0.30843966172152953,1.2724611238330006,0.007621329366998232,0.2613640756548667,2.0345547327483198,0.01981789772662339,126.94977294176864,0.13660085303290556,1.0634920634920635,7.794344081004128,0.6077491603710368,0.5368727198848104,0.43077489819691556,1.0621099707882016,0.676386025982975,0.09284623523524087,0.08652302225493969,0.29858145486988846,Steel,Basic Materials,NUE
2020Q3,2020,Q3,2020-11-12,2020-10-03,193415000.0,4927960000.0,336682000.0,0.63,502195000.0,0.10190728009155918,19519277000.0,10302414000.0,8965847000.0,2373295000.0,8802210000.0,3260685000.0,11068908000.0,13968259760.0,16628127760.0,33.95721075565107,3.7778055403984756,0.28312759740025206,0.53642243458669,0.016305360922571413,33.95721075565107,0.01877375535481296,2.834491302689145,18.05477827469431,1.3558239612580119,0.6360261613628726,1.3573114238265886,0.008806895211977358,0.252466318296523,2.274643480898919,0.009908922343793779,30.77665036938785,0.10190728009155918,0.7500000000000001,-0.09941209335324569,0.23322454784088337,0.4131528671835226,0.3287023195637622,0.7763889016449151,0.42696933992252334,-0.19928350817363133,0.00563426354115002,0.27796300038633,Steel,Basic Materials,NUE
2020Q2,2020,Q2,2020-08-12,2020-07-04,108881000.0,4327306000.0,235942000.0,0.36,377959000.0,0.08734279480119964,18765965000.0,10194820000.0,8634964000.0,1965038000.0,8142480000.0,3373258000.0,10998533000.0,12540929400.0,15125016400.0,33.65504537486672,4.394298736207646,0.2863309187670338,0.5270594282194291,0.01114564974480628,33.65504537486672,0.01068003162390312,2.898091653328884,28.795036324060213,1.2301275942096084,1.1267255076643308,1.170781185429635,0.009782289341330635,0.23059331081561754,2.506613612561182,0.005802046417543676,15.91484463237403,0.08734279480119964,4.142857142857142,-0.07690946517197221,0.050695874095874914,0.4080488400238244,-0.3993672012560626,4.3554178348335055,-0.5041943699619229,-0.6434129521022878,-0.115414078153151,0.2873708255668204,Steel,Basic Materials,NUE
2020Q1,2020,Q1,2020-05-13,2020-04-04,20331000.0,5624337000.0,475876000.0,0.07,629268000.0,0.11188305394929215,17866061000.0,10168204000.0,7847251000.0,2218572000.0,7697857000.0,3875590000.0,11012690000.0,10798705850.0,13849990850.0,33.56851067482313,3.5370729460211345,0.2404806521146435,0.42253695932929747,0.012228742197519172,33.56851067482313,0.0019994681459970707,1.9199962324448197,132.7862113275294,1.0620071991081217,6.046923417441346,1.2888538261271187,0.011384697546882434,0.31480565301999136,1.6516543073652783,0.0011379676807327592,-50.144674740307686,0.11188305394929215,-0.7999999999999999,-0.6829015304605194,0.3518950687447887,0.41266249029180674,0.445968179269649,-0.8114409727052669,0.7433909730363423,-0.939778177667395,0.23480592720175997,0.3215407384924485,Steel,Basic Materials,NUE
2019Q4,2019,Q4,2020-02-28,2019-12-31,107823000.0,5131746000.0,272960000.0,0.35,435188000.0,0.0848031059994006,18344666000.0,10357866000.0,8226370000.0,2463774000.0,7553490000.0,3842095000.0,11115056000.0,17084356800.0,19847536800.0,34.12131374357623,3.33893043761319,0.2342798173594439,0.41492958105463035,0.013948224797310588,34.12131374357623,0.010409769734422128,3.3291508971800243,39.61204195765282,1.6494089419577354,1.1388293777765413,1.222395073521087,0.007187393791728817,0.2797404978646109,1.621393439495668,0.005877621320551707,86.9202897960845,0.0848031059994006,-0.6111111111111112,-0.4595837429031812,0.08165247067646159,0.4054962507674053,-0.24635331972160024,-0.607960557173555,-0.3394157934222308,-0.48746173719784436,0.3669354787425377,0.3853187604303693,Steel,Basic Materials,NUE
2019Q3,2019,Q3,2019-11-06,2019-09-28,275031000.0,5464502000.0,413210000.0,0.9,577443000.0,0.10567166047336062,18506265000.0,10449047000.0,8684288000.0,2585993000.0,8057218000.0,4072464000.0,11130172000.0,15234896370.0,17883853370.0,34.29999310654976,3.35820243906306,0.2342623970855275,0.41490118668238357,0.021574164737275785,34.29999310654976,0.026321156369571313,2.787975257397655,13.848344704778734,1.4580177857368235,0.44648057855296314,1.2000250953722367,0.008060179538982975,0.29527849082459373,1.6428300463303651,0.014861507711037317,25.49090849312318,0.10567166047336062,-0.2857142857142857,0.1773501182011221,0.006768306000989272,0.4190544952255619,-0.2553868888734149,-0.288374909116313,-0.27060937593775264,-0.05480185403178133,0.3368518968375781,0.4192607425606615,Steel,Basic Materials,NUE
2019Q2,2019,Q2,2019-08-07,2019-06-29,386483000.0,5895986000.0,566514000.0,1.26,775494000.0,0.1315291454219871,18126480000.0,10300717000.0,8467199000.0,2380414000.0,7428472000.0,4268799000.0,10977950000.0,16830901100.0,19693504100.0,33.72187284137746,3.557027895147651,0.2369127927760933,0.4169025321247055,0.029932672620618845,33.72187284137746,0.037520009529433726,2.8546372226799726,10.887219554288286,1.633954325703735,0.3184460894787093,1.1995158357186646,0.007312383292419204,0.3252692193961541,1.6304016864293354,0.021321458992589845,95.63772743286398,0.1315291454219871,-0.22699386503067479,1.7516324265495709,0.1662397287209478,0.4035798114158204,-0.13995688106360044,-0.22981590495131585,-0.20784223795467544,0.6587382599384133,0.451849707207321,0.4219374583839375,Steel,Basic Materials,NUE
2019Q1,2019,Q1,2019-05-08,2019-03-30,501806000.0,6096624000.0,715153000.0,1.63,901692000.0,0.14790021493862832,18086698000.0,10114191000.0,8650343000.0,2568015000.0,7972507000.0,4445228000.0,10714279000.0,17889234750.0,20716274750.0,32.98984294730662,3.3684939535010505,0.24204788513635822,0.43284203353486206,0.03798283337796953,32.98984294730662,0.04961405217678804,2.9342853930306347,8.912425693395456,1.7687262134954738,0.24591176669868436,1.168653666358621,0.006898003280995572,0.33707777948191536,1.5903119724767962,0.0277444782900671,49.42842587629379,0.14790021493862832,-0.21256038647342995,3.711287716014855,0.24374478099383864,0.38650419136142333,-0.1893169055492321,-0.2241461148243836,-0.20799214141901873,4.9648309946745055,0.7085467105021948,0.4181273604758231,Steel,Basic Materials,NUE
2018Q4,2018,Q4,2019-02-28,2018-12-31,646779000.0,6295884000.0,902962000.0,2.07,1112262000.0,0.17666494490686296,17920588000.0,9792078000.0,8636265000.0,2806300000.0,7718620000.0,4553500000.0,10337445000.0,16050945240.0,18943205240.0,31.607332377890536,3.0774560809606957,0.23945341525624048,0.43822628863863217,0.04977633187859738,31.607332377890536,0.06605125081724227,2.5494347163956643,6.204184597830171,1.6391766119510078,0.18614395334418712,1.138381904029867,0.007500742055986231,0.35132128477034347,1.3913173930085878,0.03609139387613844,119.15980757381163,0.17666494490686296,-0.028169014084507067,2.910584452151276,0.325931417812197,0.32022681767334316,-0.13784822881947137,-0.044216048470518694,-0.1449782163854824,11.7925960796551,0.8849905375891617,0.3663737455288687,Steel,Basic Materials,NUE
2018Q3,2018,Q3,2018-11-07,2018-09-29,676700000.0,6742200000.0,1056069000.0,2.13,1290100000.0,0.19134703805879386,17963000000.0,9792137000.0,8844000000.0,2808000000.0,8171000000.0,4106000000.0,9814000000.0,20044679850.0,22398679850.0,30.99630911041964,3.1495726495726495,0.23860156989367032,0.4376981245258313,0.057629276221254175,30.99630911041964,0.06910646777102894,2.973017687105099,7.405305101965421,2.047017913454438,0.17930101965420422,1.3278373112518267,0.00605312735887872,0.37533819517897904,1.6267806267806268,0.03767188108890497,26.112968041229056,0.19134703805879386,0.0,3.634437207022547,0.3793762696197658,0.30152849871923504,0.10587267163270729,-0.009445907432156486,0.13286720038103042,2.0260188239179375,0.6203771424058312,0.2899328925066898,Steel,Basic Materials,NUE
2018Q2,2018,Q2,2018-08-08,2018-06-30,683153000.0,6460774000.0,932209000.0,2.13,1166590000.0,0.18056505304163248,17451692000.0,9373407000.0,8401235000.0,2750329000.0,7716268000.0,4133472000.0,9257823000.0,19904187500.0,22709146500.0,29.43289885608242,3.0546291007366757,0.2459023457438969,0.4578284075363419,0.053280620994542026,29.43289885608242,0.0728820374491367,3.0807744551968543,7.283942067150403,2.1234741540615913,0.1783817095145597,1.2808079986993985,0.006122430267500244,0.370209031880691,1.4995286018509058,0.03914537341135748,35.96786974057984,0.18056505304163248,0.9363636363636361,7.038640147139675,0.38666391857602267,0.2452509594066319,0.6059751709099319,0.9288354193783369,0.715366384148563,4.509029802316998,0.49213773877844036,0.2314040474833122,Steel,Basic Materials,NUE
2018Q1,2018,Q1,2018-05-09,2018-03-31,354179000.0,5568419000.0,543446000.0,1.1,726406000.0,0.13045103107363148,16121246000.0,8976027000.0,7079216000.0,2844581000.0,6798327000.0,3708503000.0,8696007000.0,19513428890.0,22570075890.0,28.100929494303756,2.4886673995221087,0.2367621584584715,0.4252327895181242,0.031298418377293184,28.100929494303756,0.03945832605004419,3.5043032663310716,13.773705449786691,2.1739494422198153,0.34385720214919574,1.3056516335567208,0.006241189115789481,0.34540872337038964,1.1010451099828058,0.021969703830584806,-440.6627724583352,0.13045103107363148,-0.08333333333333323,3.167028543701094,0.22079762982838427,0.1834622974020268,0.39541039787309246,-0.0773969694522664,0.5418394965755562,4.238499722428262,0.2692648928571362,0.18257045787589996,Steel,Basic Materials,NUE
2017Q4,2017,Q4,2018-02-28,2017-12-31,383891000.0,5092328000.0,352466000.0,1.2,520568000.0,0.10222593674248792,15841258000.0,8739036000.0,6824420000.0,2824764000.0,6756470000.0,3461686000.0,8463709000.0,20295371800.0,23141342800.0,27.377074653049718,2.4159257198123454,0.23956904180210942,0.43426700610914065,0.0344781005042888,27.377074653049718,0.043928300558551306,3.9854800790522527,13.21688434998476,2.3223810726949745,0.3152431289089872,1.3206743765899045,0.005962886572987049,0.32145982345594015,1.0718236992541679,0.02423361831490908,153.14141118413608,0.10222593674248792,0.4457831325301205,1.7982358457139183,0.1416612275396991,0.14126391836874214,-0.10086292066518816,0.5063409848930743,-0.13222477177156475,0.8297551600340886,0.020720927787613957,0.12769326735213363,Steel,Basic Materials,NUE
2017Q3,2017,Q3,2017-11-08,2017-09-30,254850000.0,5170117000.0,406172000.0,0.83,578964000.0,0.11198276557377715,16503834000.0,8505385000.0,7500647000.0,3555466000.0,7658020000.0,3522199000.0,8201667000.0,17938179840.0,20754093840.0,26.571356717984603,2.1096101045545086,0.2661113775138553,0.5163620459273742,0.022612826961761687,26.571356717984603,0.0299633702648381,3.469588761724348,17.59680188346086,2.1090379612445527,0.4771355699431038,1.303490518281335,0.006778725661387951,0.3132676322362428,1.0518548060929285,0.015441866417221598,57.41099381665024,0.11198276557377715,-0.17000000000000004,1.298729452730364,0.07134490532294929,0.10855661352082786,-0.17993767705382435,-0.2109907120743034,-0.24701249874864203,0.038271718744156816,-0.09347096217346144,0.09930643652805245,Steel,Basic Materials,NUE
2017Q2,2017,Q2,2017-08-09,2017-07-01,323000000.0,5174800000.0,539414000.0,1.0,706000000.0,0.1364303934451573,16113000000.0,8377065000.0,7183000000.0,3325000000.0,7736000000.0,3327000000.0,8068000000.0,18543804930.0,20312804930.0,26.142463932292884,2.1603007518796993,0.2035623409669211,0.3915452488431211,0.031119225506712138,26.142463932292884,0.0385576571269293,3.583482439901059,14.35279019349845,2.2136398523826664,0.3758544891640867,1.3431920649233544,0.00654671468224941,0.3211568298889096,1.0953383458646617,0.020045925650096195,1234.6897216858645,0.1364303934451573,-0.09909909909909918,1.854133227507823,0.006036133933528553,0.0998239742973068,-0.0749475890985325,-0.0949845895208742,-0.07606744498341966,1.1921635227760352,-0.02425719136151478,0.08810785120479407,Steel,Basic Materials,NUE
2017Q1,2017,Q1,2017-05-10,2017-04-01,356900000.0,4815200000.0,583824000.0,1.11,763200000.0,0.15849808938361853,15875000000.0,8134023000.0,6878000000.0,2838000000.0,7741000000.0,3064000000.0,7866000000.0,19123777280.0,21253777280.0,25.401041146197663,2.42353770260747,0.23861417322834647,0.4656982159996351,0.033690435827851715,25.401041146197663,0.04387742695096879,3.9715437115799967,13.395753208181562,2.351084731380769,0.33987951807228917,1.3224543080939948,0.006343046053295179,0.30331968503937007,1.2998590556730092,0.022481889763779527,127.82675463046515,0.15849808938361853,1.2200000000000002,1.4401440384146196,-0.05825672809403382,0.06381148250344194,0.39177880345683425,0.6097677586385758,0.4882800849391125,2.2080959572668504,-0.059512094665830115,0.06756040246691682,Steel,Basic Materials,NUE
2016Q4,2016,Q4,2017-02-28,2016-12-31,221709000.0,3956538000.0,392281000.0,0.5,548363000.0,0.13859667214114965,15223518000.0,7879865000.0,6506393000.0,2389966000.0,6968810000.0,2479958000.0,7630916000.0,19041697920.0,21352836920.0,24.630658818895913,2.722378895766718,0.28620848347931144,0.5529409450542617,0.021651913523738065,24.630658818895913,0.028136141926289347,4.812717057184842,21.47149858598433,2.4165005263415047,0.5430902669715708,1.3742873871251045,0.006323385682614589,0.2598964312979431,1.601544540800999,0.014563585105624074,66.01408886839614,0.13859667214114965,-0.40476190476190477,0.6043997803974257,-0.18749773978492112,0.045542244895496416,-0.19382093501911202,-0.27403732809430253,-0.13805802075528495,0.29811555504082715,-0.19309211936670048,0.02881369173740632,Steel,Basic Materials,NUE
2016Q3,2016,Q3,2016-11-09,2016-10-01,305400000.0,4290200000.0,455113000.0,0.84,680200000.0,0.15854738706820196,15114000000.0,7727246000.0,6700000000.0,1898000000.0,7386000000.0,2338000000.0,7470000000.0,15810994650.0,18473994650.0,24.167506419338395,3.530031612223393,0.28900357284636763,0.5652725434132678,0.025753262482029544,24.167506419338395,0.03952248964249359,3.6853747261199943,12.942857441060905,2.0461357966344025,0.3941486574983628,1.5440547476475621,0.007613246520199157,0.2838560275241498,2.215489989462592,0.020206431123461693,73.66937368663831,0.15854738706820196,0.1506849315068493,0.6692618626098613,-0.18964256714824773,0.027208791946495583,0.167124227865477,0.2536945812807882,0.12498856751592514,1.0665430666072582,-0.1327720636977479,0.0147885103254195,Steel,Basic Materials,NUE
2016Q2,2016,Q2,2016-08-10,2016-07-02,243600000.0,4245800000.0,404549000.0,0.73,582800000.0,0.13726506194356777,14925000000.0,7573763000.0,6538000000.0,1936000000.0,7351000000.0,2288000000.0,7320000000.0,15958419200.0,18535419200.0,23.715440255511023,3.3770661157024793,0.29199329983249583,0.5754074955870682,0.023600604211355354,23.715440255511023,0.032163668179212894,3.75863658203401,16.37768801313629,2.107066091188752,0.4932224958949097,1.6009615384615385,0.007528878549574635,0.2844757118927973,2.1286157024793386,0.016321608040201004,100.07725525363568,0.13726506194356777,2.3181818181818183,-0.19394367871834392,-0.17539610538375786,0.006478858632197151,0.8727506426735219,1.7808219178082192,1.2829692499562648,1.8584184673695217,-0.09127993923482264,0.00335596827639451,Steel,Basic Materials,NUE
2016Q1,2016,Q1,2016-05-11,2016-04-02,87600000.0,3715600000.0,177203000.0,0.22,311200000.0,0.08375497900742813,14395000000.0,7426468000.0,6006000000.0,1550000000.0,6969000000.0,2008000000.0,7207000000.0,15170284800.000002,17267284800.0,23.26296203483273,3.8748387096774195,0.30392497394928797,0.5891091162043652,0.01084539259485857,23.26296203483273,0.011795647675314833,4.082862740876306,43.29419178082192,2.0427321305363466,1.371609589041096,1.695418326693227,0.007920286374584081,0.25811740187565124,2.4658064516129032,0.006085446335533171,32.266080202143094,0.08375497900742813,2.1578947368421053,-0.4563566489812554,-0.2377138274099595,0.015660958242929898,-0.18712353528124168,2.4124020508851696,-0.41195190830321793,0.031226196414597902,-0.1849450528198636,-0.020287264885670352,Steel,Basic Materials,NUE
2015Q4,2015,Q4,2016-02-26,2015-12-31,-62022000.0,3456713000.0,301341000.0,-0.19,382838000.0,0.11075203524272914,14250399000.0,7416878000.0,5754380000.0,1385173000.0,6464386000.0,2145444000.0,7255972000.0,12921348700.0,15393794700.0,23.132274373185208,4.154268095032173,0.3095994013921996,0.5948479939942386,-0.019769798423048702,23.132274373185208,-0.008362278575972262,3.7380449866679704,-52.083731176034306,1.742154677480201,-1.934329753958273,1.4327453897654752,0.00928471189698642,0.24256955892954296,2.4713822749938092,-0.0043522991882543076,41.85621590629333,0.11075203524272914,-1.2676056338028168,-4.394957645718246,-0.1137379407933102,0.029246134016248964,-0.268555598012992,-1.273104359313078,-0.24569896645031128,-1.4500863472367462,-0.22846098265014866,-0.03568842082324854,Steel,Basic Materials,NUE
2015Q3,2015,Q3,2015-11-12,2015-10-03,227100000.0,4225500000.0,399497000.0,0.71,523400000.0,0.12386699798840374,15269000000.0,7709087000.0,6466000000.0,1847000000.0,7560000000.0,2361000000.0,7438000000.0,12191122000.0,14731122000.0,24.02939663797967,3.5008121277747697,0.2904577902940599,0.5752951030387905,0.02486497763024044,24.02939663797967,0.02945874135289951,2.8851312270737193,13.420433729634523,1.5813963443401275,0.528335535006605,1.5680220245658618,0.009841998136020623,0.27673717990700114,2.0092041147807254,0.014873272643919052,26.807756162027967,0.12386699798840374,0.8205128205128204,8.525387358007196,0.0060061797982681455,0.05137880254205608,0.3542043984476067,0.8197115384615384,0.5501563748962027,1.0438100150618306,-0.12637066238320113,0.0025060761732890644,Steel,Basic Materials,NUE
2015Q2,2015,Q2,2015-08-12,2015-07-04,124800000.0,4357600000.0,257714000.0,0.39,386500000.0,0.08869561226363136,15068000000.0,7660703000.0,6155000000.0,1690000000.0,7407000000.0,2267000000.0,7331000000.0,14182390500.0,17021390500.0,23.9019019924744,3.6420118343195265,0.2930050438014335,0.5763178653447341,0.01572481970978756,23.9019019924744,0.016290933090605392,3.254633399118781,28.410237379807693,1.8513171049706534,0.959647435897436,1.751698279664755,0.00844455664931804,0.2891956464029732,2.059171597633136,0.008282452880276082,26.594641651665167,0.08869561226363136,0.8571428571428573,0.35150150966641147,0.023423122459298555,0.04181374684219395,0.3369076444136977,0.8407079646017699,0.5741047269440084,0.10254292889417498,-0.15301332870216863,0.005562632149427704,Steel,Basic Materials,NUE
2015Q1,2015,Q1,2015-05-13,2015-04-04,67800000.0,4399400000.0,163721000.0,0.21,289100000.0,0.06571350638723462,14855000000.0,7611512000.0,5863000000.0,1525000000.0,7244000000.0,2406000000.0,7326000000.0,15138086900.0,18392086900.0,23.762583706663754,3.844590163934426,0.29673510602490744,0.5791227813869307,0.009637905935816708,23.762583706663754,0.008907560022239996,3.440943515024776,55.81890449852507,1.9888409687851767,1.7656637168141593,1.7083541147132169,0.007908000580971696,0.2961561763715921,1.9521311475409837,0.004564119824974756,31.137371213009413,0.06571350638723462,-0.676923076923077,1.153953875041353,0.18549092353581959,0.026080195986749814,-0.4374074427239521,-0.6777980012070695,-0.5764273369829558,-0.5365795332888721,-0.13982216450307,-0.004808139335573739,Steel,Basic Materials,NUE
2014Q4,2014,Q4,2015-02-27,2014-12-31,210427000.0,5003753000.0,386524000.0,0.65,513871000.0,0.10269711554507187,15615927000.0,7772470000.0,6441888000.0,2097776000.0,7540809000.0,2745032000.0,7378214000.0,15703700850.0,19263967850.0,24.277057818507796,3.070817856625302,0.2935727734895277,0.589826786079586,0.02181587169496281,24.277057818507796,0.02707337564506521,3.138384498595354,18.656946173732457,2.0204260486048833,0.5650082926620633,1.6356392202349554,0.0075710178852521895,0.3204262545540844,1.521822158323863,0.013475152643836,51.21852059021141,0.10269711554507187,-0.14473684210526314,2.516881741262763,0.6767779607093084,0.03539702375631409,-0.14168865876064807,-0.14251426242868787,-0.13525824306124185,0.5216349720910296,0.026797604735191546,0.03053230194344436,Steel,Basic Materials,NUE
2014Q3,2014,Q3,2014-11-12,2014-10-04,245400000.0,5701900000.0,446982000.0,0.76,598700000.0,0.10500008769006822,15494000000.0,7735282000.0,6796000000.0,2156000000.0,7758000000.0,2683000000.0,7288000000.0,16634795539.999998,19761795540.0,24.171018958012393,3.1521335807050095,0.28546534142248614,0.5717955725466763,0.024951916449516744,24.171018958012393,0.03172476452700755,2.917412711552289,16.946613223308884,2.1505092561589865,0.4843561532192339,1.9020499440924339,0.00714532377113906,0.3680069704401704,1.6883116883116882,0.015838389053827288,44.74329256582468,0.10500008769006822,0.6521739130434782,9.192573679953194,0.7998355093187614,0.027598415752233083,0.4371099375900144,0.6693877551020408,0.5791403760413207,0.340113865266347,0.07604487027150297,0.027358087887308747,Steel,Basic Materials,NUE
2014Q2,2014,Q2,2014-08-13,2014-07-05,147000000.0,5291100000.0,283054000.0,0.46,416600000.0,0.0787359906257678,15311000000.0,7680822000.0,6495000000.0,2017000000.0,7630000000.0,2739000000.0,7161000000.0,16154087290.0,19519087290.0,24.025618327583025,3.2201289043133365,0.28953040297825094,0.577151768391456,0.016131275612728955,24.025618327583025,0.01913857657422604,3.0530678478955227,27.47293756802721,2.1031716774584805,0.8074081632653061,1.7796641109894122,0.007347304608999671,0.3455750767422115,1.6058502726822013,0.009600940500293906,153.30094699881377,0.0787359906257678,0.31428571428571445,2.0857317964853888,1.102229077837531,0.014338067625039563,0.10738968633705476,0.32432432432432434,0.1611614321814184,-0.514093362589247,0.026547881603738565,0.019642758125027256,Steel,Basic Materials,NUE
2014Q1,2014,Q1,2014-05-14,2014-04-05,111000000.0,5108400000.0,243768000.0,0.35,376200000.0,0.07364341085271318,15118000000.0,7602155000.0,6310000000.0,1896000000.0,7516000000.0,2724000000.0,7133000000.0,16326705500.0,19600705500.0,23.793540007198636,3.3280590717299576,0.29282973938351636,0.5823348774130493,0.012666698934320585,23.793540007198636,0.014601122971052287,3.196050720382116,36.771859234234235,2.1476417542131143,1.0691891891891891,1.7372246696035243,0.007269072134607928,0.3379018388675751,1.6629746835443038,0.007342241037174229,-150.00096927713057,0.07364341085271318,-0.33962264150943405,1.5759405025059532,0.8933367484447894,-0.014298764173756171,-0.024734212852665388,-0.34895069621218344,-0.09156362498043512,-0.31170819833770164,0.04716140525173704,0.03882599333299484,Steel,Basic Materials,NUE
2013Q4,2013,Q4,2014-02-28,2013-12-31,170494000.0,4894750000.0,268338000.0,0.53,385741000.0,0.07880708922825476,15203283000.0,7645769000.0,6410046000.0,1960216000.0,7293005000.0,2605609000.0,7140440000.0,17047490180.0,19973640180.0,23.94083497985039,3.27007125745326,0.2900295942659227,0.5767113811573433,0.01786429512068835,23.94083497985039,0.022299130407941962,3.482811212012871,24.997199578870813,2.229663252970368,0.691361572841273,1.730501007633916,0.006914390256595531,0.32195348859848233,1.6949305586731258,0.011214288387580498,-148.60862824066808,0.07880708922825476,0.15217391304347827,0.5981713161443041,0.17047424076513887,-0.042874330309502245,-0.055713586291309666,0.15510840108401083,-0.053204289086399195,15.889231890914209,0.2599411802047792,0.06522218484040233,Steel,Basic Materials,NUE
2013Q3,2013,Q3,2013-11-06,2013-09-28,147600000.0,4940900000.0,283417000.0,0.46,408500000.0,0.08267724503632941,15092000000.0,7605206000.0,6469000000.0,1993000000.0,7487000000.0,2440000000.0,7089000000.0,15583840800.0,18278840800.0,23.815313411055893,3.2458605117912693,0.29273787437052745,0.5809178607390779,0.016914834419246006,23.815313411055893,0.01940775831713171,3.1540490194094195,26.39539430894309,2.049101733733445,0.7986111111111112,1.8575409836065573,0.007563924806008029,0.32738536973230853,1.8509784244857,0.009780015902464882,118.02095378020796,0.08267724503632941,0.7037037037037037,-0.8007278334518488,-0.3420289865383115,-0.07752164578104219,0.304694985627595,0.7344300822561692,0.4918647190419792,5.219525729416038,0.18177284528279944,0.04201183548256259,Steel,Basic Materials,NUE
2013Q2,2013,Q2,2013-08-07,2013-06-29,85100000.0,4665600000.0,189975000.0,0.27,313100000.0,0.06710819615912209,13767000000.0,7537629000.0,5183000000.0,1741000000.0,6229000000.0,2280000000.0,7059000000.0,13814877960.0,16596877960.0,23.63611819267928,2.977024698449167,0.24783903537444613,0.4526622363610626,0.012098225138227217,23.63611819267928,0.011290022366449715,2.9610077932098764,40.58424782608696,1.8327882627282397,1.3826321974148061,1.9089912280701755,0.008517049541854947,0.3388973632599695,1.4043653072946582,0.006181448391080119,211.10109654350418,0.06710819615912209,0.03846153846153849,-0.8629616019064805,-0.38459100903241783,-0.10920682616524421,0.03265171503957784,0.003537735849056604,0.015957987282810403,-0.0737908454232854,0.10126775731510265,0.030229011183847958,Steel,Basic Materials,NUE
2013Q1,2013,Q1,2013-05-08,2013-03-30,84800000.0,4550800000.0,186991000.0,0.26,303200000.0,0.0666256482376725,14039000000.0,7567096000.0,5547000000.0,1987000000.0,6472000000.0,2382000000.0,7092000000.0,14707358900.0,17226358900.0,23.74467657819923,2.7916456970306998,0.24374955481159627,0.45222103697376115,0.012287519012246072,23.74467657819923,0.011206412605311205,3.231818339632592,43.35895902122641,1.943593539714575,1.3870047169811321,1.7832073887489506,0.007997221037422295,0.3241541420329083,1.3709109209864117,0.006040316261842011,-72.89025791231774,0.0666256482376725,-0.3953488372093023,-0.8128598623005427,-0.17263180536691078,0.2612959277190427,-0.2111315786734938,-0.3806059543635142,-0.3139958911145352,1.7078016524709425,0.2325564641342935,0.0253069572635849,Steel,Basic Materials,NUE
2012Q4,2012,Q4,2013-02-28,2012-12-31,136908000.0,4451274000.0,272580000.0,0.43,384348000.0,0.08634561700762523,14152059000.0,7641571000.0,5661364000.0,2029568000.0,6266685000.0,2323641000.0,7124523000.0,13748747479.999998,16355997479.999998,23.98838183912881,2.7894428765136228,0.2586275255070658,0.4789737607620213,0.017575896056812857,23.98838183912881,0.017916211208402043,3.088721898494678,25.10581463464516,1.7992043102131747,0.8532956437899903,1.750238526519372,0.008496992192920836,0.314531899563166,1.4113082192860746,0.009674069335069901,-53.2628810289389,0.08634561700762523,0.22857142857142862,-0.6592106837498352,-0.08057077852094327,0.3573149859581067,0.1022311442500717,0.2412330009066183,0.17450879007238884,1.2996748194623426,0.49915081152172497,0.023085225015567284,Steel,Basic Materials,NUE
2012Q3,2012,Q3,2012-11-07,2012-09-29,110300000.0,4801200000.0,232080000.0,0.35,348700000.0,0.07262767641422978,14997000000.0,7633344000.0,6622000000.0,2887000000.0,7364000000.0,2217000000.0,7129000000.0,12184394380.0,13902394380.0,23.969327676998585,2.293730516106685,0.22744548909781956,0.4468552707699273,0.01423175106968553,23.969327676998585,0.014449761467582228,2.5377810505706906,27.616487715321846,1.5962066402352624,1.0586763372620127,2.0083446098331077,0.009583734435884207,0.32014402880576115,1.3585036369934187,0.007354804294192172,27.205263994605566,0.07262767641422978,0.0,-0.7336985507044478,0.03746313414322908,0.4370856806014948,-0.1280974170479834,-0.017800692793346333,-0.19204578685716672,4.7003561012888335,0.522948533569532,0.019023781757660656,Steel,Basic Materials,NUE
2012Q2,2012,Q2,2012-08-08,2012-06-30,112299000.0,5104199000.0,287244000.0,0.35,399930000.0,0.07835313630992835,14766566000.0,7558164000.0,6486344000.0,2757288000.0,6984007000.0,2406122000.0,7135753000.0,12051252500.0,15226572500.0,23.769680006289803,2.3524361619098184,0.29033893188165755,0.567242123880879,0.015654517053452128,23.769680006289803,0.01485797344434442,2.3610467577772734,26.828494688287517,1.594468246521245,1.036883676613327,1.9551248856043044,0.00966214922473826,0.345659173568181,1.3059480910227732,0.007604950263995027,530.5182470505371,0.07835313630992835,-0.2391304347826088,-0.6914292918968757,0.16037259871581294,0.38190624903019144,0.05098981149826425,-0.22607922593450214,0.050605688202247194,1.833913994215198,1.0389276643479046,0.0035326024456599466,Steel,Basic Materials,NUE
2012Q1,2012,Q1,2012-05-09,2012-03-31,145104000.0,5072594000.0,273408000.0,0.46,380527000.0,0.0750162540112613,14814465000.0,7585584000.0,6859485000.0,2549047000.0,7018763000.0,2258645000.0,7140228000.0,13644742550.0,16753168550.0,23.8773895224575,2.6909998128712416,0.28946303494591263,0.5653144174528949,0.016718695276675095,23.8773895224575,0.019128916112457525,2.689894470166546,23.508556879893046,1.7987728499216409,0.8016663910023156,2.0773813503228706,0.00852526162173723,0.34240818011315294,1.635826251928662,0.009794751278564565,338.3944881206289,0.0750162540112613,0.06495155265001167,-0.6391433397962163,0.27535353236081667,0.3993337848917615,0.03373457318348641,0.05872052299789867,-0.0030665563046720318,1.757198086927702,0.8908128847400446,-0.010825108265930507,Steel,Basic Materials,NUE
2011Q4,2011,Q4,2012-02-28,2011-12-31,137056000.0,4829677000.0,274249000.0,0.4319445319886543,368109000.0,0.0762181404677787,14570350000.0,7474885000.0,6708081000.0,2396059000.0,6863770000.0,1987257000.0,7111566000.0,12555561000.0,15636942000.0,23.557784431137726,2.7996309773674186,0.293886282759165,0.5728551007808147,0.016467570591527012,23.557784431137726,0.018335532921242268,2.5996688805483266,22.902246162152696,1.6796995539061803,0.8428160751809479,2.245088581899573,0.009200146453033839,0.33147295706692015,1.783787043641246,0.009406500187023647,52.9283654697367,0.0762181404677787,-0.24220257545850118,-0.6814231947778376,0.3210236612383053,0.46947995083352123,-0.19644400785854618,-0.24487052341597795,-0.15461702547409434,0.29307612133497735,0.1624150912536017,-0.05818822864556654,Steel,Basic Materials,NUE
2011Q3,2011,Q3,2011-11-09,2011-10-01,181500000.0,5252100000.0,324408000.0,0.57,458100000.0,0.08722225395556063,14807000000.0,7462736000.0,6894000000.0,2358000000.0,7345000000.0,2189000000.0,7091000000.0,10036018160.0,12873018160.0,23.527355498527715,2.9236641221374047,0.26595529141622204,0.5276885045913456,0.02003464638473466,23.527355498527715,0.024320838898763134,1.9108581634013062,13.8237164738292,1.344817525368712,0.6360550964187328,2.1900411146642305,0.011502968424281926,0.35470385628418993,1.803223070398643,0.012257715945161073,36.48625282208076,0.08722225395556063,-0.39361702127659576,-0.6629916300088224,0.28393804434683434,0.5372529522175178,-0.29457961194949184,-0.39459639759839893,-0.37670302476026524,-0.753301430187808,-0.29585289031899376,-0.0886756010806606,Steel,Basic Materials,NUE
2011Q2,2011,Q2,2011-08-10,2011-07-02,299800000.0,5107800000.0,520471000.0,0.94,649400000.0,0.12713888562590547,14734000000.0,7464948000.0,6716000000.0,2003000000.0,7269000000.0,2222000000.0,7025000000.0,13169833270.0,16274833270.0,23.562780332753597,3.3529705441837243,0.29150264693905253,0.5753556488270246,0.02982055627072464,23.562780332753597,0.04016102992278044,2.578376849132699,10.982182513342229,1.7642230421430933,0.3846831220813876,2.0064806480648065,0.008756982539992322,0.34666757160309486,2.056914628057913,0.020347495588434912,102.59276520994001,0.12713888562590547,0.8799999999999999,-0.3475896326551512,0.31407816210334727,0.5718017952428036,0.5326882227991503,0.8760951188986232,0.6853484704731867,-0.5140375709399368,-0.3218143895284937,-0.11197076838591233,Steel,Basic Materials,NUE
2011Q1,2011,Q1,2011-05-11,2011-04-02,159800000.0,4833900000.0,308821000.0,0.5,423700000.0,0.08765179254845984,14344000000.0,7251374000.0,6296000000.0,1788000000.0,7093000000.0,1959000000.0,6841000000.0,14626689000.0,17770689000.0,22.904259385018715,3.5212527964205815,0.29956776352481873,0.5925773515474446,0.01819587780088274,22.904259385018715,0.02203720288044721,3.025856761621051,22.882805068836046,2.0170920711026628,0.7211076345431789,2.2512506380806534,0.007878269648038595,0.33699804796430566,2.2376957494407157,0.011140546569994423,-301.32648688737356,0.08765179254845984,14.944889514922089,-0.587402178276912,0.33783614098161585,0.5585645261858689,2.19669842994349,15.068139801038823,0.20637915543575922,-0.6450176167248639,-0.11535776926933079,0.2166537200287141,Steel,Basic Materials,NUE
2010Q4,2010,Q4,2011-02-28,2010-12-31,-11359000.0,3853750000.0,255990000.0,-0.03585542929292929,132543000.0,0.03439325332468375,13921910000.0,7120070000.0,5861175000.0,1504438000.0,6591216000.0,1557574000.0,6795988000.0,13882176000.0,16850298000.0,22.474968434343435,3.8959232617096884,0.3084007869609845,0.6030176669611395,-0.018983063885726483,22.474968434343435,-0.001595349483923613,3.6022513136555303,-305.53252927194296,1.9497246515834816,-11.187252398978783,2.3891044663046506,0.009153896334407515,0.2768118742327741,2.6048644078386745,-0.0008159081620266184,25.231190896384764,0.03439325332468375,-1.5122204184704182,-1.0330657134263044,0.19277141870721654,0.651571893888438,-0.30350499211770887,-1.4833617021276595,8.82611699677568,-1.028431107082014,-0.19958717549336827,0.2716827533197891,Steel,Basic Materials,NUE
2010Q3,2010,Q3,2010-11-10,2010-10-02,23500000.0,4140100000.0,26052000.0,0.07,190300000.0,0.04596507330740803,13261000000.0,7227317000.0,5761000000.0,1478000000.0,6034000000.0,1650000000.0,6923000000.0,12291588010.0,14186588010.0,22.855127552391824,3.897834912043302,0.2824070582912299,0.5181729264123879,0.002046843951888664,22.855127552391824,0.0032515524087292696,2.968910898287481,130.76157457446809,1.700712451107375,6.238723404255319,2.393818181818182,0.011927669547720223,0.3122011914636905,2.3511502029769957,0.0017721137169142598,28.263736286730637,0.04596507330740803,-0.7586206896551724,-0.9206536501088017,0.3484953263431406,0.7416998569812169,-0.38234339500162284,-0.7417582417582418,-0.8649420669276031,-0.9428611615843415,-0.09905301887395258,0.37028359645570874,Steel,Basic Materials,NUE
2010Q2,2010,Q2,2010-08-11,2010-07-03,91000000.0,4196000000.0,192895000.0,0.29,308100000.0,0.07342707340324119,12688000000.0,7246393000.0,5187000000.0,1512000000.0,5442000000.0,1952000000.0,7014000000.0,11787484680.0,14162484680.0,22.94258648911347,3.4305555555555554,0.2503940731399748,0.4384250205585041,0.012630681444638029,22.94258648911347,0.012557971945490673,2.8092194184938037,32.383199670329674,1.6266692518608912,1.3712417582417582,1.9917520491803278,0.010586058297214263,0.3307061790668348,1.69510582010582,0.007172131147540984,-29.488985377446994,0.07342707340324119,1.8999999999999997,-0.7178695228819938,0.3348190808268996,0.8854304927077542,0.44783834586466165,1.935483870967742,0.6047703430087936,-0.748270756747477,-0.039673715315527,0.3338212222390908,Steel,Basic Materials,NUE
2010Q1,2010,Q1,2010-05-11,2010-04-03,31000000.0,3654800000.0,120201000.0,0.1,212800000.0,0.05822480026266827,12803000000.0,7305636000.0,5462000000.0,1541000000.0,5497000000.0,1625000000.0,7037000000.0,14495432950.0,15977432950.0,23.158602806686087,3.54445165476963,0.24541123174256033,0.4300789144162124,0.00740640215164464,23.158602806686087,0.004243299282909797,3.9661357529823795,116.89865282258064,1.9841438787807115,3.6836451612903227,2.118153846153846,0.007877860591945961,0.285464344294306,2.1427644386761844,0.002421307506053269,-253.18206818856655,0.05822480026266827,-0.4649192795423294,-0.9115064746799816,0.11377264365117432,0.9540360744820705,-0.03762662807525326,-0.47374675335698646,-0.06469283741197526,-0.9223621434863614,-0.07461894546816887,0.35720930832097403,Steel,Basic Materials,NUE
2009Q4,2009,Q4,2010-02-25,2009-12-31,58907000.0,2937944000.0,128515000.0,0.18688769035532996,221120000.0,0.07526351761640113,12571904000.0,7390526000.0,5182248000.0,1227057000.0,4987615000.0,1312903000.0,7120218000.0,14704080000.0,15775047000.0,23.447100253807108,4.223314809336485,0.24562293825978945,0.41782519945129754,0.011776451749839476,23.447100253807108,0.007970609940347954,5.004887771856781,62.40378902337583,1.9895850444203835,1.9546403653216087,2.069325761309099,0.007830615720262675,0.2336912531307907,2.7366422260742573,0.004685606889775805,98.10699368819974,0.07526351761640113,2.8688769035532995,-0.8245625457389967,-0.03290817665734091,1.1744294698458408,0.856591099916037,2.9968474576271187,8.70583792764897,-0.8621626646027004,-0.19105333983265604,0.4625757285821764,Steel,Basic Materials,NUE
2009Q3,2009,Q3,2009-11-10,2009-10-03,-29500000.0,3120000000.0,13241000.0,-0.1,119100000.0,0.03817307692307692,12670000000.0,7413453000.0,5203000000.0,1313000000.0,5257000000.0,1310000000.0,7175000000.0,13981074280.0,15112074280.0,23.52185307751616,3.9626808834729625,0.24380426203630623,0.4166749286735884,0.00031079029490694026,23.52185307751616,-0.003979252313328216,4.481113551282052,-118.48368033898305,1.8859058363221564,-7.249152542372881,2.290763358778626,0.01529567726465151,0.2462509865824783,2.572734196496573,-0.002328334648776638,57.01371518984761,0.03817307692307692,0.7674418604651162,-1.0715609458840423,-0.02952634044461374,1.398479545689205,2.9240710823909533,0.7786946736684172,1.0784414784272605,-1.055126704620442,-0.23238821591604034,0.5368934297482421,Steel,Basic Materials,NUE
2009Q2,2009,Q2,2009-08-11,2009-07-04,-133300000.0,2478000000.0,-168801000.0,-0.43,-61900000.0,-0.024979822437449554,12411000000.0,7455218000.0,4928000000.0,949000000.0,4956000000.0,1268000000.0,7316000000.0,13288829440.0,14320829440.0,23.686006760878406,5.192834562697576,0.24913383289017807,0.4147430698874265,-0.010186013277590493,23.686006760878406,-0.017880094183697914,5.362723744955609,-24.922785896474117,1.7824870365963812,-1.0839984996249061,2.00307570977918,0.010873568710653871,0.1996615905245347,3.3256059009483665,-0.01074047216179196,26.12476003994747,-0.024979822437449554,0.2833333333333333,-1.5323735171692447,-0.09913307109063116,1.7666175464546017,0.5008064516129033,0.2969409282700422,0.3231200452319944,-1.2919786717443857,-0.35831724154603345,0.5800218574855728,Steel,Basic Materials,NUE
2009Q1,2009,Q1,2009-05-12,2009-04-04,-189600000.0,2654300000.0,-249381000.0,-0.6,-124000000.0,-0.04671664845722036,12586000000.0,7587250000.0,5190000000.0,940000000.0,4999000000.0,1884000000.0,7560000000.0,13735740300.0,14977740300.0,24.13869349291643,5.5212765957446805,0.24964245987605277,0.41411578635210383,-0.015718175382886695,24.13869349291643,-0.02498929124518106,5.174901216893343,-18.111471914556965,1.810371386207124,-0.8431065400843882,1.4746815286624204,0.011637741869653724,0.21089305577625933,3.0148936170212766,-0.015064357222310504,-122.67120619440574,-0.04671664845722036,-2.7961696823178332,-2.678497875889113,0.16339364048083416,2.097770117783673,-1.258168213246944,-2.790503531900427,-1.7445009015894246,-1.493085130912092,-0.2600733205344418,0.6425639770365565,Steel,Basic Materials,NUE
2008Q4,2008,Q4,2009-02-26,2008-12-31,105892000.0,4150936000.0,334964000.0,0.33404416403785486,480307000.0,0.11571052890239696,13874443000.0,7929204000.0,6397486000.0,1854192000.0,5617762000.0,2408157000.0,7860629000.0,14645400000.0,15565492000.0,25.013261829652997,3.4502823871530026,0.23606151252342167,0.41305810772430623,0.021188666905456958,25.013261829652997,0.013354682260665761,3.5282162866399287,34.57626638461829,1.8470202053068632,4.156347977184301,1.524248211391533,0.030052029988938505,0.29917856882615035,1.9328834338622969,0.007632162242477049,15.197841539978208,0.11571052890239696,-0.8553921367801494,4.095358781986776,1.471346866834399,2.3481627398433,-0.6703678539564889,-0.8558508031581813,-0.7301632566914621,-0.6919459948570953,0.2839426761054603,0.8380982528634286,Steel,Basic Materials,NUE
2008Q3,2008,Q3,2008-11-04,2008-09-27,734600000.0,7447500000.0,1241358000.0,2.31,1457100000.0,0.19564954682779456,15337000000.0,8176473000.0,7633000000.0,3122000000.0,7160000000.0,3146000000.0,7865000000.0,14049388680.0,15496388680.0,25.81666366710555,2.4449071108263936,0.20219078046554084,0.3792588809380279,0.07325626078449132,25.81666366710555,0.08984313896713167,1.886457023162135,4.781305703784373,1.7182700511577547,0.22545875306289137,1.9041322314049587,0.011788555628457422,0.48559040229510336,1.3555413196668802,0.0478972419638782,74.12830125364063,0.19564954682779456,0.19072164948453615,44.37078083154149,3.58829634656763,2.478536820194437,0.20331984474357914,0.26480716253443526,0.2529199452548114,1.4764957055069154,1.4220142317194668,0.9673869381675918,Steel,Basic Materials,NUE
2008Q2,2008,Q2,2008-08-05,2008-06-28,580800000.0,7090600000.0,990772000.0,1.94,1210900000.0,0.17077539277353115,14992000000.0,7914021000.0,8184000000.0,2969000000.0,7078000000.0,2498000000.0,7295000000.0,22333858560.0,22634858560.0,26.5337890847644,2.756483664533513,0.20631003201707576,0.3908253465589743,0.06243932778143901,26.5337890847644,0.07338873626946403,3.1497840182777197,9.613403305785123,2.8220620794410327,0.2596831955922865,2.3537630104083265,0.006753154614766219,0.4729589114194237,1.8201414617716403,0.03874066168623266,-194.76466203312083,0.17077539277353115,0.3758865248226951,71.50648320891412,3.8901939184966414,2.5786315993098747,0.3414201838927661,0.4172767203513909,0.35173535362630853,0.9068511769487115,1.3886443603179028,1.1805568893127927,Steel,Basic Materials,NUE
2008Q1,2008,Q1,2008-05-07,2008-03-29,409800000.0,4974300000.0,732963000.0,1.41,902700000.0,0.1814727700379953,11341000000.0,5425694000.0,4875000000.0,2370000000.0,5915000000.0,1877000000.0,6881000000.0,19903644480.0,21673644480.0,18.825618997390773,2.0569620253164556,0.22079181730006173,0.46150778130871367,0.0648684541955225,18.825618997390773,0.07552950829884619,4.001295555153489,12.142291654465593,3.6684052731318797,0.43083455344070276,2.169206180074587,0.008870536256684583,0.43861211533374483,1.1388185654008438,0.03613437968433119,45.108329642984216,0.1814727700379953,0.11804158466859979,23.981228881513164,2.646230181420124,1.53183311140765,0.15939460259235855,0.12321362986026982,0.16078563657181952,0.2804463918870985,0.6592221944390579,0.5884351466460724,Steel,Basic Materials,NUE
2007Q4,2007,Q4,2008-02-27,2007-12-31,364846000.0,4396760000.0,631437000.0,1.261133771171794,778596000.0,0.17708403460730174,9826122000.0,5112917000.0,5073249000.0,1582036000.0,4425759000.0,1601600000.0,6621646000.0,17132346000.0,18011571000.0,17.673408226754233,3.206784801357238,0.23133928115282917,0.4445931745029305,0.05707222673450259,17.673408226754233,0.07135770050638413,3.896584302986745,11.739436639020298,3.3507968152035326,0.4838562023429063,2.2590934065934065,0.010304076277703007,0.44745628031078793,2.0152746208050893,0.03713021271260422,48.27971346123498,0.17708403460730174,-0.02237692157225271,8.209172437921177,2.246274783132742,1.38283964814764,-0.038651685393258424,-0.04290136411332634,-0.04974333738154467,0.18386661998066892,0.5768657966383732,0.6389907180368931,Steel,Basic Materials,NUE
2007Q3,2007,Q3,2007-11-06,2007-09-29,381200000.0,4259200000.0,664491000.0,1.29,809900000.0,0.1901530803906837,8300000000.0,4888584000.0,3763000000.0,1668000000.0,3412000000.0,1605000000.0,6433000000.0,17430419120.0,18102419120.0,16.679122198869994,2.2559952038369304,0.11373493975903615,0.19310295169316924,0.0743140252521337,16.679122198869994,0.07797759023880944,4.09241620961683,11.43128221406086,3.5655353615689127,0.4820828961175236,2.149096573208723,0.010543062604222681,0.5131566265060241,1.1402877697841727,0.04592771084337349,33.4424117864879,0.1901530803906837,0.13157894736842118,9.374531606973658,2.6987463208755127,1.2744725535364392,0.059794165178191715,0.10540814847034943,0.07998147185021454,-0.005634466442094054,0.42461104211505113,0.7007390235031942,Steel,Basic Materials,NUE
2007Q2,2007,Q2,2007-08-07,2007-06-30,344850000.0,4168110000.0,615280000.0,1.14,764205000.0,0.18334568905331194,8468307000.0,5182589000.0,4395846000.0,1572875000.0,3050387000.0,1565150000.0,6228731000.0,17671362300.0,17992746300.0,17.20064586361856,2.794784073750298,0.1116917466501864,0.18250337813783807,0.06499197867783223,17.20064586361856,0.06654010186800459,4.23965833435298,12.810904958677686,3.409755683886953,0.5355400898941569,2.174810721017155,0.010450863768437367,0.4922010975747573,1.5919370579353096,0.040722425391521586,273.0053345486567,0.18334568905331194,-0.09523809523809532,4.98798657114555,2.606677182504724,1.368801324484137,-0.016830334226611277,-0.09495077802476977,-0.040240095963511406,0.4387422864798596,0.5829419837061329,1.009102215373769,Steel,Basic Materials,NUE
2007Q1,2007,Q1,2007-05-08,2007-03-31,381029000.0,3768885000.0,641077000.0,1.26,777287000.0,0.2062379191723812,8485734000.0,5136663000.0,4428433000.0,1679378000.0,3147211000.0,1408285000.0,6067615000.0,19606344420.0,19739812420.0,17.063398154361302,2.6369483225337,0.11962123724359024,0.19761350900380267,0.06733853178494162,17.063398154361302,0.0741783138196919,5.202160432064125,12.864076238291574,3.8169419368177353,0.4754362528836388,2.1242845020716685,0.009239611225803409,0.444143665120778,1.667994936220434,0.04490230308892548,41.349550933121876,0.2062379191723812,-0.0706983307975569,18.433162109836797,2.6110159216246696,1.398815582804465,-0.048684009228151984,-0.0664691946030836,-0.05005645632118164,2.5220505001008178,0.7248234545395397,1.1897823478282696,Steel,Basic Materials,NUE
