Quarters,Year,Quarter,FillingDate,Date,NetIncome,Revenue,OperatingIncome,EPSDiluted,GrossProfit,GrossProfitRatio,TotalAssets,CommonStockEquity,CurrentAssets,CurrentLiability,TotalLiability,Inventory,RetainedEarnings,MarketCap,EnterpriseValue,bookValuePerShare,currentRatio,debtToAssets,debtToEquity,roic,shareholdersEquityPerShare,roe,priceToSalesRatio,peRatio,pbRatio,payoutRatio,inventoryTurnover,dividendYield,assetTurnover,quickRatio,returnOnAssets,priceToFreeCashFlowsRatio,grossProfitMargin,epsdilutedGrowth,fiveYNetIncomeGrowthPerShare,fiveYRevenueGrowthPerShare,fiveYShareholdersEquityGrowthPerShare,grossProfitGrowth,netIncomeGrowth,operatingIncomeGrowth,threeYNetIncomeGrowthPerShare,threeYRevenueGrowthPerShare,threeYShareholdersEquityGrowthPerShare,Industry,Sector,Symbol
2023Q1,2023,Q1,2023-04-26,2023-03-31,59852000.0,886841000.0,74875000.0,1.05,143878000.0,0.1622365227,3862238000.0,1319754000.0,830497000.0,585277000.0,2542484000.0,0.0,1002976000.0,5283362000.0,6862989000.0,23.865352622061483,1.4189810978391428,0.493650572543691,1.4446601412081344,0.011501435142345475,23.865352622061483,0.04535087599658724,5.957507602828467,22.068443828109338,4.0032930379449505,0.05348192207445031,0.0,0.0006058642205474469,0.229618423307937,1.3519256693838986,0.015496714599152098,243.5514682155534,0.16223652266866326,-0.009433962264150952,1.413591608377614,0.6809728399440397,1.3766526993678345,0.06694054919874529,-0.010236311620446165,-0.00426884408745146,0.4168468204493443,0.454468682524338,0.8900054669252496,Medical Care Facilities,Healthcare,ENSG
2022Q4,2022,Q4,2023-02-02,2022-12-31,60471000.0,809532000.0,75196000.0,1.06,134851000.0,0.1665789617,3452022000.0,1248800000.0,781125000.0,582072000.0,2203222000.0,4643000.0,946339000.0,5211781070.0,6469572070.0,22.669595367328046,1.34197315795984,0.4559823199272774,1.2604588404868673,0.013845467183690938,22.669595367328046,0.0484232863549007,6.438017360647881,21.54661354202841,4.173431350096092,0.05043739974533247,145.3114365711824,0.0005852126094774737,0.23450951355466448,1.2715660605560823,0.01751755927395596,233.02249262273094,0.1665789616716819,0.07070707070707077,4.020434212575418,0.5442640478129139,1.3595122687091157,0.041521529252751495,0.07639865430142936,0.012236326678961325,1.139732263979085,1.5219075390228085,0.8503423033569639,Medical Care Facilities,Healthcare,ENSG
2022Q3,2022,Q3,2022-10-26,2022-09-30,56179000.0,770005000.0,74287000.0,0.99,129475000.0,0.1681482588,3265274000.0,1180056000.0,726848000.0,567040000.0,2083526000.0,0.0,889069000.0,4363119000.0,5529028000.0,21.50169454465945,1.2818284424379232,0.45165367439302184,1.2497483170290224,0.014504868150180416,21.50169454465945,0.04760706271566773,5.66635151719794,19.4161474928354,3.697383005552279,0.05413054700154862,0.0,0.0006969784688430456,0.2358163510933539,1.1904856800225734,0.01720498800406949,62.445349286542346,0.16814825877754042,-0.01980198019801982,2.6669121348421627,0.5146314570919572,1.2807868482462015,-0.016274493416503947,-0.026208594061465394,-0.05042693526945496,1.0330557751772684,0.2602727183570893,0.690065857691448,Medical Care Facilities,Healthcare,ENSG
2022Q2,2022,Q2,2022-08-01,2022-06-30,57691000.0,732486000.0,78232000.0,1.01,131617000.0,0.1796853455,3124671000.0,1120166000.0,682682000.0,531924000.0,2003978000.0,0.0,835941000.0,4033943820.0,5178516820.0,20.40152260226569,1.283420187846384,0.4576971463555683,1.2767330913453898,0.016202736902321727,20.40152260226569,0.051502188068554125,5.507195796233648,17.480819451907575,3.601201804018333,0.05272919519509109,0.0,0.0007541007350965042,0.2344201997586306,1.19109496845414,0.018463063791355955,64.34235297870643,0.1796853455219622,0.14772727272727273,3.360883396117682,0.5089745505747483,1.2278582719319315,0.07845659690926074,0.1517928445935154,0.13199247576327594,0.9615161964831966,0.23773187186612998,0.645798999386462,Medical Care Facilities,Healthcare,ENSG
2022Q1,2022,Q1,2022-04-28,2022-03-31,50088000.0,713445000.0,69110000.0,0.88,122042000.0,0.1710601378,3044559000.0,1071590000.0,633111000.0,513558000.0,1972546000.0,0.0,781290000.0,4920576670.0,6092769670.0,19.602136572337972,1.2327935695676049,0.46664853596202277,1.3258233092880674,0.013911249536112119,19.602136572337972,0.04674175757519201,6.896925018747066,24.55965835130171,4.591846387144337,0.0605933556939786,0.0,0.0006167976242508177,0.234334430700801,1.1693421190985245,0.016451643735595205,163.82263517112798,0.1710601377821696,0.023255813953488393,15.378405129958415,0.4998610038669784,1.1926229674147297,-0.0016360988858166588,0.023018320704233982,0.021370300307401276,0.776810099058404,0.2613417004327262,0.644527878547304,Medical Care Facilities,Healthcare,ENSG
2021Q4,2021,Q4,2022-02-09,2021-12-31,48961000.0,693142000.0,67664000.0,0.86,122242000.0,0.1763592453,2850623000.0,1020768000.0,639709000.0,523068000.0,1828909000.0,0.0,733992000.0,4588665880.0,5591803880.0,18.67725467952354,1.222993951073283,0.4438815655384805,1.2395950891877487,0.014781477612714951,18.67725467952354,0.047964865669770214,6.620094987751427,23.43020914605502,4.495307337220602,0.05925124078348073,0.0,0.0006322099006258438,0.24315456656316883,1.1560542797494782,0.01717554373201928,88.62192205183669,0.17635924529172955,0.036144578313253045,1.478115146736265,0.4855444997007987,1.0755551362017488,0.028964402656543296,0.03553224339586726,0.02029614885853011,0.782494012368335,0.23692911562843563,0.6577175673912192,Medical Care Facilities,Healthcare,ENSG
2021Q3,2021,Q3,2021-10-27,2021-09-30,47281000.0,668530000.0,66318000.0,0.83,118801000.0,0.17770481504195773,2813379000.0,979200000.0,668118000.0,483109000.0,1834085000.0,0.0,688287000.0,4091016030.0,5075850030.0,17.925201823274204,1.3829549853138732,0.45832929015251767,1.316844362745098,0.014480011076458722,17.925201823274204,0.048285334967320265,6.119420265358324,21.63139543368372,4.177916697303922,0.06118736913347857,0.0,0.0007071592921624411,0.2376252897316714,1.3067899790730457,0.016805769858948973,51.29543383403967,0.17770481504195773,-0.045977011494252915,2.921512093790021,0.4449328371006839,1.0749956490622037,0.028072726014001747,-0.04337885685381892,0.022573781108335647,1.1632508200234257,0.24052546167112973,0.6632919757175109,Medical Care Facilities,Healthcare,ENSG
2021Q2,2021,Q2,2021-07-28,2021-06-30,49425000.0,638536000.0,64854000.0,0.87,115557000.0,0.180971785459238,2648553000.0,928593000.0,567104000.0,460986000.0,1719910000.0,0.0,643906000.0,4720741560.0,5722950560.0,17.04841374752148,1.230197880195928,0.4533116762247159,1.2929453485003657,0.01585623349918609,17.04841374752148,0.05322568660328045,7.3930703358933565,23.87830834597876,5.083757426558245,0.058391502276176024,0.0,0.000611344629507742,0.2410886246188013,1.1337589427878505,0.018661133079081293,84.84133496279789,0.180971785459238,0.011627906976744196,3.0278392783760353,0.4356753801500229,1.0240497261636325,0.035354938133338114,0.004450676746738202,0.018451922925925346,1.138776693089094,0.22524912705445327,0.638553849328652,Medical Care Facilities,Healthcare,ENSG
2021Q1,2021,Q1,2021-04-29,2021-03-31,49206000.0,627253000.0,63679000.0,0.86,111611000.0,0.1779361756739306,2512500000.0,876047000.0,513316000.0,443020000.0,1636920000.0,0.0,597375000.0,5085377280.0,6068272280.0,16.165614850900504,1.1586745519389643,0.45310328358208957,1.299498771184651,0.016636745742397815,16.165614850900504,0.05616821928503836,8.107378171168572,25.837180831605902,5.80491375462732,0.0582855749298866,0.0,0.0005639699558338373,0.2496529353233831,1.0896302649993228,0.0195844776119403,268.2161012658228,0.1779361756739306,0.04878048780487809,4.01703203022485,0.5306347625896679,0.9961580417691922,0.08784771632975302,0.062282765916107166,0.13999534542329795,1.0248512953424618,0.2132425483112192,0.6098673579546181,Medical Care Facilities,Healthcare,ENSG
2020Q4,2020,Q4,2021-02-03,2020-12-31,46321000.0,629029000.0,55859000.0,0.82,102598000.0,0.16310535762262154,2545578000.0,818077000.0,582956000.0,562399000.0,1727351000.0,0.0,551055000.0,3925648200.0,4803097200.0,15.196006315593944,1.0365523409536646,0.4376259537126735,1.361743454467,0.015888565987014835,15.196006315593944,0.05662180943847584,6.240806385715126,21.18719479285853,4.798629224388414,0.05880702057382181,0.0,0.000693898144005874,0.24710655104655996,0.9869736610484727,0.01819665317660665,49.888778466856444,0.16310535762262154,0.06493506493506485,2.235467636131929,0.601442599698812,0.8187243099024083,0.009395629802347432,0.07573153738968881,0.01434563910730175,2.935106229578447,0.2278423603684978,0.5816410816357322,Medical Care Facilities,Healthcare,ENSG
2020Q3,2020,Q3,2020-10-28,2020-09-30,43060000.0,599255000.0,55069000.0,0.77,101643000.0,0.1696156060441715,2464990000.0,764755000.0,526627000.0,525202000.0,1699446000.0,0.0,507554000.0,3042895680.0,3984084680.0,14.340590309030903,1.002713241762217,0.45297100596756984,1.4600349131421173,0.015278158945910211,14.340590309030903,0.05630561421631764,5.077797732184129,17.66660287970274,3.9789157050297157,0.06312122619600558,0.0,0.000893228124074237,0.24310646290654322,0.9274679075860336,0.017468630704384196,31.28330382752984,0.1696156060441715,0.05479452054794526,2.065359015117664,0.636958048897864,0.7776109093764276,0.01171540620707503,0.06986682568077916,-0.006584406681819822,1.892511923933739,0.21310872582856177,0.5211745151057651,Medical Care Facilities,Healthcare,ENSG
2020Q2,2020,Q2,2020-08-05,2020-06-30,40248000.0,584699000.0,55434000.0,0.73,100466000.0,0.1718251613223214,2488157000.0,715997000.0,547306000.0,581038000.0,1770381000.0,0.0,467219000.0,2221983900.0,3172662900.0,13.485459750630957,0.941945277245206,0.46316088574796527,1.6095276935517886,0.014475239268926196,13.485459750630957,0.056212526030136996,3.8002184029731536,13.801828041144903,3.10334247210533,0.06666169747565097,0.0,0.0012074794961385634,0.23499280792972468,0.8952185571339568,0.016175828133031797,16.36760266656845,0.1718251613223214,0.0,1.9285123543310978,0.8037463397104839,0.7262787177232757,-0.022342889394912517,-0.014712722465666234,-0.023929005335164545,2.146190910362951,0.2456306850883931,0.47262013928861374,Medical Care Facilities,Healthcare,ENSG
2020Q1,2020,Q1,2020-05-11,2020-03-31,40849000.0,589613000.0,56793000.0,0.73,102762000.0,0.1742872019443262,2388006000.0,675236000.0,433321000.0,330143000.0,1711191000.0,0.0,429689000.0,2011194750.0,2341317750.0,12.62713417484806,1.3125251784832632,0.1647148290247177,0.5825222588843012,0.02085011038127729,12.62713417484806,0.06049588588286169,3.4110420733599836,12.308714717618546,2.9785064036870073,0.06621949129721658,0.0,0.00134497168909177,0.24690599604858615,1.2350890371748,0.017105903419003136,177.77731370989127,0.1742872019443262,0.4897959183673469,1.4077882905996337,0.7199583552913659,0.5771631177206743,1.4993189999027143,0.491165948747901,2.893932122043195,12.655065767207265,0.26716162939007565,0.41242482941731123,Medical Care Facilities,Healthcare,ENSG
2019Q4,2019,Q4,2020-02-05,2019-12-31,27394000.0,311152000.0,14585000.0,0.49,41116000.0,0.13214120429886358,2361909000.0,654197000.0,411081000.0,343173000.0,1705765000.0,0.0,391523000.0,2422621890.0,2736329890.0,12.251568440174541,1.197882700562107,0.1578735675252518,0.569985799384589,0.004997296319089573,12.251568440174541,0.04187423665959948,7.785975632488301,22.109055723881138,3.7031993268082855,0.09359713805942907,0.0,0.0010583574806219554,0.13173750555165334,1.1245465115262565,0.011598245317664652,63.632640523219166,0.13214120429886358,0.020833333333333353,0.9979944549742094,-0.056482095639195214,1.1218299839406636,-0.5161343469767223,0.008652748628447293,-0.6254974964693799,0.41913529863170695,-0.31745200417302044,0.36148519891469466,Medical Care Facilities,Healthcare,ENSG
2019Q3,2019,Q3,2019-10-30,2019-09-30,27159000.0,600507000.0,38945000.0,0.48,84974000.0,0.1415037626538908,2359549000.0,686259000.0,393201000.0,354629000.0,1657743000.0,0.0,426414000.0,2558421630.0,2850711630.0,12.722400400437515,1.108767190500495,0.14269082778107173,0.4906106878015443,0.014715716645268823,12.722400400437515,0.039575437262024976,4.260435981595552,23.550403457417428,3.728070058097599,0.09418608932582201,0.0,0.0009998351991731716,0.2545007541695468,1.0306968691223786,0.011510250475832458,55.504439406430336,0.1415037626538908,-0.058823529411764754,1.5344330871476037,0.9133391727702648,1.331260489234108,0.0414629064480151,-0.05068335139291831,0.029038735929820852,1.2812298072471915,0.3144170726801524,0.4727268198597651,Medical Care Facilities,Healthcare,ENSG
2019Q2,2019,Q2,2019-08-01,2019-06-30,28609000.0,575651000.0,37846000.0,0.51,81591000.0,0.14173692046048733,2321521000.0,662052000.0,375546000.0,327348000.0,1644214000.0,0.0,401996000.0,3044790080.0,3343766080.0,12.396120431396046,1.1472378019722131,0.14560195664824915,0.5105611039616224,0.015504398623793578,12.396120431396046,0.043212617739996254,5.289298689657449,26.606925093502042,4.599019533208872,0.0888881121325457,0.0,0.0008351971509313377,0.2479628657246693,1.0508083140877598,0.012323386262713109,120.25712231920691,0.14173692046048733,0.04081632653061228,10.881865593699464,0.9189952187720418,1.3471912814155407,-0.0219955409584542,0.045192167178138246,0.0011109935456565443,1.377733881157233,0.3199735925029101,0.4717125321003104,Medical Care Facilities,Healthcare,ENSG
2019Q1,2019,Q1,2019-05-06,2019-03-31,27372000.0,549214000.0,37804000.0,0.49,83426000.0,0.1519007162963799,2218359000.0,632705000.0,357729000.0,311443000.0,1573356000.0,0.0,378443000.0,2702884520.0,2974069520.0,11.919613420998097,1.1486178851346796,0.13929620949539728,0.4883934851154962,0.01531779113846506,11.919613420998097,0.043261867695055356,4.921368573998478,24.686582273856498,4.2719506246987144,0.0922475522431682,0.0,0.0009341871549880347,0.24757669971361715,1.0710210215031322,0.01233885047460758,241.39363400910958,0.1519007162963799,0.020833333333333353,0.6902640735793288,0.9141507673648315,0.42393536702136053,0.11439715743634955,0.03839150227617603,0.0974540598600749,1.8492557018549263,0.3682533115951876,0.4718544518447397,Medical Care Facilities,Healthcare,ENSG
2018Q4,2018,Q4,2019-02-06,2018-12-31,26360000.0,537775000.0,34447000.0,0.48,74862000.0,0.13920691739110222,1181958000.0,590935000.0,348072000.0,269227000.0,579618000.0,0.0,344901000.0,2034496710.0,2246653710.0,11.266849701614902,1.292856957140257,0.20579411451168317,0.4116188751723963,0.03501518850674439,11.266849701614902,0.04460727491179233,3.783174580447213,19.29530263657056,3.4428434768629375,0.09017450682852807,0.0,0.0011683479203070325,0.45498655620588885,1.1732255680150951,0.022301976889195725,56.97434008233218,0.13920691739110222,0.26315789473684204,0.6512704013769739,0.8983959743120641,0.3884230617762209,0.13789329685362517,0.2636019366281578,0.1761873868952095,0.8898704934968851,0.40529927711844027,0.34846571018569644,Medical Care Facilities,Healthcare,ENSG
2018Q3,2018,Q3,2018-10-31,2018-09-30,20861000.0,514364000.0,29287000.0,0.38,65790000.0,0.12790552993599863,1143575000.0,561899000.0,348413000.0,247860000.0,571199000.0,0.0,321448000.0,1931749949.9999998,2141776949.9999998,10.77694240395865,1.405684660695554,0.2235830618892508,0.45503551349975707,0.02829288936749779,10.77694240395865,0.037125889172253373,3.7556087712203805,23.15025586021763,3.4378953335029956,0.11250659124682422,0.0,0.001214960559465784,0.44978597818245414,1.2781368514483984,0.018241916796012506,45.2400456674473,0.12790552993599863,-0.07317073170731701,0.6778808130970536,0.8882700218048265,0.3887336039963865,0.00012161381532942143,-0.0522466039707419,-0.07830055074744297,0.5189204979618023,0.4371068097212706,0.33587320843648805,Medical Care Facilities,Healthcare,ENSG
2018Q2,2018,Q2,2018-08-02,2018-06-30,22011000.0,496386000.0,31775000.0,0.41,65782000.0,0.1325218680623547,1125847000.0,539788000.0,327569000.0,230336000.0,575568000.0,0.0,303157000.0,1858341600.0,2109281600.0,10.404548959136468,1.422135489024729,0.24703534316829906,0.515246726492623,0.030467227991764326,10.404548959136468,0.0407771199063336,3.7437429742176453,21.106964699468445,3.442724921635902,0.10753714052064876,0.0,0.0012737163070557103,0.4409000512503031,1.2641445540427896,0.019550613893362063,39.01456163923413,0.1325218680623547,-0.046511627906976785,0.499808226297271,0.9005855596323946,0.3818786061565723,-0.033200570244411455,-0.04846100639806329,-0.03650808089996665,0.639034171388723,0.5671411483936708,0.3318901815584581,Medical Care Facilities,Healthcare,ENSG
2018Q1,2018,Q1,2018-05-02,2018-03-31,23132000.0,492134000.0,32979000.0,0.43,68041000.0,0.1382570600690056,1092709000.0,517995000.0,344726000.0,211281000.0,566766000.0,0.0,285398000.0,1356685500.0,1612112500.0,10.041581855190463,1.6315996232505525,0.26583838881165983,0.5607853357657893,0.031869402301756555,10.041581855190463,0.04465680170658018,2.7567400342183226,14.662431912502162,2.6191092578113686,0.10063980632889503,0.0,0.0017159466950888765,0.4503797442869053,1.4539736180726142,0.02116940557824636,46.28272438849657,0.1382570600690056,1.0476190476190477,2.6071974759712093,0.9034949242126633,0.3840328608166476,0.12788847263203262,1.0642512939496698,0.261484909918525,0.4134401080986516,0.48820106046486766,0.2542206589620016,Medical Care Facilities,Healthcare,ENSG
2017Q4,2017,Q4,2018-02-08,2017-12-31,11206000.0,487705000.0,26143000.0,0.21,60326000.0,0.12369362626997878,1102433000.0,492397000.0,368076000.0,225821000.0,602374000.0,0.0,264691000.0,1137750000.0,1408342000.0,9.607746341463415,1.6299458420607473,0.28385307769270335,0.635521743633694,0.015715946260334377,9.607746341463415,0.022758059045851212,2.3328651541403103,25.382607531679458,2.3106355237745153,0.19534178118864895,0.0,0.001923972753241046,0.442389696244579,1.4192524167371503,0.010164790059804089,-147.99037460978147,0.12369362626997878,-0.2222222222222223,3.8776585365853657,0.9478580926642325,0.271631230383814,0.07211914409611146,-0.21151139881790038,0.02284909425251379,-0.1484455293028301,0.5408407128175171,0.66395056804032,Medical Care Facilities,Healthcare,ENSG
2017Q3,2017,Q3,2017-11-08,2017-09-30,14212000.0,471594000.0,25559000.0,0.27,56268000.0,0.11931449509535745,1070848000.0,479954000.0,339845000.0,222488000.0,583685000.0,0.0,255903000.0,1150079490.0,1405650490.0,9.427314332855374,1.527475639135594,0.27606719160889315,0.6159465282089533,0.020968496898010114,9.427314332855374,0.029611171070560927,2.438706790162725,20.230781909653814,2.3962285760718736,0.15325077399380804,0.0,0.0018937821419630742,0.44039303430552235,1.3676333105605696,0.01327172483863256,53.32589094449854,0.11931449509535745,0.1739130434782609,-0.097569244880025,0.921753571150154,0.268125241070947,0.15426273898416346,0.16329704510108864,0.1601379873814171,0.40517242714013857,0.5920236894035986,0.727466887696786,Medical Care Facilities,Healthcare,ENSG
2017Q2,2017,Q2,2017-08-03,2017-06-30,12217000.0,448279000.0,22031000.0,0.23,48748000.0,0.10874477724809772,1032184000.0,464329000.0,323845000.0,204578000.0,561223000.0,0.0,244049000.0,1103847850.0,1363001850.0,9.157459816586135,1.5829903508686174,0.2835056540306767,0.6302212439886373,0.018702124434397848,9.157459816586135,0.02631108545880184,2.462412582342693,22.588357411803226,2.3772968089436586,0.17770320045837767,0.0,0.0019667565597921853,0.43430144237849067,1.419346166254436,0.01183606798787813,-194.2710049278423,0.10874477724809772,3.5999999999999996,-0.17333593758955693,0.8492946175645216,0.28269628754195336,-0.10312218276820047,3.301760563380282,1.9172404661016949,4.344438199660816,0.5740501013275475,0.7339545836425414,Medical Care Facilities,Healthcare,ENSG
2017Q1,2017,Q1,2017-05-01,2017-03-31,2840000.0,441739000.0,7552000.0,0.05,54353000.0,0.12304324499308415,984469000.0,453859000.0,305623000.0,209874000.0,526159000.0,0.0,235689000.0,954419600.0,1189545600.0,8.94003978962712,1.4562213518587344,0.2708394068274369,0.5874798120121006,0.007046618869014797,8.94003978962712,0.006257450000991497,2.160596189152418,84.01580985915494,2.102898917945882,0.7672535211267606,0.0,0.002283062921172197,0.4487078821171616,1.3541410560622087,0.002884803889203215,125.76355251021215,0.12304324499308415,-0.8571428571428572,-0.8157439093847801,0.8293566420044106,0.2990101814272199,0.24823167370935145,-0.8451218847139663,-0.7883645331240893,-0.8166318239058619,0.6097479550223012,0.06799091458809249,Medical Care Facilities,Healthcare,ENSG
2016Q4,2016,Q4,2017-02-08,2016-12-31,18337000.0,433048000.0,35684000.0,0.35,43544000.0,0.10055236371025844,1001025000.0,456449000.0,333862000.0,211928000.0,540530000.0,0.0,235021000.0,1126580040.0,1352489040.0,8.998679126251872,1.5753557812087124,0.2833245922928998,0.6213509066730347,0.029915697948595065,8.998679126251872,0.04017316282870594,2.601513088618352,15.35938321426624,2.468140011260842,0.11135954627256367,0.0,0.0018125653992591595,0.43260458030518717,1.4801677928353025,0.0183182238205839,-105.07181869054281,0.10055236371025844,0.6666666666666666,0.46592098704339135,0.8606828451998779,0.361711575441253,-0.048260185347088654,0.6438368444643657,0.7806387225548902,0.18774932921580031,0.5806872524460542,0.10891455511486979,Medical Care Facilities,Healthcare,ENSG
2016Q3,2016,Q3,2016-11-02,2016-09-30,11155000.0,428065000.0,20040000.0,0.21,45752000.0,0.10688096433952787,853415000.0,436607000.0,308750000.0,199059000.0,415795000.0,0.0,218887000.0,1017390330.0,1147591330.0,8.638669594982291,1.5510476793312535,0.19992032012561298,0.3907747699876548,0.020346333291581146,8.638669594982291,0.025549292613265478,2.3767192599254785,22.801217615419095,2.330219923180343,0.18233975795607352,0.0,0.0019992326838805317,0.5015906680805938,1.4085773564621544,0.013071014688047432,54.916891395876064,0.10688096433952787,-0.0454545454545455,-0.2009232137927906,0.8112971585896187,0.3623082706204915,-0.0707989764003412,-0.015098004591206075,0.011661366045736787,-0.07441901031451321,0.6211459663823553,0.11319243535782679,Medical Care Facilities,Healthcare,ENSG
2016Q2,2016,Q2,2016-08-01,2016-06-30,11326000.0,410517000.0,19809000.0,0.22,49238000.0,0.11994143969677261,840075000.0,423454000.0,288014000.0,178920000.0,415982000.0,0.0,209778000.0,1056256740.0000001,1207093740.0,8.4229223853284,1.6097361949474625,0.21945183465761986,0.43536251871513787,0.019866369610177837,8.4229223853284,0.02674670684419087,2.572991471729551,23.314867119901116,2.4943836638690393,0.1787921596327035,0.0,0.0019171475298704365,0.4886670832961343,1.4735356583948134,0.013482129571764426,178.39161290322582,0.11994143969677261,0.22222222222222227,-0.27396837586499473,0.8326414422755468,0.38199233459147197,-0.013958145589266046,0.2348451809856084,0.21415874961691694,-0.20360405249307384,0.6220176441199063,0.11868917060376107,Medical Care Facilities,Healthcare,ENSG
2016Q1,2016,Q1,2016-05-10,2016-03-31,9172000.0,383234000.0,16315000.0,0.18,49935000.0,0.13029898182311592,773681000.0,410417000.0,293239000.0,168111000.0,363485000.0,0.0,200566000.0,1147372560.0,1242271560.0,8.09836421397423,1.7443177424439804,0.189055954585934,0.35639118262645064,0.017936980322458967,8.09836421397423,0.02234800215390688,2.99392162490802,31.27378325337985,2.795626302029399,0.22590492804186654,0.0,0.001805865045264809,0.4953385180714015,1.6093176532172195,0.01185501518067524,-207.25660404624278,0.13029898182311592,-0.32314388647893544,-0.4077821953951948,0.7240091386696426,0.39605847094744295,0.00860449615221475,-0.32563782074847436,-0.3296215638739368,1.6486575870925002,0.5087864779981782,0.11619885717590667,Medical Care Facilities,Healthcare,ENSG
2015Q4,2015,Q4,2016-02-10,2015-12-31,13601000.0,373155000.0,24337000.0,0.2659353980916628,49509000.0,0.13267676970695824,747759000.0,427324000.0,294970000.0,179866000.0,320774000.0,0.0,193420000.0,1157388720.0,1215490720.0,8.355310495854841,1.6399430687289427,0.13329294598928265,0.2332445638438281,0.028029547666096697,8.355310495854841,0.031828308262582955,3.101629939301363,21.273963679141236,2.7084570957868035,0.14226895081244026,0.0,0.0016718669938307331,0.4990311049415654,1.4043732556458697,0.018189015444815777,492.29635048915355,0.13267676970695824,0.042883914084952054,-0.0541886355739286,0.753204504243838,0.519899603878679,0.07532416758975695,0.00957541567695962,0.12733926255327033,4.9324050343524775,0.4934426489026446,0.10586534952840428,Medical Care Facilities,Healthcare,ENSG
2015Q3,2015,Q3,2015-11-03,2015-09-30,13472000.0,351086000.0,21588000.0,0.255,46041000.0,0.1311388092945888,682503000.0,412596000.0,269530000.0,161348000.0,271306000.0,0.0,181890000.0,1090134360.0,1119887360.0,8.067339277334584,1.6704886332647446,0.10230284702045266,0.1692260710234709,0.028003597324549486,8.067339277334584,0.03265179497619948,3.1050351196003256,20.22963108669834,2.6421350667481027,0.14326009501187648,0.0,0.0017704239686564874,0.514409460471236,1.4663026501722984,0.019739107373887,-154.98071651976116,0.1311388092945888,0.020000000000000018,0.10597804621283534,0.7307041298496355,0.5474642839418763,0.05361801455444185,0.021534728541097968,-0.018013100436681223,-0.14845481170861832,0.424163574395858,0.08518674615704945,Medical Care Facilities,Healthcare,ENSG
2015Q2,2015,Q2,2015-08-04,2015-06-30,13188000.0,311056000.0,21984000.0,0.25,43698000.0,0.1404827426572707,628939000.0,397999000.0,255945000.0,143794000.0,232026000.0,0.0,170355000.0,1300702440.0,1299587440.0,7.81186700164874,1.7799421394494903,0.07873577564755882,0.12442242317191751,0.03007866733017055,7.81186700164874,0.03313576164764233,4.181570006686899,24.656931301182894,3.2681047942331514,0.1456627236882014,0.0,0.0014768942849065464,0.494572605610401,1.5768947243974019,0.020968647197899957,-86.09932084464155,0.1404827426572707,-0.180327868852459,0.11630163479980864,0.6034558220562876,0.5689241370477625,-0.05224803175222851,-0.13065260382333552,-0.12671804242472393,-0.11188936757157501,0.27708540313762176,0.09421750163047295,Medical Care Facilities,Healthcare,ENSG
2015Q1,2015,Q1,2015-05-06,2015-03-31,15170000.0,306529000.0,25174000.0,0.305,46107000.0,0.15041643694397594,573294000.0,382826000.0,255856000.0,150392000.0,191598000.0,0.0,159095000.0,1120328880.0,1061082880.0,8.006232223523506,1.701260705356668,0.0058661001161707605,0.008784669797767132,0.03986227171340332,8.006232223523506,0.039626357666407194,3.654887074306183,18.462901779828606,2.926470197948938,0.11259063941990771,0.0,0.0015245523260991004,0.5346802862056815,1.5284589605830097,0.0264611176813293,-163.33705788015746,0.15041643694397594,0.18783337677004613,0.4041068246993594,0.7202584562750183,0.679344146986486,0.23770535810157845,0.3178698636087221,0.28177189409368636,0.04495442775524821,0.34775969202183094,0.16332560234181076,Medical Care Facilities,Healthcare,ENSG
2014Q4,2014,Q4,2015-02-09,2014-12-31,11511000.0,276869000.0,19640000.0,0.25677002007584204,37252000.0,0.13454738522550375,493916000.0,258851000.0,213642000.0,130433000.0,236113000.0,0.0,145846000.0,995001850.0,1012983850.0,5.774057550747267,1.6379443852399316,0.13846484017525248,0.2642060490397951,0.033549566095760666,5.774057550747267,0.04446959834035796,3.593764018362475,21.609804751976373,3.8439173501357926,0.13413256884718963,0.0,0.0015517559087955466,0.5605588804574058,1.4299985433134252,0.0233055823257396,150.18895849056605,0.13454738522550375,0.35142115829390547,0.2178927260746714,0.7368471075910086,0.26933893298861344,0.1313168124392614,0.2924994385807321,0.2840797646289637,0.041214209848827316,0.34603205831180905,-0.12624943129942973,Medical Care Facilities,Healthcare,ENSG
2014Q3,2014,Q3,2014-11-05,2014-09-30,8906000.0,260841000.0,15295000.0,0.19,32928000.0,0.12623782304162307,402879000.0,244651000.0,193931000.0,118445000.0,158561000.0,0.0,136043000.0,780041999.9999999,744252999.9999999,5.457305375864377,1.6373084554012411,0.00848145472958382,0.013966834388578014,0.034339747495457935,5.457305375864377,0.03640287593347258,2.9904884584862037,21.89653042892432,3.188386722310556,0.17819447563440377,0.0,0.00203450583430123,0.6474425323732436,1.399265481869222,0.022105892836310655,38.87962916812042,0.12623782304162307,3.2222222222222228,0.06573191846446363,0.8048375463375217,0.25539427946841914,-0.17064201697604714,3.4374688589935225,0.12116991643454039,-0.2807552141663566,0.2443167122848154,-0.13938921183419206,Medical Care Facilities,Healthcare,ENSG
2014Q2,2014,Q2,2014-08-07,2014-06-30,2007000.0,250043000.0,13642000.0,0.045,39703000.0,0.15878468903348625,380832000.0,235111000.0,184192000.0,109566000.0,145520000.0,0.0,128721000.0,691809720.0,669416720.0,5.281257019632508,1.6811054524213715,0.0,0.0,0.01759301148033014,5.281257019632508,0.008536393448201063,2.7667629967645566,86.1746038863976,2.9424812960686655,0.7982062780269058,0.0,0.002315665642859138,0.656570351230989,1.3807659310370006,0.0052700403327451475,-1359.154656188605,0.15878468903348625,-0.8500000000000001,-0.7731973781339099,0.7495318116165917,0.26811522924125114,-0.143704438597248,-0.851619103947952,-0.4396845607261675,-0.8547105269047297,0.2605754744288013,-0.13347691166514733,Medical Care Facilities,Healthcare,ENSG
2014Q1,2014,Q1,2014-05-08,2014-03-31,13526000.0,239653000.0,24347000.0,0.3,46366000.0,0.1934713940572411,771478000.0,371132000.0,203468000.0,111854000.0,399670000.0,0.0,269459000.0,967411520.0,1167430520.0,8.370894983760376,1.8190498328177802,0.3337593554190787,0.6937908884170592,0.023889196710739653,8.370894983760376,0.03644525397971611,4.036717754419932,17.88059145349697,2.606650787320953,0.11562915865740056,0.0,0.0016166853171233684,0.31064139223671966,1.632118654674844,0.01753258031985358,193.1732268370607,0.1934713940572411,-0.014330637915543619,0.5842719393214179,0.7070193946599622,1.1041409505680913,0.01661989124714962,0.012728361784965558,-0.030579335058729843,-0.001706311525023049,0.2323382532988895,0.44303942657021594,Medical Care Facilities,Healthcare,ENSG
2013Q4,2013,Q4,2014-02-13,2013-12-31,13356000.0,237008000.0,25115000.0,0.3043616972790666,45608000.0,0.19243232295956256,760315000.0,356096000.0,210996000.0,112456000.0,403058000.0,0.0,257502000.0,971328070.0000001,1164879070.0,8.114853470671346,1.8762538237177206,0.34105074870284025,0.72819127426312,0.02486228227793894,8.114853470671346,0.03750673975557153,4.098292336123675,18.18149277478287,2.727714071486341,0.1081162024558251,0.0,0.0014866243904595488,0.31172343042028633,1.6240663014868038,0.017566403398591373,-35.242845687747185,0.19243232295956256,0.295156158634326,0.5897757568781884,0.7887668353458612,1.1350634528112162,0.14925034647851834,0.2763761467889908,0.23786288136428607,0.08247624892465837,0.2978203998496553,0.47615849605179994,Medical Care Facilities,Healthcare,ENSG
2013Q3,2013,Q3,2013-11-07,2013-09-30,10464000.0,229261000.0,20289000.0,0.235,39685000.0,0.17309965497838709,738240000.0,340536000.0,185309000.0,150873000.0,396470000.0,0.0,245710000.0,901994510.0,1068397510.0,7.760266168360603,1.228244947737501,0.28771131339401823,0.6237226020156459,0.02263836762075552,7.760266168360603,0.03072802875466911,3.9343565194254584,21.549945288608562,2.6487493539596403,0.13742354740061163,0.0,0.0015942447365893612,0.31055076939748594,1.0088485017199897,0.014174252275682704,40.95507219397022,0.17309965497838709,-0.14545454545454556,0.44014827786881766,0.8436253425588547,1.1429267988591296,-0.028162115832006857,-0.15387725398237245,-0.12892838742916024,0.0011990789665529819,0.31718804085145696,0.4885620049672865,Medical Care Facilities,Healthcare,ENSG
2013Q2,2013,Q2,2013-08-07,2013-06-30,12367000.0,220086000.0,23292000.0,0.275,40835000.0,0.1855411066583063,723592000.0,329165000.0,169380000.0,145001000.0,393341000.0,0.0,236689000.0,781677840.0,968349840.0,7.529278558031017,1.1681298749663795,0.29598309544605245,0.6506493703765589,0.026280108041428128,7.529278558031017,0.03757082314340832,3.5516927019437854,15.80168674698795,2.374729512554494,0.1161154685857524,0.0,0.0018370739536379848,0.3041575915709405,0.9531934262522327,0.017091123174385565,-239.4846323529412,0.1855411066583063,1.9821428571428572,0.7798212941003912,0.7905577569129187,1.173983578919137,0.05174367691752949,2.0181114678521443,3.165891761205133,0.21992698328574994,0.3221407400684629,0.5121694803249799,Medical Care Facilities,Healthcare,ENSG
2013Q1,2013,Q1,2013-05-01,2013-03-31,-12147000.0,218201000.0,-10754000.0,-0.28,38826000.0,0.17793685638470952,711500000.0,315867000.0,174808000.0,153966000.0,394584000.0,0.0,225760000.0,729445680.0,892838680.0,7.255305953693495,1.1353675486795787,0.28942937456078704,0.6519484466563459,-0.016101987781609,7.255305953693495,-0.03845605903750629,3.3429987946893003,-15.012877253642875,2.309344375955703,0.0,0.0,0.0,0.3066774420238932,0.936518452125794,-0.017072382290934645,44.300114174662944,0.17793685638470952,-7.222222222222222,-2.8058593930865743,0.8058745774395122,1.1869193200224877,0.07610864745011087,-7.2710376871450695,-2.830468085106383,-2.2348332620954596,0.3449420990502828,0.5218338973646688,Medical Care Facilities,Healthcare,ENSG
2012Q4,2012,Q4,2013-02-13,2012-12-31,1937000.0,211101000.0,5875000.0,0.045,36080000.0,0.17091344901255798,690862000.0,326471000.0,167599000.0,121347000.0,362978000.0,0.0,239344000.0,586575750.0,753344750.0,7.555450127285351,1.3811548699184981,0.3006273322313284,0.6361728913134704,0.006402981887524996,7.555450127285351,0.005933145669906362,2.778649793226939,75.70673076923076,1.7967162473849132,1.409912235415591,0.0,0.004655835158545167,0.30556174749805315,1.156229655450897,0.0028037437288488875,31.95031047442671,0.17091344901255798,-0.8500000000000001,-0.7049684180224866,0.8378272653583966,1.3885749471239328,-0.0724697292989537,-0.8542951707537235,-0.7512806401083781,-0.7873770810442012,0.37392181976415195,0.6609510588573708,Medical Care Facilities,Healthcare,ENSG
2012Q3,2012,Q3,2012-11-07,2012-09-30,13294000.0,207150000.0,23621000.0,0.3,38899000.0,0.18778180062756455,667948000.0,319486000.0,155749000.0,103724000.0,337373000.0,0.0,238831000.0,666342880.0,833746880.0,7.434056217423678,1.5015714781535614,0.29857414050195524,0.6242276656880114,0.02880838033281603,7.434056217423678,0.04161058700537739,3.216716775283611,12.530895140664963,2.0856716100236006,0.09756281029035656,0.0,0.0019464453495773827,0.31012893219232635,1.295302919285797,0.019902746920418955,41.234089108910894,0.18778180062756455,0.052631578947368474,0.8709737992256542,0.25083013189632436,2.1168895561582026,0.01455361101692705,0.06727681438664097,0.01981694154218116,0.6594482158914612,0.4951678365164824,0.710124503912726,Medical Care Facilities,Healthcare,ENSG
2012Q2,2012,Q2,2012-08-01,2012-06-30,12456000.0,204308000.0,23162000.0,0.285,38341000.0,0.18766274448381856,646921000.0,305102000.0,154122000.0,96876000.0,330472000.0,0.0,226843000.0,604073360.0,772437360.0,7.1392268813178585,1.590920351789917,0.31093286506389495,0.6592844360246737,0.027949697066380588,7.1392268813178585,0.04082569108036001,2.956679914638683,12.124144187540141,1.9799062608570248,0.10380539499036609,0.0,0.002140468502037567,0.3158159960798923,1.382943143812709,0.019254282980456654,58.16787289359653,0.18766274448381856,-0.0338983050847458,0.37584151368600205,0.28174675627989376,2.203319649262783,0.008708234675085504,-0.0347179169249845,-0.009705417076403438,0.466294050027942,0.48913574894714285,0.7142438437578009,Medical Care Facilities,Healthcare,ENSG
2012Q1,2012,Q1,2012-05-02,2012-03-31,12904000.0,202160000.0,23389000.0,0.295,38010000.0,0.18801939058171746,625208000.0,292507000.0,142963000.0,87054000.0,321178000.0,0.0,215685000.0,577177160.0,747413160.0,6.882193779116277,1.6422335561835182,0.3244584202377449,0.6935013521043941,0.029524141115808176,6.882193779116277,0.044115183568256486,2.8550512465373963,11.182136546807191,1.9732080257908358,0.09942653440793553,0.0,0.0022228876832201747,0.3233483896559225,1.455050887954603,0.020639531164028613,-338.12370240187465,0.18801939058171746,0.19623853211009162,0.9697193013095651,0.3029632479353198,2.3816310461896477,0.15077202543142598,0.24616127474649926,0.2342480211081794,0.5766374668023879,0.5020969212031076,0.7299351847654314,Medical Care Facilities,Healthcare,ENSG
2011Q4,2011,Q4,2012-02-16,2011-12-31,10355000.0,192662000.0,18950000.0,0.24660633484162897,33030000.0,0.17144013868848035,596339000.0,277485000.0,140639000.0,100387000.0,318854000.0,0.0,204073000.0,514377500.0,672663500.0,6.608359133126935,1.4009682528614262,0.31503892919966664,0.6770456060687965,0.026334759196958074,6.608359133126935,0.03731733246842172,2.6698440792683558,12.418577981651376,1.8537128133052236,0.112892322549493,0.0,0.0022726499506685264,0.32307462701584166,1.1544821540637733,0.01736428440870042,66.45704134366925,0.17144013868848035,-0.08664320429026313,0.16943830075527164,0.3682168266339815,2.4537793698621733,-0.11423974255832663,-0.10717365062941886,-0.20764341863187824,0.28810154539367205,0.5195931652316276,0.7386963448180739,Medical Care Facilities,Healthcare,ENSG
2011Q3,2011,Q3,2011-11-02,2011-09-30,11598000.0,196346000.0,23916000.0,0.27,37290000.0,0.18991983539262322,566781000.0,266267000.0,130688000.0,96027000.0,300514000.0,0.0,195001000.0,485194450.0,633945450.0,6.341200285782329,1.3609505659866497,0.3077043867031534,0.6549854093823118,0.03373068973065964,6.341200285782329,0.04355778222611138,2.4711196051867623,10.458580143128126,1.8222102250748309,0.10001724435247457,0.0,0.0023907940414404985,0.34642304523263834,1.1102606558572068,0.020462930126450958,31.481601998442773,0.18991983539262322,-0.09999999999999991,0.3098160707059043,0.39436372640213246,0.0,0.0009126046811251878,-0.1061960542540074,-0.00837548718799237,0.668142400495182,0.650080315886333,0.7510646844484219,Medical Care Facilities,Healthcare,ENSG
2011Q2,2011,Q2,2011-08-03,2011-06-30,12976000.0,186326000.0,24118000.0,0.3,37256000.0,0.19995062417483336,508276000.0,254871000.0,134453000.0,82200000.0,253405000.0,0.0,184572000.0,635424510.0,737463510.0,6.094767803338275,1.6356812652068127,0.275736017439344,0.5498860207712921,0.03692781975231737,6.094767803338275,0.050912030007337045,3.4102836426478325,12.242303290690506,2.4931220499782243,0.08924167694204685,0.0,0.0018224037344735096,0.3665842967206793,1.4088442822384428,0.02552943676270373,-686.2035745140389,0.19995062417483336,0.0169491525423729,0.47146746312337695,0.3286484807061171,0.0,0.02996793099635077,0.01804487682410168,0.0171221322537112,0.9523150490818175,0.5847705980730725,0.7597868135253932,Medical Care Facilities,Healthcare,ENSG
2011Q1,2011,Q1,2011-05-04,2011-03-31,12746000.0,182943000.0,23712000.0,0.295,36172000.0,0.19772278797220993,501003000.0,241943000.0,143804000.0,88722000.0,259060000.0,0.0,172757000.0,665868220.0,756716220.0,5.800877529490745,1.620838123577016,0.2830741532485833,0.5861752561553755,0.03743106058963757,5.800877529490745,0.05268183001781411,3.639757848072897,13.060336968460694,2.7521698085912796,0.0902243841205084,0.0,0.0017270684580801888,0.3651535020748379,1.4364757331890625,0.025440965423360738,68.73123658133774,0.19772278797220993,0.04918094585332415,0.44919769357397776,0.3079656075507129,0.0,0.09998783602968009,0.09201507882111035,0.1140763014470964,0.9779621406849532,0.5804319607632413,0.7485204929048481,Medical Care Facilities,Healthcare,ENSG
2010Q4,2010,Q4,2011-02-16,2010-12-31,11672000.0,172757000.0,21284000.0,0.281171709385238,32884000.0,0.19034829268857412,479892000.0,228203000.0,160008000.0,83366000.0,251689000.0,0.0,161168000.0,516201720.0,586619720.0,5.497277895548275,1.9193436173020175,0.2969543147208122,0.6244703180939777,0.03510055420062938,5.497277895548275,0.05114744328514524,2.9880220193682456,11.056411069225497,2.262028632401853,0.0891877998629198,0.0,0.002016653489647419,0.35999141473498203,1.697634527265312,0.02432213914797496,28.258702578420102,0.19034829268857412,0.1964753590861192,0.6475255393965405,0.4904242111489429,3.537455937606049,0.11237399364048441,0.18054010316577324,0.1449782129216203,0.8505242250693877,0.5655273601901563,0.7379057551138373,Medical Care Facilities,Healthcare,ENSG
2010Q3,2010,Q3,2010-10-28,2010-09-30,9887000.0,164653000.0,18589000.0,0.235,29562000.0,0.1795412169835958,425139000.0,216413000.0,127066000.0,74535000.0,208726000.0,0.0,150647000.0,372570200.0,443656200.0,5.213263634611678,1.7047829878580532,0.2540627888761088,0.4991012554698655,0.03461918004829145,5.213263634611678,0.04568579521562938,2.2627598646851257,9.42070901183372,1.7215703308026782,0.10508748862142207,0.0,0.0027887361898509327,0.38729215621243873,1.4625209633058294,0.02325592335683153,30.13834331014399,0.1795412169835958,0.021739130434782507,0.3955693118586014,0.4204897912501886,0.0,0.036390408077408495,0.027861524066950825,0.02735713496186581,0.4405518641219494,0.029284370956160852,1.185774024433158,Medical Care Facilities,Healthcare,ENSG
2010Q2,2010,Q2,2010-08-09,2010-06-30,9619000.0,157948000.0,18094000.0,0.23,28524000.0,0.18059108060880796,410735000.0,206544000.0,115839000.0,69872000.0,204191000.0,0.0,141802000.0,342641320.0,424776320.0,4.9791234752422735,1.6578743989008473,0.2641313742437338,0.5252536989697111,0.03485844220577401,4.9791234752422735,0.04657119064218762,2.1693299060450273,8.905325917455038,1.6589265241304516,0.10780746439338809,0.0,0.003026488457375777,0.3845496488003214,1.4173202427295626,0.023418992781233643,-124.14540579710145,0.18059108060880796,0.0454545454545455,0.35872251485759116,0.36363007308764983,0.0,0.04041435658009921,0.028990158322635858,0.02301125120144739,0.09459615461378904,0.020857606706538558,1.234096818814777,Medical Care Facilities,Healthcare,ENSG
2010Q1,2010,Q1,2010-05-05,2010-03-31,9348000.0,154174000.0,17687000.0,0.22,27416000.0,0.1778250548082037,402908000.0,197240000.0,124305000.0,71813000.0,205668000.0,0.0,133222000.0,357247220.0,424750220.0,4.767475587353766,1.730954005542172,0.2704215354373703,0.5523980936929629,0.03489572232076358,4.767475587353766,0.0473940377205435,2.3171690427698572,9.55410836542576,1.8112310890285945,0.110397946084724,0.0,0.0028887558593178137,0.3826531118766567,1.543230334340579,0.023201326357381834,91.36757544757033,0.1778250548082037,0.04348786379845847,0.3239534697319403,0.3345865716099591,0.0,0.07602339181286549,0.07534798113424594,0.09788950962135319,0.4658905356286622,0.020824132180476213,1.342544249054388,Medical Care Facilities,Healthcare,ENSG
2009Q4,2009,Q4,2010-02-17,2009-12-31,8693000.0,146615000.0,16110000.0,0.2108313930927435,25479000.0,0.17378167308938375,391348000.0,187559000.0,117327000.0,71768000.0,203789000.0,0.0,124910000.0,316867920.0,387478920.0,4.548869809856422,1.6348093857986847,0.2797152406553758,0.5836350161815749,0.03321285617453384,4.548869809856422,0.04634808247004942,2.1612244313337654,9.112732083285401,1.6894306324943085,0.10686759461635799,0.0,0.0029318209303106483,0.3746409844946186,1.4137359268754877,0.022212966464629946,26.139904306220096,0.17378167308938375,0.13962915185266767,0.23536647903269742,0.27347934179058647,2.7546394270598076,0.1606158611579283,0.1310174342961228,0.16477478128841008,-0.00021097899783352058,0.06034877987928415,1.3774120608419418,Medical Care Facilities,Healthcare,ENSG
2009Q3,2009,Q3,2009-11-02,2009-09-30,7686000.0,132924000.0,13831000.0,0.185,21953000.0,0.16515452438987693,321850000.0,179239000.0,89762000.0,57304000.0,142611000.0,0.0,117249000.0,289242480.0,327631480.0,4.347084788513776,1.566417702080134,0.18565791517787789,0.33337610676247914,0.03512628120230754,4.347084788513776,0.0428812925758345,2.1759989166741898,9.408095238095237,1.613725137944309,0.12047879260994016,0.0,0.0032014661193611673,0.412999844648128,1.2788810554237051,0.023880689762311638,55.16736219721533,0.16515452438987693,-0.05128205128205133,0.09226121682334204,0.15454569728219425,0.0,-0.052279399067518564,-0.06085043988269795,-0.04863117347640666,-0.11602687042187375,-0.03867797337952859,0.0,Medical Care Facilities,Healthcare,ENSG
2009Q2,2009,Q2,2009-08-06,2009-06-30,8184000.0,132178000.0,14538000.0,0.195,23164000.0,0.17524852849944772,314682000.0,171467000.0,102710000.0,58895000.0,143215000.0,0.0,110491000.0,292938780.0,319268780.0,4.16465073350821,1.7439510994142118,0.1907226978346394,0.35002070369225563,0.038168992521747526,4.16465073350821,0.047729300681763835,2.2162446095416786,8.948520894428151,1.7084265777088303,0.11326979472140762,0.0,0.003164483719089702,0.42003673549805837,1.4811274301723405,0.02600720727591664,189.35926308985134,0.17524852849944772,0.026315789473684233,0.16472712837760511,0.14973919980658848,0.0,0.03480008934554389,0.03294206739871261,0.005463725015561242,-0.05737980171915507,-0.04268006000552564,0.0,Medical Care Facilities,Healthcare,ENSG
2009Q1,2009,Q1,2009-05-06,2009-03-31,7923000.0,130285000.0,14459000.0,0.19,22385000.0,0.171815634954139,308330000.0,163683000.0,101186000.0,61270000.0,144647000.0,0.0,103234000.0,318043120.0,345259120.0,3.9782957417849505,1.6514770687122573,0.19549184315506113,0.3682483825443082,0.03874829191926297,3.9782957417849505,0.04840453803999194,2.441133822005603,10.035438596491229,1.9430430771674518,0.1167487062981194,0.0,0.0029084106582780347,0.42255051405961147,1.4374408356455035,0.025696494016151525,58.015892010215246,0.171815634954139,-0.00757093777834335,0.12834959932741088,0.13404433263184762,0.0,0.023735479740235984,0.00814352971115918,0.03544829561730163,-0.08682034003135654,-0.055748249125694566,0.0,Medical Care Facilities,Healthcare,ENSG
2008Q4,2008,Q4,2009-02-18,2008-12-31,7859000.0,123947000.0,13964000.0,0.19144945188794155,21866000.0,0.17641411248356154,296901000.0,156021000.0,104448000.0,57637000.0,140880000.0,0.0,96237000.0,343588499.99999994,362813499.99999994,3.8007551766138854,1.8121692662699307,0.203943402009424,0.3880951923138552,0.03894012954208249,3.8007551766138854,0.050371424359541346,2.772059832024978,10.929777961572718,2.202193935431769,0.10395724646901641,0.0,0.0023778444272727407,0.41746912270420106,1.5704148376910665,0.02647010282888909,23.27677664114897,0.17641411248356154,0.16029970841176688,0.12179800086748307,0.08136114077994257,2.1371452328213767,0.166248866606219,0.15624540238340445,0.17998985972621262,0.12179800086748307,0.08136114077994257,2.1371452328213767,Medical Care Facilities,Healthcare,ENSG
2008Q3,2008,Q3,2008-10-30,2008-09-30,6797000.0,116328000.0,11834000.0,0.165,18749000.0,0.161173578158311,282611000.0,148656000.0,114594000.0,53119000.0,133955000.0,0.0,89304000.0,350772250.0,355189250.0,3.6213398294762484,2.1573071782224815,0.2152216297313268,0.4091594015714132,0.03525968189542061,3.6213398294762484,0.04572301151652136,3.015372481259886,12.901730542886567,2.359623896781832,0.12093570692952774,0.0,0.0023434008819112687,0.4116187975698044,1.9014665185715092,0.024050726970995466,52.70015775240385,0.161173578158311,0.03125000000000003,-0.02979246572130264,0.014876570631975207,0.0,0.0006404440412019,0.042644577389170116,0.02078840679720521,-0.02979246572130264,0.014876570631975207,0.0,Medical Care Facilities,Healthcare,ENSG
2008Q2,2008,Q2,2008-08-06,2008-06-30,6519000.0,115318000.0,11593000.0,0.16,18737000.0,0.16248113911098008,276039000.0,142053000.0,109600000.0,52787000.0,133986000.0,0.0,83328000.0,235842000.0,245963000.0,3.463355763604447,2.076268778297687,0.22118251406504152,0.4298043687919298,0.03446568475209801,3.463355763604447,0.04589132225296192,2.0451447302242496,9.044408651633686,1.6602394880783933,0.12685994784476146,0.0,0.003506584917020717,0.4177598093023087,1.8165267963703184,0.023616228141675633,153.7431551499348,0.16248113911098008,0.03225806451612906,-0.06870298486317883,0.006899033025383464,0.0,0.021312547694320286,0.029207451847173983,0.029208096590909092,-0.06870298486317883,0.006899033025383464,0.0,Medical Care Facilities,Healthcare,ENSG
2008Q1,2008,Q1,2008-05-07,2008-03-31,6334000.0,113779000.0,11264000.0,0.155,18346000.0,0.16124240852881463,270447000.0,136008000.0,118272000.0,53306000.0,134439000.0,0.0,77632000.0,190016460.0,198877460.0,3.3175919601912383,2.218737102765167,0.2340828332353474,0.4654652667490148,0.03394243147372963,3.3175919601912383,0.04657078995353214,1.6700486029935224,7.499860277865487,1.3970976707252514,0.12930217871802968,0.0,0.004310152920436471,0.42070719956220626,1.9659325404269687,0.023420485344633143,48.74716777834787,0.16124240852881463,0.02012843152994052,-0.09469043484200128,-0.006054081823110151,0.0,0.08057486158558134,0.016856638304703804,0.05182556727985806,-0.09469043484200128,-0.006054081823110151,0.0,Medical Care Facilities,Healthcare,ENSG
2007Q4,2007,Q4,2008-03-06,2007-12-31,6229000.0,108979000.0,10709000.0,0.15194165284417993,16978000.0,0.1557914827627341,267389000.0,129677000.0,120363000.0,57394000.0,137712000.0,0.0,72119000.0,295171200.0,307009200.0,3.163162259732657,2.0971355890859673,0.23774351226116258,0.49021800319254766,0.0342209820159114,3.163162259732657,0.04803473245062733,2.708514484441957,11.846652753250922,2.276203181751583,0.10563493337614384,0.0,0.002229214774341128,0.4075672522055881,1.7832351813778444,0.02329564791371373,-24.17058630854897,0.1557914827627341,0.1687819449552302,-0.10969793473805271,-0.04797306706418149,1.6108757188095244,0.2357522381541597,0.3947604120017913,0.35112288670199343,-0.10969793473805271,-0.04797306706418149,1.6108757188095244,Medical Care Facilities,Healthcare,ENSG
2007Q3,2007,Q3,2007-12-21,2007-09-30,4466000.0,104092000.0,7926000.0,0.13,13739000.0,0.13198900972216884,203404000.0,64426000.0,70955000.0,55130000.0,138978000.0,0.0,66708000.0,217986840.0,275397840.0,2.385088108988598,1.287048793760203,0.3138040549841694,0.9907335547760221,0.039923804921239606,2.385088108988598,0.06931983981622326,2.0941747684740424,12.202577250335871,3.383522801353491,0.14733542319749215,0.0,0.0030185308434215567,0.5117500147489725,0.9805369127516779,0.02195630371084148,-56.72309133489461,0.13198900972216884,-0.23529411764705885,-0.031225916528014715,0.3800751583652385,0.0,-0.13791805233105353,-0.21580333625987708,-0.236783822821377,-0.031225916528014715,0.3800751583652385,0.0,Medical Care Facilities,Healthcare,ENSG
2007Q2,2007,Q2,2007-06-30,2007-06-30,5695000.0,100269000.0,10385000.0,0.17,15937000.0,0.15894244482342498,195609000.0,59914000.0,70803000.0,49865000.0,135695000.0,0.0,62900000.0,216945648.6,268008648.6,2.228696372202784,1.4198937130251679,0.3271935340398448,1.0682311312881798,0.05018184927108769,2.228696372202784,0.09505290916981006,2.163636304341322,9.52351398595259,3.6209508395366696,0.11553994732221247,0.0,0.0030330177362220666,0.5125991135377207,1.1108192118720546,0.029114202311754572,-91.26867841817416,0.15894244482342498,0.4166666666666668,0.24130028150610022,0.33576912600666603,0.0,0.2281905055487053,0.3766014019821126,0.3490517017407119,0.24130028150610022,0.33576912600666603,0.0,Medical Care Facilities,Healthcare,ENSG
2007Q1,2007,Q1,2007-03-31,2007-03-31,4137000.0,97978000.0,7698000.0,0.12,12976000.0,0.13243789422115168,194319000.0,54623000.0,73968000.0,54032000.0,139696000.0,0.0,57863000.0,216594990.96,264455990.96,2.0351699180402876,1.368966538347646,0.33074480622069896,1.1766105852845872,0.03870243525346637,2.0351699180402876,0.07573732676711276,2.2106492371756925,13.08889237128354,3.9652708741738825,0.15881073241479332,0.0,0.0030333111448608355,0.5042121460073384,1.1262955285756588,0.02128973492041437,152.10322398876406,0.13243789422115168,-0.4309448855774348,-0.09682651087985278,0.30736189470686553,0.0,0.0,-0.2660989888238425,1.0334638909054552,-0.09682651087985278,0.30736189470686553,0.0,Medical Care Facilities,Healthcare,ENSG
