Quarters,Year,Quarter,FillingDate,Date,NetIncome,Revenue,OperatingIncome,EPSDiluted,GrossProfit,GrossProfitRatio,TotalAssets,CommonStockEquity,CurrentAssets,CurrentLiability,TotalLiability,Inventory,RetainedEarnings,MarketCap,EnterpriseValue,bookValuePerShare,currentRatio,debtToAssets,debtToEquity,roic,shareholdersEquityPerShare,roe,priceToSalesRatio,peRatio,pbRatio,payoutRatio,inventoryTurnover,dividendYield,assetTurnover,quickRatio,returnOnAssets,priceToFreeCashFlowsRatio,grossProfitMargin,epsdilutedGrowth,fiveYNetIncomeGrowthPerShare,fiveYRevenueGrowthPerShare,fiveYShareholdersEquityGrowthPerShare,grossProfitGrowth,netIncomeGrowth,operatingIncomeGrowth,threeYNetIncomeGrowthPerShare,threeYRevenueGrowthPerShare,threeYShareholdersEquityGrowthPerShare,Industry,Sector,Symbol
2023Q1,2023,Q1,2023-05-08,2023-03-31,26487000.0,275664000.0,216602000.0,0.71,122954000.0,0.4460284985,18082609000.0,3229683000.0,28499328000.0,1001648000.0,14859280000.0,0.0,3251677000.0,3431595661.56,16249453661.56,86.48325739375895,28.45243838154721,0.7192232050142764,4.026844739870755,0.009821314022077813,86.48325739375895,0.008201114474702316,12.448472276249348,32.38943313285763,1.062517795573126,0.36448068863971006,0.0,0.002813268506002045,0.015244702797035539,1.4373262862802103,0.0014647775661133856,34.86862431092821,0.44602849846189563,-0.14457831325301204,-0.7450556560071455,0.0020007823676034867,0.5840457570377107,-0.433496129745669,-0.13927793845253955,1.5516510184127135,1.6991713130661557,0.17318661302722274,0.4889958984271589,Credit Services,Financial Services,NNI
2022Q4,2022,Q4,2023-02-28,2022-12-31,30773000.0,217040000.0,84887000.0,0.83,217040000.0,1.0,19374044000.0,3198959000.0,17380390000.0,14637195000.0,16174142000.0,0.0,3234844000.0,3384094089.75,15791226089.75,85.78530074837438,1.1874126156001885,1.5110108142626288,9.151223882519282,0.0021873264355474816,85.78530074837438,0.009619691906023178,15.59202953257464,27.492396660627822,1.0578735425336805,0.31352159360478343,0.0,0.0028509845601582392,0.011202617274947863,1.3380889576179043,0.0015883622438351023,277.6350881737632,1.0,-0.7035714285714285,-0.29637927124992264,0.3840334710124425,0.6367722712032159,0.08939963559521957,-0.7063588999790072,-0.6955403641163221,-0.22313604873642348,-0.15007138012541352,0.43398544141350864,Credit Services,Financial Services,NNI
2022Q3,2022,Q3,2022-11-07,2022-09-30,104798000.0,346427000.0,278812000.0,2.8,199229000.0,0.5750966293,19563533000.0,3180614000.0,1595338000.0,358236000.0,16397174000.0,0.0,3208044000.0,2960161240.67,16212484240.67,85.0875348273229,4.453315691331971,0.7861072435127132,4.83524093146795,0.011879058532093338,85.0875348273229,0.032948984064083225,8.544834093964962,7.061588104424702,0.9306886156792368,0.08516383900456116,0.0,0.0030150384639114876,0.017707793372495652,10.213524045601224,0.005356803395378534,18.173096936342372,0.5750966293042978,0.23893805309734517,1.5159645997618953,1.0653502063617346,0.6742039198507631,0.11133485803536565,0.2310493486356001,0.3684091701063564,2.366176033897295,0.47071733461030296,0.44375746339644184,Credit Services,Financial Services,NNI
2022Q2,2022,Q2,2022-08-08,2022-06-30,85129000.0,320668000.0,203749000.0,2.26,179270000.0,0.5590517295,20624013000.0,3097382000.0,18937643000.0,107047000.0,17532868000.0,0.0,3127687000.0,3214795743.5,17213115743.5,82.13642065250545,176.90960979756557,0.7859456353135541,5.233243106597765,0.008072070376698964,82.13642065250545,0.02748417857403446,10.025308866179351,9.44095356312185,1.0379074145520313,0.10539299181242585,0.0,0.00279084604928338,0.015548283449976491,33.296327781254966,0.004127664194160467,11.485884660457106,0.5590517295146382,-0.5349794238683129,2.324986414879099,1.3862181578888557,0.6436083376773468,-0.598064647760063,-0.5395595123481497,-0.3423250979657975,2.672411610659839,0.5633285579963411,0.4164975055182545,Credit Services,Financial Services,NNI
2022Q1,2022,Q1,2022-05-09,2022-03-31,184886000.0,446017000.0,309802000.0,4.86,446017000.0,1.0,20989741000.0,3088313000.0,1245873000.0,113947000.0,17904678000.0,0.0,3092226000.0,3233175471.66,18157513471.66,81.18202187623235,10.933793781319386,0.8024602113956527,5.453926464059828,0.011944775324938981,81.18202187623235,0.059866341267870195,7.2489960509576985,4.371850047678028,1.0469066677049899,0.049019395735750676,0.0,0.0028031265483239643,0.02124928554382829,25.410506639051487,0.008808398350413185,19.05555735311279,1.0,0.44213649851632053,3.1086917191874606,1.7267202310394423,0.6285739643402082,0.1962627600967702,0.43159345551967915,0.4078581426208351,3.7177770460636426,1.0037502794372042,0.40911064245406376,Credit Services,Financial Services,NNI
2021Q4,2021,Q4,2022-02-28,2021-12-31,129147000.0,372842000.0,220052000.0,3.37,372842000.0,1.0,21678041000.0,2951206000.0,19808500000.0,14614000.0,18725203000.0,0.0,2940523000.0,3746315374.5600004,19179074374.56,76.9486210471155,1355.4468318051183,0.7909958745811027,5.810248759320766,0.008405515423953841,76.9486210471155,0.0437607540781633,10.04799720675246,7.252037164161769,1.269418459626336,0.07075657971149156,0.0,0.0024391966736311533,0.017199063328646718,192.66224168605447,0.005957503263325316,26.987633807053946,1.0,1.4420289855072466,0.44883127651007737,0.5770392179117244,0.579333053296344,0.36698344259169635,1.4304076179005607,0.0,5.35452076002045,0.9144810531548345,0.3627126152787674,Credit Services,Financial Services,NNI
2021Q3,2021,Q3,2021-11-08,2021-09-30,53138000.0,272748000.0,0.0,1.38,272748000.0,1.0,22402739000.0,2859254000.0,20752367000.0,14887000.0,19545776000.0,0.0,2843799000.0,3058324932.04,21282946932.04,74.08215019483636,1393.9925438301875,0.8220672481164022,6.44103601848594,0.0,74.08215019483636,0.018584567862806173,11.213005895698593,14.388596353080656,1.0696233814974117,0.15821069667657797,0.0,0.0027488903850357927,0.012174761309320258,70.40807415866192,0.002371942109400105,16.244183585663297,1.0,-0.3611111111111112,-0.3035192484949691,0.29288789324330666,0.6018715360170599,-0.03251689338985155,-0.3664015643816996,0.0,0.3146267346138538,0.1592636122768755,0.3106296534716283,Credit Services,Financial Services,NNI
2021Q2,2021,Q2,2021-08-05,2021-06-30,83867000.0,281915000.0,0.0,2.16,281915000.0,1.0,23028863000.0,2833800000.0,21482071000.0,451829000.0,20200245000.0,0.0,2812315000.0,2914521991.78,21828044991.78,73.1463940231926,47.54469279306994,0.8305452162358168,6.749421977556637,0.0,73.1463940231926,0.02959524313642459,10.338300522426973,8.687928481345464,1.0284854230291482,0.10105285750056638,0.0,0.0029078524793782813,0.012241811504111168,2.1682981836048594,0.003641821135502869,22.757790779670017,1.0,-0.325,2.529527238366081,1.2403653329085553,0.6437293583801362,-0.0933868031927552,-0.3214534215764009,0.0,0.7904470130269357,0.24190633307676432,0.3135180800289191,Credit Services,Financial Services,NNI
2021Q1,2021,Q1,2021-05-10,2021-03-31,123598000.0,310954000.0,0.0,3.2,310954000.0,1.0,20127376000.0,2752190000.0,19788116000.0,18754715000.0,19418107000.0,0.0,2736923000.0,2808022590.7,21418508590.7,71.29369302904875,1.055100863969407,0.9318012939192869,6.814469567871404,0.0,71.29369302904875,0.044908963407322894,9.030347224026704,5.6797492489765204,1.020286604740225,0.0682616223563488,0.0,0.003004605457214921,0.015449306457036427,0.03219057181087529,0.006140790533251826,91.28812063394018,1.0,-0.4754098360655737,1.876425805227678,0.9882861590718098,0.635513196966657,0.3113118431928209,-0.47403092033311917,0.0,0.15086560567629365,0.09341420742492797,0.30583046186652363,Credit Services,Financial Services,NNI
2020Q4,2020,Q4,2021-02-25,2020-12-31,234991000.0,237132000.0,0.0,6.1,237132000.0,1.0,450441000.0,2632042000.0,109752000.0,19320726000.0,20017811000.0,0.0,2621762000.0,2746463073.64,40273726073.64,68.27205283757547,0.005680531880634299,85.7858232265713,14.681168461597498,0.0,68.27205283757547,0.0892808701380905,11.582001052746993,2.921881129107072,1.043472358586983,0.035894991723087265,0.0,0.0030712227959507022,0.5264440847968991,0.08078143647397101,0.5216909650764473,383.26305800167455,1.0,2.2795698924731176,2.278760329302337,0.13137355433839112,0.6243379506497645,-0.13976325822846342,2.286449519600576,0.0,4.197158479237151,0.46265843082643754,0.3026218012621694,Credit Services,Financial Services,NNI
2020Q3,2020,Q3,2020-11-05,2020-09-30,71503000.0,275659000.0,0.0,1.86,275659000.0,1.0,710337000.0,2399485000.0,134234000.0,19215053000.0,19819695000.0,0.0,2393113000.0,2321943179.0,21440680179.0,62.26206246453544,0.006985877166198813,27.05061541212129,8.007990464620534,0.0,62.26206246453544,0.029799311102174007,8.423244584794983,8.118341814329469,0.9676839734359665,0.10718431394486945,0.0,0.003300683698599672,0.38806791705908605,0.01796476960016712,0.1006606723287679,9.47995026782944,1.0,-0.15837104072398184,0.7072850467683479,0.6771664483132019,0.5283562217768561,-0.07153322532730207,-0.17320367244050786,0.0,0.6650461816214637,0.5940598900038088,0.22508413538672,Credit Services,Financial Services,NNI
2020Q2,2020,Q2,2020-08-06,2020-06-30,86482000.0,296897000.0,0.0,2.21,296897000.0,1.0,1721120000.0,2336796000.0,88025000.0,548254000.0,20270422000.0,0.0,2331312000.0,1871570506.96,21530188506.96,59.606966782782436,0.1605551441485151,11.461233382913452,8.44154046823086,0.0,59.606966782782436,0.03700879323655124,6.303770354567409,5.4102891554311885,0.8009130908132331,0.0894174510302722,0.0,0.004131824032940519,0.1725022078646463,0.5171836411590248,0.050247513247187875,107.43186424200678,1.0,3.188118811881188,0.42939486213330424,0.568271957925505,0.5171385828725902,0.18098393781971217,3.13367216026843,0.0,2.2491763759518237,1.1251791732941807,0.19277790302455095,Credit Services,Financial Services,NNI
2020Q1,2020,Q1,2020-05-07,2020-03-31,-40532000.0,251398000.0,0.0,-1.01,251398000.0,1.0,582215251.0,2320680000.0,79251.0,493218000.0,20954828000.0,0.0,2310282000.0,1814379890.7399998,22076265890.739998,58.08159544637569,0.00016068148364414923,35.153201440269385,8.819281417515556,0.0,58.08159544637569,-0.017465570436251444,7.217161197543337,-11.191033570635545,0.7818311403295585,-0.19604263298134808,0.0,0.004379457709244783,0.4317956281086838,0.6593372504653114,-0.06961686409001333,-10.67181848026068,1.0,-1.9528301886792454,-1.7250595185705373,0.3739944342013749,0.5094307847949575,-0.07982928757576645,-1.956394525719679,0.0,-1.8575950948601017,0.46330787809049623,0.16516159569809116,Credit Services,Financial Services,NNI
2019Q4,2019,Q4,2020-02-27,2019-12-31,42380000.0,273208000.0,0.0,1.06,273208000.0,1.0,3089389000.0,2386712000.0,249297000.0,793204000.0,21317876000.0,0.0,2377627000.0,2323556551.6800003,22471731551.68,59.82299280794236,0.3142911533476886,6.645020746820811,8.601395560084333,0.0,59.82299280794236,0.017756645963149305,8.504716376094406,13.706680932515338,0.973538722594096,0.18732892873997167,0.0,0.0034167449009407016,0.08843431500532953,1.6169787343482886,0.013717922864359263,17.712869831909074,1.0,0.2771084337349399,-0.33199598895140564,0.4255932457693037,0.6049406488317286,0.08725654841970376,0.27604480308322293,0.0,-0.5429525967324568,0.1109074510310064,0.2278378560005988,Credit Services,Financial Services,NNI
2019Q3,2019,Q3,2019-11-07,2019-09-30,33212000.0,251282000.0,0.0,0.83,251282000.0,1.0,2722399000.0,2350150000.0,87976000.0,676379000.0,21582054000.0,0.0,2343185000.0,2536185404.4,23337970404.4,58.93478439734215,0.1300690884844148,7.680795504259295,8.89738527328043,0.0,58.93478439734215,0.014131863923579346,10.092984791588734,19.090881341081538,1.079158949173457,0.21507286522943514,0.0,0.002816434471867746,0.09230167951134276,1.5043828977540699,0.012199534307792501,18.541128940615703,1.0,0.360655737704918,-0.5462062989246499,0.1641528472148221,0.6511905797907189,0.15348457166989524,0.3490393598440229,0.0,-0.5786779212346937,0.15285834913133117,0.2743414352730945,Credit Services,Financial Services,NNI
2019Q2,2019,Q2,2019-08-08,2019-06-30,24619000.0,217846000.0,0.0,0.61,217846000.0,1.0,2608738479.0,2322326000.0,79479.0,603282000.0,21893182000.0,0.0,2317115000.0,2365356838.9,23575148838.9,57.98557380618483,0.00013174435835977205,8.162639594353912,9.169337982694936,0.0,57.98557380618483,0.010601009505125466,10.857931010438568,24.019627512287258,1.0185291982693214,0.2912790933831593,0.0,0.0030316778771252314,0.08350626241519858,1.5361141224170454,0.009437128404468174,22.980693678105084,1.0,-0.4077669902912622,-0.61861122897606,0.08596337253599853,0.7078944689634757,-0.0778341721944013,-0.40806905340097616,0.0,0.002233436458457803,0.6746470903268935,0.30303880732006244,Credit Services,Financial Services,NNI
2019Q1,2019,Q1,2019-05-08,2019-03-31,41591000.0,236233000.0,0.0,1.03,236233000.0,1.0,2629943857.0,2325996000.0,87857.0,560208000.0,22391633000.0,0.0,2321407000.0,2254444792.8,24015286792.8,57.6122409627453,0.0001568292491360352,8.302733513447773,9.387687253116514,0.0,57.6122409627453,0.017880942185627146,9.543310175970335,13.551277877425406,0.9692384650704473,0.17388377293164387,0.0,0.003207885162278878,0.08982435095381582,1.6700618341758775,0.015814406033535337,-13.706664677342868,1.0,0.9433962264150942,-0.35040180418580685,0.21116760278856223,0.771791857791867,0.13996660682919296,0.9231943031536114,0.0,-0.0745047351160277,0.44429667798879086,0.32165380131171706,Credit Services,Financial Services,NNI
2018Q4,2018,Q4,2019-02-27,2018-12-31,21626000.0,207228000.0,0.0,0.53,207228000.0,1.0,2832670000.0,2304464000.0,180878000.0,697764000.0,22906189000.0,0.0,2299556000.0,2136028688.2400002,24233421688.24,56.46724054974296,0.25922518215327817,7.843744594322671,9.641608634372245,0.0,56.46724054974296,0.009384394809378667,10.30762584322582,24.69283140941459,0.9269091156294914,0.33755664477943215,0.0,0.003417557095646922,0.07315642132687535,1.3573858783198904,0.007634493251949574,43.77825644040007,1.0,-0.49523809523809526,-0.6503736613605052,0.05590220732641676,0.8198879526630714,-0.1706434648971849,-0.49621450369231485,0.0,-0.7149565068357361,-0.06601310011567858,0.34347625391652215,Credit Services,Financial Services,NNI
2018Q3,2018,Q3,2018-11-08,2018-09-30,42927000.0,249866000.0,0.0,1.05,249866000.0,1.0,2418930665.0,2316864000.0,87665.0,536628000.0,22777797000.0,0.0,2307573000.0,2335551225.7,24503447225.7,56.52409130115874,0.00016336270190895743,9.198871766752356,9.60411703060689,0.0,56.52409130115874,0.01852806207010856,9.347215010045383,13.601877755841311,1.008065741321027,0.15200223635474178,0.0,0.0027937730194910883,0.10329605706164381,1.6310199989564464,0.017746271367393658,25.82003455530374,1.0,-0.13223140495867763,-0.2249712102349233,0.3752759584010592,0.9074311030070138,0.04297264693973812,-0.13164761808435319,0.0,-0.03630435645391832,0.42935050076975223,0.3875053796943572,Credit Services,Financial Services,NNI
2018Q2,2018,Q2,2018-08-07,2018-06-30,49435000.0,239571000.0,0.0,1.21,239571000.0,1.0,2333734910.0,2276869000.0,79910.0,464000000.0,22922541000.0,0.0,2271171000.0,2388187298.97,24788684298.97,55.687390326277175,0.0001722198275862069,9.627641898710767,9.86809693486977,0.0,55.687390326277175,0.02171183322360663,9.968599283594424,12.07741124188328,1.0488909546267264,0.13164761808435319,0.0,0.0027250793950737585,0.10265561824243354,1.7927133620689655,0.021182782923704048,-102.66474503353108,1.0,-0.5647482014388489,-0.44316764868543423,0.03288507559433077,0.9678387145083813,-0.20587182359999734,-0.5660741716041255,0.0,-0.21656380792595503,0.21336765414825665,0.4173760720178888,Credit Services,Financial Services,NNI
2018Q1,2018,Q1,2018-05-08,2018-03-31,113925000.0,301678000.0,0.0,2.78,301678000.0,1.0,2167952594.0,2235753000.0,78594.0,436000000.0,21653176000.0,0.0,2231875000.0,2146217172.4799998,23304280172.48,54.59643890305883,0.00018026146788990827,9.791426740025848,9.49449648507684,0.0,54.59643890305883,0.050955986640742516,7.114264787223463,4.70971510309414,0.9599527194998732,0.057107746324336184,0.0,0.0030313800874504125,0.1391534117650545,1.6872935779816514,0.05254958079586126,71.81826972560567,1.0,1.376068376068376,0.9066578725668257,0.5719445622337328,1.077574875300867,0.7491520313559961,1.3684538782977484,-1.0,0.9884371926458022,0.6087331516549559,0.41885815957895534,Credit Services,Financial Services,NNI
2017Q4,2017,Q4,2018-02-27,2017-12-31,48101000.0,172471000.0,40228000.0,1.17,172471000.0,1.0,2055102000.0,2149529000.0,121162000.0,458000000.0,21799048000.0,0.0,2143983000.0,2246677404.18,23536498404.18,52.411262249275715,0.2645458515283843,10.391977137874422,9.935466327739706,0.0019447600145786742,52.411262249275715,0.02237746036457289,13.026406782473574,11.676874722874786,1.0451952051728541,0.13571443421134696,0.0,0.002905624095321603,0.08392332837980791,1.4166855895196506,0.023405650911730903,-43.05959452966881,1.0,0.0540540540540539,-0.03376094702593565,-0.04518237613516941,1.0986864995570198,-0.07500925146280375,0.038831177245534844,-0.41780395675644383,-0.26246027969500496,-0.12454971266490154,0.4060975770719835,Credit Services,Financial Services,NNI
2017Q3,2017,Q3,2017-11-07,2017-09-30,46303000.0,186457000.0,69097000.0,1.11,186457000.0,1.0,1910142941.0,2111851000.0,81941.0,417000000.0,22638270000.0,0.0,2106895000.0,2098442458.0,24084330458.0,50.82268283955966,0.0001965011990407674,11.643253770504078,10.531178099212491,0.0017877286298980828,50.82268283955966,0.021925315753810282,11.254297012179752,11.329948696628728,0.9936508105922246,0.12452756840809451,0.0,0.0027477522569265512,0.09761416069856313,2.030757793764988,0.024240594254040175,33.64991674283607,1.0,0.6323529411764706,0.42468224234156643,0.2519839592239613,1.0352092918959812,0.236173541774401,0.6112677036573059,0.6984244033134233,-0.39285732357364633,-0.17101721186992402,0.42391180357243974,Credit Services,Financial Services,NNI
2017Q2,2017,Q2,2017-08-07,2017-06-30,28737000.0,150834000.0,40683000.0,0.68,150834000.0,1.0,1934448784.0,2115194000.0,68784.0,417000000.0,23192678000.0,0.0,2110158000.0,1989770645.3999999,24828485645.4,49.9732319249341,0.00016494964028776978,11.781537039649017,10.774794179635533,0.0009897625364902413,49.9732319249341,0.013585987857378566,13.191791276502645,17.310180650381042,0.940703616500425,0.2055538156383756,0.0,0.0029686838599493593,0.07797259935107179,1.6389880095923262,0.01485539458975927,142.5950011036262,1.0,-0.42372881355932196,-0.2283112496551089,-0.023050718566762777,1.0541526005600013,-0.17054446870171078,-0.42555870947107505,-0.4694098467557874,-0.5787602185031687,-0.28853212871133405,0.471900695267768,Credit Services,Financial Services,NNI
2017Q1,2017,Q1,2017-05-08,2017-03-31,50026000.0,181847000.0,76675000.0,1.18,181847000.0,1.0,1755911560.0,2108187000.0,55560.0,438000000.0,24013553000.0,0.0,2100214000.0,1854920848.02,25341276848.02,49.848532307294995,0.00012684931506849316,13.43718928531913,11.191851576733942,0.001864395351726237,49.848532307294995,0.02372939402434414,10.200447893118941,9.269783952444728,0.8798654237124126,0.11785871346899612,0.0,0.00317857228587062,0.10356273296589037,1.5682397260273973,0.028490045364243745,39.16309534709906,1.0,-0.49137931034482757,0.28840429223732417,0.09990555970121624,1.1145954536207459,-0.3028381492031483,-0.49132654098794054,-0.4990493861844125,-0.254103333412752,-0.1099646399705151,0.533028783276329,Credit Services,Financial Services,NNI
2016Q4,2016,Q4,2017-02-27,2016-12-31,98346000.0,260839000.0,153059000.0,2.32,260839000.0,1.0,2066212000.0,2061655000.0,113626000.0,463000000.0,25109183000.0,0.0,2056084000.0,2147459200.25,26852783200.25,48.72222542706257,0.24541252699784016,11.938992707427893,11.965382180820749,0.0037010780766669675,48.72222542706257,0.047702452641203305,8.232891554752165,5.458938849190613,1.0416190876989604,0.05994143127325972,0.0,0.002745104539966917,0.12624019219712207,1.357254859611231,0.047597245587577657,47.04285308002366,1.0,0.17171717171717166,0.6833213260743516,0.35622105816126154,1.1472852902326458,0.11910605033508095,0.16670225638835504,0.15885310195490543,0.5334482787300295,0.281835446418142,0.5702731392290279,Credit Services,Financial Services,NNI
2016Q3,2016,Q3,2016-11-09,2016-09-30,84294000.0,233078000.0,132078000.0,1.98,233078000.0,1.0,1730421282.0,1972085000.0,926282.0,377000000.0,25688515000.0,0.0,1971862000.0,1721466138.81,27087561138.81,46.24724800281824,0.0024569814323607427,14.632782353863815,12.839648392437446,0.0030910165378526325,46.24724800281824,0.04274359370919611,7.385794192544985,5.105541731350986,0.8729168057208487,0.06051439011080267,0.0,0.0029631718481120837,0.13469436744941743,1.6757771883289125,0.04871299311724484,25.943667884528438,1.0,2.2459016393442623,1.0021335287655797,0.4442307667786735,1.1973983136263286,0.6830802336748915,2.2234799235181644,2.2046877274712475,0.46288833527545103,0.2331365957910811,0.5606343638335701,Credit Services,Financial Services,NNI
2016Q2,2016,Q2,2016-08-04,2016-06-30,26150000.0,138483000.0,41214000.0,0.61,138483000.0,1.0,1831951763.0,1897300000.0,1006763.0,418000000.0,26809582000.0,0.0,1894551000.0,1481590575.0,27822023575.0,44.50026620883438,0.002408523923444976,14.410688388851426,13.91434459495072,0.0009251161943537025,44.50026620883438,0.013782743899225215,10.698718073698577,14.16434584130019,0.7808942049227849,0.1949904397705545,0.0,0.0034415715691225967,0.0755931475909718,1.5044497607655503,0.014274393315453252,26.26188625567215,1.0,-0.4504504504504505,-0.20199805314824879,-0.04357544483339702,1.173868634733668,-0.20667846769897055,-0.45476533016409165,-0.43123292208329883,-0.717531909279312,-0.4274386869503352,0.5725166171120093,Credit Services,Financial Services,NNI
2016Q1,2016,Q1,2016-05-05,2016-03-31,47961000.0,174561000.0,72462000.0,1.11,174561000.0,1.0,1746780390.0,1878254000.0,970390.0,361000000.0,27702421000.0,0.0,1873500000.0,1696378182.04,28995235182.04,43.591022781886004,0.0026880609418282546,15.657315113321143,14.561337816929978,0.0016432448928934765,43.591022781886004,0.025534885058144427,9.717967828094476,8.842487552594816,0.9031676131343257,0.10619044640437021,0.0,0.003002278651023059,0.09993299730139517,1.6950360110803324,0.027456800107539564,19.01002041821686,1.0,-0.4032258064516129,-0.022975658838732912,0.020735700669010416,1.1979375222092163,-0.28385818372772326,-0.42458308338332335,-0.44648736183572296,-0.23714112029550258,-0.13554368932834993,0.658782432332599,Credit Services,Financial Services,NNI
2015Q4,2015,Q4,2016-02-25,2015-12-31,83350000.0,243752000.0,130913000.0,1.86,243752000.0,1.0,2678112000.0,1884432000.0,883969000.0,429000000.0,28593747000.0,0.0,1881708000.0,1505099603.34,29614252603.34,42.03069491189652,2.0605337995337996,10.519605602752984,14.950224789220306,0.0027786433521195682,42.03069491189652,0.044230834543246986,6.174716939102038,4.5143959308338335,0.7987019979176748,0.06437912417516496,0.0,0.003565212553436457,0.09101635779235522,1.5422237762237763,0.031122671493947974,18.81256925617149,1.0,0.7064220183486238,0.05248766001910512,-0.042153965457506284,1.233179167680036,0.26874209482565675,0.7025840057195384,0.7230836053490576,0.5315841912125253,0.234404005725813,0.6830209423131406,Credit Services,Financial Services,NNI
2015Q3,2015,Q3,2015-11-05,2015-09-30,48955000.0,192121000.0,75976000.0,1.09,192121000.0,1.0,1741566911.0,1835153000.0,959911.0,382000000.0,29209996000.0,0.0,1830387000.0,1559103561.97,30272208561.97,40.737925869238786,0.0025128560209424083,16.552681850993206,15.708555635415685,0.0015972797748512889,40.737925869238786,0.026676249882162415,8.115216774688868,7.961921979215606,0.8495768810393466,0.09163517516086202,0.0,0.0028772944334318176,0.11031502653531984,1.8017801047120419,0.028109743984450333,13.904056450554252,1.0,-0.2922077922077922,145.51903186268166,0.263452751494932,1.3604228463157397,-0.13411034041383288,-0.30960808924114,-0.3174929706519103,0.38943507537004485,0.18994594384730223,0.6313622309821927,Credit Services,Financial Services,NNI
2015Q2,2015,Q2,2015-08-06,2015-06-30,70909000.0,221877000.0,111319000.0,1.54,221877000.0,1.0,1723938746.0,1805192000.0,918746.0,372000000.0,28441331000.0,0.0,1801457000.0,1989939233.65,29878082233.65,39.28907184597536,0.002469747311827957,16.282726439747876,15.549826832824431,0.0023752816469217453,39.28907184597536,0.03928058622019154,8.96865936374658,7.0158203953306355,1.1023421517766532,0.06429367217137458,0.0,0.002291024732266703,0.12870352877375377,1.9810430107526882,0.04113197186647605,32.3619976199382,1.0,0.10000000000000009,0.5353455289784416,0.23540015538243705,1.235904576729862,0.04669330452544827,0.09486605419593916,0.08671756023273068,0.7541359099796257,0.3238725947845156,0.6149795800125337,Credit Services,Financial Services,NNI
2015Q1,2015,Q1,2015-05-07,2015-03-31,64765000.0,211979000.0,102436000.0,1.4,211979000.0,1.0,1681817555.0,1781222000.0,922555.0,360000000.0,28174301000.0,0.0,1762711000.0,2190470718.8,30046023718.8,38.479137984631436,0.002562652777777778,16.538847461370445,15.615865961682486,0.0021896474000716163,38.479137984631436,0.03635986979725155,10.333432645686601,8.455457109549911,1.2297572783179187,0.07124218327800509,0.0,0.0021063965659982326,0.12604161454361795,1.8985194444444444,0.03850893327130243,18.106655194418728,1.0,-0.11960405374196798,0.2804840162688027,0.1638348233151374,1.2795829015088822,-0.04668984219355013,-0.12017225686378395,-0.014612091770477611,0.5239151723679318,0.17140246758120076,0.6323010222236645,Credit Services,Financial Services,NNI
2014Q4,2014,Q4,2015-02-27,2014-12-31,73611000.0,222361000.0,103955000.0,1.5901936009024729,222361000.0,1.0,2714336000.0,1725448000.0,900992000.0,346000000.0,28372465000.0,0.0,1702560000.0,2144643034.6999998,30182805034.7,37.27427107755594,2.604023121387283,10.325674492767291,16.243520523365525,0.002484438606412748,37.27427107755594,0.042661963733476756,9.644870434563614,7.283704319666898,1.2429485181239885,0.06287103829590686,0.0,0.002157934875463963,0.08192095599071007,1.947728323699422,0.027119339683812173,23.939755926773454,1.0,-0.1357643473356126,0.33855665708165117,0.09219156404556195,1.3620201357755093,-0.11527688255468818,-0.13621375514849976,0.0,0.15172607981719494,0.05684849674176442,0.6427511938837455,Credit Services,Financial Services,NNI
2014Q3,2014,Q3,2014-11-06,2014-09-30,85219000.0,251334000.0,0.0,1.84,251334000.0,1.0,1775873017.0,1657289000.0,927017.0,304000000.0,29041092000.0,0.0,1633577000.0,2000784181.2,30797131181.2,35.69229689089667,0.0030493980263157894,16.182157015115006,17.340039063796358,0.0,35.69229689089667,0.05142072384478507,7.960658650242308,5.869536667879229,1.207263296383431,0.054330607024255156,0.0,0.0023140926660181254,0.1415270109934893,2.0386973684210528,0.04798710222196027,21.301707527202264,1.0,0.14285714285714285,0.9621804692919036,0.5697949836868537,1.4320956920530874,0.07843212975477891,0.13634424087260313,-1.0,0.8588690374200808,0.4302189798672506,0.695888866570551,Credit Services,Financial Services,NNI
2014Q2,2014,Q2,2014-08-07,2014-06-30,74994000.0,233055000.0,118765000.0,1.61,233055000.0,1.0,1795924355.0,1579742000.0,920355.0,298000000.0,29790894000.0,0.0,1552988000.0,1927712089.11,31328173089.11,33.951496922041315,0.0030884395973154364,16.421938885059554,18.66922573432877,0.0024358349761147403,33.951496922041315,0.04747230876940665,8.271489944905708,6.4262210613849104,1.2202702017861145,0.06191161959623437,0.0,0.0024085546935297864,0.1297688287099375,2.165832214765101,0.041757883505065554,31.096142875048393,1.0,0.012578616352201269,8.732705673307262,1.0766050164262444,1.4688778125604616,0.03681838605919592,0.01637166942238365,0.0335479940823253,1.0970314132388739,0.4748873110578611,0.6585539941428481,Credit Services,Financial Services,NNI
2014Q1,2014,Q1,2014-05-08,2014-03-31,73786000.0,224779000.0,114910000.0,1.59,224779000.0,1.0,1607329312.0,1512919000.0,768312.0,385000000.0,25973333000.0,0.0,1482637000.0,1902991805.3,27539752805.3,32.51637076295506,0.0019956155844155846,15.920375998219834,16.91385130334142,0.0027414373575346596,32.51637076295506,0.048770621560043866,8.466056906116675,6.447672340620172,1.2578279506701946,0.06289811075271731,0.0,0.0024387913742320937,0.1398462644349511,1.6357740259740259,0.04590596304635798,22.268152838821408,1.0,0.04905541732841747,2.0615612116557176,0.6822390340894519,1.3792812221185538,0.004594392874221791,0.04631310266591038,0.05767460697323368,0.39198570323581355,0.21720988753872467,0.6395337118739083,Credit Services,Financial Services,NNI
2013Q4,2013,Q4,2014-02-27,2013-12-31,70520000.0,223751000.0,108644000.0,1.5156491961589427,223751000.0,1.0,2399148000.0,1443662000.0,791195000.0,372000000.0,26326859000.0,0.0,1413492000.0,1960686422.38,27852708422.38,31.027866560198685,2.1268682795698926,10.8185443332383,17.97878520041395,0.002594551886311268,31.027866560198685,0.04884799904686831,8.762805182457285,6.9508168689024386,1.3581339831484103,0.06575439591605219,0.0,0.002364988071050815,0.09326269158884737,1.6531586021505376,0.029393768121016295,10.93620413634234,1.0,0.12270310826588339,1.3996395979173213,0.44389660968820616,1.3673109878658567,0.08565869469230508,0.12239376094222505,0.16209220237458552,-0.14192746378450755,-0.1527476293149968,0.6485757698043534,Credit Services,Financial Services,NNI
2013Q3,2013,Q3,2013-11-07,2013-09-30,62830000.0,206097000.0,93490000.0,1.35,206097000.0,1.0,1785162877.0,1377863000.0,737877.0,301000000.0,25159015000.0,0.0,1347609000.0,1787794731.4,26594858731.4,29.63362147762508,0.002451418604651163,13.925034695867698,18.041311073742456,0.002403004872863639,29.63362147762508,0.04559959879900977,8.674530591905754,7.113619017189242,1.2975126927713423,0.07380232373070189,0.0,0.0025936982129759504,0.11544996966682945,2.1258172757475085,0.03519566803091212,37.83052036480596,1.0,-0.37788018433179715,1.7938278715751503,0.468609070722031,1.3900347531573896,-0.2208259138699543,-0.379413885404423,-0.4030127136772603,180.6995972985459,0.3131305117467627,0.7170210721915197,Credit Services,Financial Services,NNI
2013Q2,2013,Q2,2013-08-08,2013-06-30,101243000.0,264507000.0,156603000.0,2.17,264507000.0,1.0,1659702743.0,1319482000.0,745743.0,293000000.0,24983582000.0,0.0,1289416000.0,1746175644.8500001,26535759644.85,28.29875737056498,0.00254519795221843,14.876731453350379,18.71260994844947,0.0039160053999867895,28.29875737056498,0.07672935288241901,6.601623567051156,4.311842904818111,1.3233796632693742,0.04591922404511917,0.0,0.00266238967065616,0.15937010474652208,2.0421638225255974,0.061000682457750206,28.432396724741515,1.0,0.4863013698630137,1.4391381238704672,0.6793753540004712,1.3788217676430214,0.20966148667806936,0.48713994036340136,0.46636141464647884,1.1601569159929594,0.4512694818523206,0.6104559906292535,Credit Services,Financial Services,NNI
2013Q1,2013,Q1,2013-05-10,2013-03-31,68079000.0,218662000.0,106797000.0,1.46,218662000.0,1.0,1710730006.0,1226123000.0,888006.0,294000000.0,25418820000.0,0.0,1192822000.0,1570042743.1499999,26645153743.15,26.278927201192868,0.0030204285714285715,14.686816102996442,20.49156324447058,0.002593799926379344,26.278927201192868,0.055523793289906476,7.1802267570496925,5.76551779238091,1.2804936724537423,0.06824424565578226,0.0,0.0029591551059805297,0.1278179486143882,1.9640510204081634,0.03979529192872531,19.097256433289136,1.0,0.2028238383303315,2.02753923628912,6.060021951709562,1.401383865222174,0.06406937361311169,0.20208708549634496,4.822538436375532,0.3354058319385878,0.1910723242408832,0.5568174407067533,Credit Services,Financial Services,NNI
2012Q4,2012,Q4,2013-02-28,2012-12-31,56634000.0,205496000.0,18342000.0,1.21381032988726,205496000.0,1.0,2590343000.0,1165208000.0,879100000.0,344000000.0,25442682000.0,0.0,1129389000.0,1389942743.49,26422746743.49,24.97336417818403,2.5555232558139536,9.68938669512107,21.54021857041833,0.0004265645279307081,24.97336417818403,0.04860419770547404,6.763843303470627,6.135637353400783,1.1928709238951327,0.9190768796129534,0.0,0.03744830515054557,0.07933157886812674,1.4826686046511628,0.021863513828091492,38.452506251971116,1.0,0.5763770518016363,2.1398879967248585,0.38990374479761153,1.0168270282264629,0.21768913065377254,0.5377973281199088,-0.6881778926252082,0.021733389307427943,0.0014052890000039921,0.5825283054949892,Credit Services,Financial Services,NNI
2012Q3,2012,Q3,2012-11-09,2012-09-30,36828000.0,168759000.0,58822000.0,0.77,168759000.0,1.0,24048290960.0,1175821000.0,976960.0,349000000.0,23232606000.0,0.0,1124806000.0,1118294827.5,23908716827.5,24.971723076310123,0.0027993123209169054,0.9515892849959098,19.462227669007444,0.0015358323970943043,24.971723076310123,0.03132109394202009,6.62657889357012,7.5913355836591725,0.9510757398447554,0.12862495927012055,0.0,0.004235913359797777,0.007017504914619513,1.240484240687679,0.0015314185969080606,11.604782104498522,1.0,-0.11494252873563215,3.4436925399455465,0.06783466386357166,1.0680531687000347,-0.01666482149412361,-0.11030584142629367,0.04279534817756347,-0.16379704445576565,0.039416689632319805,0.7015890096029839,Credit Services,Financial Services,NNI
2012Q2,2012,Q2,2012-08-09,2012-06-30,41394000.0,171619000.0,56408000.0,0.87,171619000.0,1.0,24927733956.0,1144605000.0,979956.0,289000000.0,24124244000.0,0.0,1092715000.0,1082128265.0,24862123265.0,24.327906267192827,0.0033908512110726644,0.9562140723289738,20.824869714879807,0.0016624731219167638,24.327906267192827,0.036164441008033336,6.305410618870871,6.535538151664492,0.9454163357664871,0.11443687490940715,0.0,0.004377484770717083,0.006884661088846868,1.4165709342560553,0.001660560084324738,18.46729806986706,1.0,-0.043956043956043994,1.9489608210352452,0.14622070939911527,0.9684723198728293,-0.06573940499197038,-0.04049512065088894,-0.1520526735114171,4.312767368144987,0.5122972897596737,0.7690715713371186,Credit Services,Financial Services,NNI
2012Q1,2012,Q1,2012-05-10,2012-03-31,43141000.0,183695000.0,66523000.0,0.91,183695000.0,1.0,25019452168.0,1107716000.0,770168.0,278000000.0,24338439000.0,0.0,1056058000.0,1217505018.43,25217414018.43,23.573555037177982,0.002770388489208633,0.9616760926034038,21.72091853868681,0.0017201383087670713,23.573555037177982,0.03894590310151699,6.627861501020714,7.0553824576968545,1.099112966166418,0.10922324470920934,0.0,0.0038702099200184237,0.007342087219437474,1.5154424460431655,0.001724298346355383,12.390016978883631,1.0,-0.34091626828403643,2.1668747567311577,0.16908652758190065,0.9666110164652323,-0.1399160962271395,-0.3350544860432497,0.0,0.7724314612157276,0.36125525610415055,0.7249193413194606,Credit Services,Financial Services,NNI
2011Q4,2011,Q4,2012-02-28,2011-12-31,64879000.0,213578000.0,0.0,1.3807046907845246,213578000.0,1.0,25852217000.0,1066205000.0,677976000.0,351000000.0,24786012000.0,0.0,1017629000.0,1149839745.31,25541809745.31,22.69015004605364,1.9315555555555555,0.9451622659673636,22.91730014396856,0.0,22.69015004605364,0.06085039931345285,5.383699375918868,4.430708493156491,1.0784415242003178,0.07264291989703911,0.0,0.004098832049616933,0.00826149648983683,1.1812678062678064,0.0025096106844530973,12.1643982577096,1.0,0.40888233753522923,10.629458924398605,0.5642041232693898,0.7218031892624325,0.17422164067095866,0.367284145750353,-1.0,1.185989777471758,0.36470219520898306,0.7311741822833143,Credit Services,Financial Services,NNI
2011Q3,2011,Q3,2011-11-08,2011-09-30,47451000.0,181889000.0,71861000.0,0.98,181889000.0,1.0,25813663218.0,1011483000.0,601218.0,298000000.0,25224744000.0,0.0,957463000.0,902562048.6600001,25736980048.66,21.04636547504089,0.002017510067114094,0.965632494291574,24.643530341093225,0.0018294012316680606,21.04636547504089,0.046912305990313236,4.962158506891567,4.755231969083898,0.892315588754334,0.10138880107900781,0.0,0.005330381448170473,0.007046229683246501,1.6176476510067115,0.001838212562055593,21.370002335977272,1.0,0.28947368421052627,3.356299974825873,1.1233703343863917,0.6481074257425461,0.10882234604177081,0.27814141414141413,0.2340677645927427,1.0413514610159962,0.2539516756435373,0.6974484522919292,Credit Services,Financial Services,NNI
2011Q2,2011,Q2,2011-08-09,2011-06-30,37125000.0,164038000.0,58231000.0,0.76,164038000.0,1.0,24453350846.0,988784000.0,661846.0,278000000.0,23882727000.0,0.0,914823000.0,1065559304.7399999,24554631304.74,20.470540628728628,0.002380741007194245,0.9653242677725412,23.873174525477758,0.0015095024244946888,20.470540628728628,0.0375461172510882,6.495807707604335,7.175483533602693,1.0776461843435978,0.1306936026936027,0.0,0.004553477200580501,0.006708201302678843,1.6904244604316547,0.0015181968407439255,13.112962155303961,1.0,-0.327433628318584,-0.0878790241141056,-0.024708836936041836,0.47767868546658204,-0.14201579580521995,-0.3235240524781341,-0.33683719023323616,-0.13662029075008394,0.0053541103639485966,0.7207740610438087,Credit Services,Financial Services,NNI
2011Q1,2011,Q1,2011-05-10,2011-03-31,54880000.0,191190000.0,87808000.0,1.13,191190000.0,1.0,184090229.0,955367000.0,796229.0,273000000.0,24339332000.0,0.0,882550000.0,1051579850.1099999,25108756850.11,19.832694215107303,0.0029165897435897434,130.72987160008367,25.190415829728263,0.0021933173441244973,19.832694215107303,0.05744389328917578,5.500182279983262,4.7903601043640665,1.1007077386072577,0.061716472303206996,0.0,0.003220868105874894,1.0385667997620884,1.356084249084249,0.29811468157823845,13.3661245644741,1.0,-0.3602596376649783,0.18686626714358714,0.07167160467933703,0.4999204271441714,-0.3007409899860287,-0.3550131042344894,-0.355035844400047,1.8023008205877937,4.979099707824102,0.8123232933908336,Credit Services,Financial Services,NNI
2010Q4,2010,Q4,2011-03-03,2010-12-31,85087000.0,273418000.0,136144000.0,1.7663415762537695,273418000.0,1.0,907774000.0,906633000.0,721371000.0,315000000.0,24987259000.0,0.0,831057000.0,1141178499.73,25529849499.73,18.82101334285712,2.2900666666666667,27.179090830977753,27.213295787821533,0.003326426002786259,18.82101334285712,0.09384944073290957,4.173750447044452,3.3529754831231564,1.2586994955290618,0.2784796737456956,0.0,0.02076362287372762,0.30119611268884106,2.077990476190476,0.09373147942108939,6.567404639223314,1.0,235.89622894144526,1.2450261449071662,0.8560990799748346,0.5718084328913413,0.6551427723935034,232.21467391304347,230.1986531986532,3.569177388620845,0.79120932621595,0.5199685608094692,Credit Services,Financial Services,NNI
2010Q3,2010,Q3,2010-11-09,2010-09-30,-368000.0,165193000.0,-594000.0,-0.00751966766011421,165193000.0,1.0,215772702.0,844614000.0,692702.0,351000000.0,27741965000.0,0.0,769665000.0,1119709059.04,28497230059.04,17.258740709455715,0.0019735099715099715,126.94464010558667,32.43042147063629,-1.3033098900466864e-05,17.258740709455715,-0.0004357019893110936,6.778187084440623,-760.6719151086955,1.325705066503752,-9.334239130434783,0.0,0.003067761194095411,0.765588039955119,1.4258205128205128,-0.0017054984091546483,-23.131139278203566,1.0,-1.0075956238991053,-1.005601722693619,-0.06402493331918936,0.5538849189741043,-0.15028547914201945,-1.0073610305442762,-1.0074260210778982,0.9765058478135487,0.005708781322086031,0.42929638066593934,Credit Services,Financial Services,NNI
2010Q2,2010,Q2,2010-08-09,2010-06-30,49993000.0,194410000.0,79989000.0,0.99,194410000.0,1.0,220491889.0,873945000.0,669889.0,265000000.0,27694078000.0,0.0,773468000.0,958898473.44,28112909473.44,17.57189115084592,0.0025278830188679245,124.39809974143765,31.38500935413556,0.0017663675187085395,17.57189115084592,0.05720382861621727,4.932351594259555,4.795163690116617,1.0972068876645558,0.0701498209749365,0.0,0.0036573214966322907,0.8817104378837264,2.753554716981132,0.2267339638965132,16.841098623766204,1.0,-0.0833333333333334,31.451351866480046,0.6169234138085399,0.8023225713617572,-0.006180381251309945,-0.07969146938625235,-0.07968705056664557,2.3691947354305016,0.22830661639200212,0.42181497077306,Credit Services,Financial Services,NNI
2010Q1,2010,Q1,2010-05-10,2010-03-31,54322000.0,195619000.0,86915000.0,1.08,195619000.0,1.0,227033858.0,839213000.0,727858.0,247000000.0,26002732000.0,0.0,726982000.0,922741877.76,26348844877.76,16.87990288011094,0.0029467935222672065,113.44643581751582,30.69087585630823,0.0020425340552377583,16.87990288011094,0.06472969317682162,4.717036063777036,4.2466306365744995,1.099532392563032,0.06432016494238062,0.0,0.0037865410514171657,0.8616291936509312,2.943421052631579,0.23926827689286767,-4683.968922639594,1.0,-0.09090239777864313,-0.13852518804996242,0.16605252224189399,0.724990626647556,-0.10537363944022683,-0.08027021993464606,-0.030139707195143726,2.768925210666993,0.17668832019005282,0.40819672334255336,Credit Services,Financial Services,NNI
2009Q4,2009,Q4,2010-03-03,2009-12-31,59063000.0,218660000.0,89616000.0,1.1879912534815267,218660000.0,1.0,891396000.0,784563000.0,667535000.0,287000000.0,25091864000.0,0.0,676154000.0,856618672.08,25649606672.08,15.78067456453663,2.3259059233449477,27.827462766267743,31.61669489894374,0.002308063368244568,15.78067456453663,0.07528139868946152,3.917582877892619,3.6258684458967543,1.0918417922843673,0.05912330900902426,0.0,0.004076492976181448,0.24530062957428572,1.3367839721254355,0.06625899151443354,7.836025833623008,1.0,0.27740994998013613,0.3520696751275981,0.2977007994805307,0.8570661504406919,0.27821263013906833,0.2727997586414964,0.26388830124814894,9.285416175014992,0.5135868383300956,0.1974894718097047,Credit Services,Financial Services,NNI
2009Q3,2009,Q3,2009-11-09,2009-09-30,46404000.0,171067000.0,70905000.0,0.93,171067000.0,1.0,263895636.0,728074000.0,798636.0,278000000.0,26863788000.0,0.0,620583000.0,617166102.12,26868966102.12,14.675531479917437,0.002872791366906475,100.74472394837177,36.51564676118087,0.0016988985972004927,14.675531479917437,0.0637352796556394,3.6077449310504073,3.3249617604085855,0.8476694705757931,0.0,0.0,0.0,0.6482373206050289,2.7798525179856117,0.17584224090768974,10.529688495871152,1.0,4.8125,5.570688193152166,1.8135544114826618,0.9268124693254451,0.43179858884973676,4.656954772644155,4.021244954323349,3.232237622698472,0.9345739953850513,0.14921754245187238,Credit Services,Financial Services,NNI
2009Q2,2009,Q2,2009-08-10,2009-06-30,8203000.0,119477000.0,14121000.0,0.16,119477000.0,1.0,272968586.0,681187000.0,1134586.0,259000000.0,27429355000.0,0.0,574179000.0,673172672.67,27828574672.67,13.75179312208666,0.004380640926640927,99.53369872385242,39.88563052436409,0.00029453415274843483,13.75179312208666,0.012042214546079124,5.634328554198715,20.51605122119956,0.9882347617761348,0.0,0.0,0.0,0.4376950540381962,1.742992277992278,0.030051077012942434,14.870828679641246,1.0,-0.6923076923076923,-0.8957905500740589,-0.3660864335611816,0.8398632123646178,-0.15340792335981066,-0.6777450402671381,-0.6560551441932969,-0.8034722919493312,-0.3073095029571865,-0.007318274978286804,Credit Services,Financial Services,NNI
2009Q1,2009,Q1,2009-05-11,2009-03-31,25455000.0,141127000.0,41056000.0,0.52,141127000.0,1.0,282229087.0,671602000.0,1261087.0,292000000.0,27421535000.0,0.0,565976000.0,434418144.15999997,27321119144.16,13.666468032728774,0.004318791095890411,96.12902159868447,40.39655331580311,0.0009155813493759156,13.666468032728774,0.03790191214439504,3.0782071762313374,4.26653058495384,0.6468386695691793,0.0,0.0,0.0,0.5000441361311565,2.3102568493150684,0.0901926880413995,3.938371628952712,1.0,-0.1746031746031746,2.045989128685036,1.1730913192954262,1.3296994202103898,-0.13656859326150664,-0.1787914959512211,-0.11255214750448522,-0.46037307069772376,-0.2245755525960425,0.03357689816989909,Credit Services,Financial Services,NNI
2008Q4,2008,Q4,2009-03-03,2008-12-31,30997000.0,163449000.0,46263000.0,0.63,163449000.0,1.0,1330339000.0,643226000.0,1039360000.0,424000000.0,27211671000.0,0.0,540521000.0,703255569.15,27301367569.15,13.10679784753184,2.4513207547169813,20.13619009891464,41.64626274435424,0.0010994785679145833,13.10679784753184,0.04818990525880484,4.302599398895068,5.67196478005936,1.0933257815293538,0.0,0.0,0.0,0.12286266883854416,1.659936320754717,0.02330007614600489,11.078554626726948,1.0,0.31250000000000006,0.7857948316500057,0.0,0.9315448975009394,0.10123767879641296,0.30321631280218625,0.22538009217566352,-0.19721474853868662,0.08912531214718657,0.09459437755359665,Credit Services,Financial Services,NNI
2008Q3,2008,Q3,2008-11-10,2008-09-30,23785000.0,148423000.0,37754000.0,0.48,148423000.0,1.0,302437266.0,609730000.0,65266.0,355000000.0,28360285000.0,0.0,509524000.0,698305391.1999999,28378133391.2,12.398824510178004,0.00018384788732394365,92.59717021777337,45.92989519951454,0.0008312200447569272,12.398824510178004,0.039009069588178374,4.704832749641228,7.339766567164179,1.1452698591179702,0.0,0.0,0.0,0.4907563210150167,2.547360563380282,0.07864440885403322,10.104698383665909,1.0,-0.4606741573033708,2.8952746134140406,0.0,0.0,-0.10502831024897341,-0.4557830911794989,-0.3902679306836351,-0.6396960161851595,-0.16311464855073646,0.11632399742910815,Credit Services,Financial Services,NNI
2008Q2,2008,Q2,2008-08-11,2008-06-30,43705000.0,165841000.0,61919000.0,0.89,165841000.0,1.0,311831615.0,584042000.0,61615.0,318000000.0,27847883000.0,0.0,485739000.0,551338568.19,27943121568.19,11.896123431981158,0.00019375786163522012,88.2855864374111,47.13742676040422,0.0015196548344704127,11.896123431981158,0.07483194701750902,3.3245009870297455,3.153749961045647,0.9440049999657558,0.0,0.0,0.0,0.5318286922254499,2.1571823899371068,0.14015576964510157,5.022075987994499,1.0,1.6267605633802817,6.169427578048821,0.0,0.0,4.080757329738672,1.625921947726459,1.611872010751413,27.968418759053954,0.3973002517650063,0.22016757269367485,Credit Services,Financial Services,NNI
2008Q1,2008,Q1,2008-05-12,2008-03-31,-69825000.0,32641000.0,-101196000.0,-1.42,32641000.0,1.0,316227633.0,538107000.0,63633.0,353000000.0,29481709000.0,0.0,442034000.0,577777286.25,29582739286.25,10.943243011571399,0.00018026345609065155,92.11444529264146,54.13260373866164,-0.002353606199970068,10.943243011571399,-0.129760437979807,17.700967686345393,-2.068661962943072,1.0737219293746412,-0.049523809523809526,0.0,0.005985005091570438,0.1032199485236004,1.9786600566572239,-0.22080613050030323,7.8509815641433285,1.0,-4.6732600189383975,-12.436162600118864,0.0,0.0,-0.7905170809346862,-4.673260034720395,-4.26670540383498,-2.1195859460325113,-0.8032792394480742,0.11831162502298527,Credit Services,Financial Services,NNI
2007Q4,2007,Q4,2008-02-29,2007-12-31,19009000.0,155817000.0,30978000.0,0.38657758848511675,155817000.0,1.0,420711000.0,608879000.0,87389000.0,438000000.0,28553904000.0,0.0,515317000.0,624982919.85,28629065919.85,12.382501735979242,0.19951826484018265,66.8293175124967,46.17638151422532,0.0006673000818668026,12.382501735979242,0.03121966761868943,4.011005986830705,8.219565993082224,1.0264484730956398,0.0,0.0,0.0,0.37036588061638515,1.7218082191780821,0.045183035385335774,-897.9639653017242,1.0,2.20805496401599,0.09298841985598152,0.0,0.8248055951310136,-0.052916613482613374,2.211613232200905,2.1363069473993104,-0.5600305701385285,-0.06502558252437465,0.4571699541498886,Credit Services,Financial Services,NNI
2007Q3,2007,Q3,2007-11-09,2007-09-30,-15689000.0,164523000.0,-27262000.0,-0.32,164523000.0,1.0,29342464000.0,591893000.0,29000128000.0,517000000.0,28750571000.0,0.0,499768000.0,917128482.61,28994183482.61,12.07499084368667,56.09309090909091,0.9622282232330591,47.70143759091592,-0.000575798826338963,12.07499084368667,-0.02650648005636154,5.574469725266376,-14.614195975046211,1.5494835766092858,-0.22009050927401363,0.0,0.0037650122806930143,0.005606993332257304,1.6384700193423598,-0.0005346858396077439,5.845901956923587,1.0,-2.066666666666667,-3.577690936947616,0.0,0.0,0.045413531923546156,-2.0633726447065204,-1.7972510600965053,-3.2484125139555733,1.7386781038767172,0.5853765130376695,Credit Services,Financial Services,NNI
2007Q2,2007,Q2,2007-08-09,2007-06-30,14754000.0,157376000.0,34195000.0,0.3,157376000.0,1.0,28873374000.0,611178000.0,28467135000.0,471000000.0,28262196000.0,0.0,518910000.0,1208630342.4,28893770342.4,12.358774884253643,60.43977707006369,0.9625181317569605,45.471443671074546,0.0007354679849437672,12.358774884253643,0.024140266828976173,7.679889833265555,20.479706222041482,1.9775422911164995,0.23315710993628846,0.0,0.0028461969547853047,0.005450558012375,1.585728237791932,0.0005109898136601563,20.434001866504364,1.0,0.03448275862068969,1.402754852931808,0.0,0.0,-0.07684907641500026,-0.0017591339648173206,0.0,-0.8122590978253413,-0.16362899343366727,0.6534902072453366,Credit Services,Financial Services,NNI
2007Q1,2007,Q1,2007-05-10,2007-03-31,14780000.0,170477000.0,0.0,0.29,170477000.0,1.0,27606792000.0,611118000.0,27190311000.0,459000000.0,26995674000.0,0.0,507596000.0,1222043022.3899999,27638957022.39,11.986892598389316,59.23815032679739,0.9612664158878004,43.4244810331229,0.0,11.986892598389316,0.024185181912494805,7.168374750787495,20.670551799560215,1.9996842220160427,0.23437077131258457,0.0,0.0028345974213128044,0.006175183266494709,1.5794858387799564,0.0005353754974500478,32.44677859942118,1.0,3.022549142270862,1.334790662421445,0.0,0.0,0.15076750685153434,3.021887824897401,1.0,0.7047743838708284,1.5302934475720138,1.0433850699181613,Credit Services,Financial Services,NNI
