Quarters,Year,Quarter,FillingDate,Date,NetIncome,Revenue,OperatingIncome,EPSDiluted,GrossProfit,GrossProfitRatio,TotalAssets,CommonStockEquity,CurrentAssets,CurrentLiability,TotalLiability,Inventory,RetainedEarnings,MarketCap,EnterpriseValue,bookValuePerShare,currentRatio,debtToAssets,debtToEquity,roic,shareholdersEquityPerShare,roe,priceToSalesRatio,peRatio,pbRatio,payoutRatio,inventoryTurnover,dividendYield,assetTurnover,quickRatio,returnOnAssets,priceToFreeCashFlowsRatio,grossProfitMargin,epsdilutedGrowth,fiveYNetIncomeGrowthPerShare,fiveYRevenueGrowthPerShare,fiveYShareholdersEquityGrowthPerShare,grossProfitGrowth,netIncomeGrowth,operatingIncomeGrowth,threeYNetIncomeGrowthPerShare,threeYRevenueGrowthPerShare,threeYShareholdersEquityGrowthPerShare,Industry,Sector,Symbol
2023Q1,2023,Q1,2023-05-03,2023-03-31,-124000000.0,131000000.0,-114000000.0,-0.87,130000000.0,0.9923664122,2885000000.0,487000000.0,2543000000.0,764000000.0,2398000000.0,22200000.0,-1553948000.0,5110820000.0,6162789000.0,3.4055944055944054,3.3285340314136125,0.47175043327556326,2.7946611909650922,-0.06177646673221894,3.4055944055944054,-0.2546201232032854,39.01389312977099,-10.304072580645162,10.494496919917866,0.0,0.04504504504504504,0.0,0.04540727902946274,3.0900274869109947,-0.04298093587521664,-35.07360157016683,0.9923664122137404,-1.3513513513513513,-75.5336353787058,-0.2050021312791448,0.41617747992855403,-0.12162162162162163,-1.3846153846153846,0.4519230769230769,-1.5070183828529948,-0.04227684257976617,-0.6509153006364159,Biotechnology,Healthcare,IONS
2022Q4,2022,Q4,2023-02-22,2022-12-31,-52000000.0,152000000.0,-208000000.0,-0.37,148000000.0,0.9736842105,2534000000.0,573000000.0,2203000000.0,312000000.0,1961000000.0,22033000.0,-1429625000.0,5363340000.0,4721340000.0,4.035211267605634,7.060897435897436,0.5337549329123915,2.3604450261780103,-0.11685956345778979,4.035211267605634,-0.09075043630017451,35.28513157894737,-25.785288461538464,9.360104712041885,0.0,0.18154586302364634,0.0,0.05998421468034728,11.933964743589744,-0.020520915548539857,-26.137007129594885,0.9736842105263158,-0.12121212121212115,-17.645302257829574,-0.22455731025716924,0.5222412292366837,-0.06478275156080177,-0.10657133129043242,-2.517197064493219,-1.2799854829130954,-0.6942771193041889,-0.6132369592069613,Biotechnology,Healthcare,IONS
2022Q3,2022,Q3,2022-11-09,2022-09-30,-46992000.0,159767000.0,-59138000.0,-0.33,158252000.0,0.990517441,2421971000.0,594361000.0,2152126000.0,283454000.0,1827610000.0,20645000.0,-1377195000.0,6278448500.0,7187848500.0,4.187115181401902,7.5925053095034825,0.5075878282605366,2.0683776358139245,-0.031187060966380176,4.187115181401902,-0.07906306100164714,39.29753015328572,-33.40168805328567,10.563358800459653,0.0,0.07338338580770162,0.0,0.06596569488239125,7.014570265369337,-0.01940237930181658,-199.38545206262503,0.9905174410234905,0.5540540540540541,-41.184640169997515,0.157714585516484,0.6909273532021333,0.2263223966647552,0.5530318162362676,0.30842454860136587,-2.778422445664934,-0.05777283564107396,-0.5596001581530258,Biotechnology,Healthcare,IONS
2022Q2,2022,Q2,2022-08-09,2022-06-30,-105135000.0,133791000.0,-85512000.0,-0.74,129046000.0,0.9645342362,2456133000.0,624726000.0,2191148000.0,267811000.0,1831407000.0,19811000.0,-1330203000.0,5249213880.0,5950603880.0,4.405870488172983,8.181695300043687,2.424667963827692,9.532670322669459,-0.002759147269771702,4.405870488172983,-0.16828977823877989,39.23443191246048,-12.482079897274934,8.402425831484525,0.0,0.23951340164555046,0.0,0.05447221302755185,7.574662728566041,-0.04280509239524081,-232.28665722630322,0.9645342362341264,-0.608695652173913,-7.203864929717541,0.12326205022029273,1.5340842232377818,-0.06318013197917952,-0.6133660707434972,-0.48776032151991233,-117.49864775853685,-0.19360334518437258,-0.5140777980940222,Biotechnology,Healthcare,IONS
2022Q1,2022,Q1,2022-05-04,2022-03-31,-65165000.0,141919000.0,-57477000.0,-0.46,137749000.0,0.9706170421,2519092000.0,709574000.0,2253124000.0,228450000.0,1809518000.0,24032000.0,-1225068000.0,5244826960.0,5924533960.0,5.011151208694977,9.862657036550667,0.4851827563264859,1.7224701017793775,-0.028985810508387555,5.011151208694977,-0.09183679221617477,36.956481936879484,-20.121334151768586,7.391515134432772,0.0,0.17351864181091878,0.0,0.0563373628275585,9.098336616327424,-0.025868447837554168,-149.0812358943748,0.970617042115573,-1.3285714285714285,-17.303812432436178,0.11635710344351999,2.0508262819315264,-0.6853465210836494,-1.2901212307390935,-1.2587830080367395,-1.7552615646786631,-0.53267617988132,-0.42495360265228344,Biotechnology,Healthcare,IONS
2021Q4,2021,Q4,2022-02-25,2021-12-31,224613000.0,440006000.0,222105000.0,1.4,437780000.0,0.9949409781,2611690000.0,771737000.0,2345049000.0,240550000.0,1839953000.0,24806000.0,-1159903000.0,4290630000.0,4646111000.0,5.473312056737589,9.748696736645188,0.4689193587294051,1.5869033103246313,0.111102377766166,5.473312056737589,0.2910486344441176,9.751298845924829,4.775580665411174,5.5597049253826105,0.0,0.08973635410787713,0.0,0.16847558477460955,9.049548950322178,0.0860029329667763,21.48559324580116,0.9949409780775716,3.4137931034482762,6.4732116760100515,1.3614563873221133,5.670332797313704,2.367175842601566,3.723704314505372,3.587158848676164,-0.3146799291418288,1.2367064863447073,-0.2809038279550404,Biotechnology,Healthcare,IONS
2021Q3,2021,Q3,2021-11-03,2021-09-30,-82466000.0,133093000.0,-85849000.0,-0.58,130014000.0,0.9768658006055916,2414893000.0,530536000.0,2155740000.0,279778000.0,1884357000.0,22930000.0,-1384516000.0,4733802060.0,5382849060.0,3.7589610242385167,7.705180535996397,0.5308723823374369,2.4164241446386296,-0.046625066150899584,3.7589610242385167,-0.155439027700288,35.56762609603811,-14.350768983581112,8.922678310237194,0.0,0.13427823811600523,0.0,0.055113414962898975,7.134824753912031,-0.03414892502483547,-78.66856216970784,0.9768658006055916,-0.017543859649122823,-10.616728564490012,0.02852960740056971,2.256919165574044,0.058814906508567334,-0.019672333848531686,-0.17651331387301455,-17.3673676489859,-0.07050442997996047,-0.2418383784002269,Biotechnology,Healthcare,IONS
2021Q2,2021,Q2,2021-08-04,2021-06-30,-80875000.0,125750000.0,-72969000.0,-0.57,122792000.0,0.9764771371769384,2497069000.0,582674000.0,2238418000.0,293825000.0,1914395000.0,24099000.0,-1302050000.0,5622974180.0,6338372180.0,4.1335537236985855,7.6182013103037525,0.5128080161180969,2.197655979158157,-0.039322448209031136,4.1335537236985855,-0.13879974050669844,44.715500437375745,-17.381682163833073,9.650291895639757,0.0,0.12274368231046931,0.0,0.05035904093959758,7.090186335403727,-0.032387971657971804,-81.53491937822632,0.9764771371769384,0.1093750000000001,-0.21899891973249036,1.8011960054334504,3.489808050455808,0.126232470260206,0.10007900388343033,0.20660860488632285,-0.8297916582414073,-0.024841684258132136,-0.23585759975196968,Biotechnology,Healthcare,IONS
2021Q1,2021,Q1,2021-05-05,2021-03-31,-89869000.0,111607000.0,-91971000.0,-0.64,109029000.0,0.9769010904333958,2248551000.0,680564000.0,1989418000.0,295105000.0,1567987000.0,22199000.0,-1221175000.0,6329019200.0,6824653200.0,4.834581231796547,6.741390352586367,0.4046112363028457,1.3368162288925067,-0.05791433309258554,4.834581231796547,-0.1320507696557561,56.70808461834831,-17.606235743137233,9.299667922487819,0.0,0.11613135726834542,0.0,0.049635076100119586,6.246563087714542,-0.03996751685863474,-109.7606604002636,0.9769010904333958,0.7377049180327868,-0.22369137113767126,1.5929920067203813,2.68635214142588,-0.6200815387831905,0.7358899230319363,-3.05766346069002,-55.34644150332127,-0.3119626253962544,1.0104053066649676,Biotechnology,Healthcare,IONS
2020Q4,2020,Q4,2021-02-24,2020-12-31,-340271000.0,290281000.0,-22666000.0,-2.44,286980000.0,0.9886282602030446,2389755000.0,843347000.0,2130707000.0,583250000.0,1546408000.0,21965000.0,-1249368000.0,7915600000.0,8326800000.0,6.0239071428571425,3.6531624517788255,0.3384715169546669,0.9591117298099122,-0.19809186777717755,6.0239071428571425,-0.4034768606516653,27.268749935407417,-5.81565869556912,9.385934852439151,0.0,0.1502845435920783,0.0,0.12146893719230632,3.3751890270038576,-0.14238739954514165,86.88627158271407,0.9886282602030446,-10.09090909090909,-3.08942957726621,3.8323475870522734,2.6057939916970816,0.8279795914467524,-9.996348241985523,0.37964255412321757,-111.47743647383207,0.5020522404988672,1.2724559399318853,Biotechnology,Healthcare,IONS
2020Q3,2020,Q3,2020-11-04,2020-09-30,-30944000.0,160079000.0,-36537000.0,-0.22,156993000.0,0.9807220185033639,3095701000.0,1383149000.0,2536981000.0,244571000.0,1489317000.0,22172000.0,-909098000.0,6629144600.0,6800865600.0,9.900284879892347,10.373188153951205,0.25996696709404427,0.5818462074584878,-0.017792741525866934,9.900284879892347,-0.022372137781251335,41.41170671980709,-53.55759274819028,4.792791376778641,0.0,0.13918455709904384,0.0,0.051710097325290784,9.683000028621546,-0.0099957973977461,-284.14678954136303,0.9807220185033639,0.04347826086956525,0.25720557950845907,1.798666346014086,3.8400917616949477,0.10151201543588845,0.028293295650808604,0.29402558256366657,-27.224157927518142,0.17859042469711742,2.9981375679038447,Biotechnology,Healthcare,IONS
2020Q2,2020,Q2,2020-08-05,2020-06-30,-31845000.0,145537000.0,-51754000.0,-0.23,142525000.0,0.979304231913534,3078950000.0,1377175000.0,2531187000.0,231341000.0,1484155000.0,23722000.0,-878154000.0,8216193920.0,8480159920.0,9.882707101440955,10.941367937373833,0.2579278650189188,0.5766493001978689,-0.023598556885947204,9.882707101440955,-0.023123422949153156,56.454330651312034,-64.5014438687392,5.965976669631674,0.0,0.12697074445662254,0.0,0.04726838695009662,10.27249817369165,-0.010342811672810537,-148.4112266758187,0.979304231913534,0.3428571428571428,-1.767607811448873,0.038434829465893744,2.940380639786704,0.0894824146339599,0.33967154646870984,0.15333649614736533,-1.5284657989709836,0.24328946282615196,4.684146235316723,Biotechnology,Healthcare,IONS
2020Q1,2020,Q1,2020-05-06,2020-03-31,-48226000.0,133367000.0,-61127000.0,-0.35,130819000.0,0.9808948240569256,3090913000.0,1360239000.0,2558045000.0,258025000.0,1520502000.0,22885000.0,-846309000.0,6592203120.0,6889750120.0,9.755782512963588,9.913942447437265,0.2535632675523381,0.5761796272566806,-0.02700685369317284,9.755782512963588,-0.03545406358735487,49.429042566751896,-34.17349106291212,4.846356500585559,0.0,0.11133930522176098,0.0,0.04314809248917715,9.350613312663501,-0.015602509679178936,-375.23924863387975,0.9808948240569256,-1.2734375,-1.4610867992210204,0.8180090296254229,3.206730511587751,-0.7344693202346398,-1.2615065937879577,-1.2345139533634626,-13.2535827021898,0.06541315207832317,4.939393255528673,Biotechnology,Healthcare,IONS
2019Q4,2019,Q4,2020-03-02,2019-12-31,184416000.0,493681000.0,260654000.0,1.28,492670000.0,0.997952118878385,3233112000.0,1471094000.0,2720597000.0,273005000.0,1548565000.0,18180000.0,-707534000.0,8517809999.999999,8606506000.0,10.433290780141844,9.965374260544678,0.23877397380604198,0.5247679618025769,0.09947363679371818,10.433290780141844,0.1253597662691847,17.25367190554224,11.547005140551795,5.790119462114589,0.0,0.05561056105610561,0.0,0.15269529790492875,9.386560685701728,0.05703978086747381,31.66601608244203,0.997952118878385,6.111111111111112,3.9794101203775836,3.8777678962033946,3.7849132434661694,1.9514452598472367,6.048732943469785,102.31113753468094,5.135797146394331,1.6495233036585142,11.715065567844235,Biotechnology,Healthcare,IONS
2019Q3,2019,Q3,2019-11-06,2019-09-30,26163000.0,167892000.0,2523000.0,0.18,166925000.0,0.99424034498368,2894989000.0,1336293000.0,2408091000.0,231777000.0,1397023000.0,19375000.0,-857563000.0,8420410409.999999,8830782410.0,9.507531074129675,10.389689227145057,0.2273967189512637,0.49263971299707476,0.006629192926747243,9.507531074129675,0.019578789980939808,50.15373222071331,80.46105578488705,6.301320451427943,0.0,0.04990967741935484,0.0,0.057994002740597635,9.793495471940702,0.009037340038252304,-275.2487712473849,0.99424034498368,19.0,1.8220888065268397,2.1938009272289793,2.2487897606948684,0.027553262870193107,30.866438356164384,1.134009666967653,2.063748176460265,0.30288079428779746,7.2377178089779735,Biotechnology,Healthcare,IONS
2019Q2,2019,Q2,2019-08-08,2019-06-30,-876000.0,163813000.0,-18827000.0,-0.01,162449000.0,0.9916734325114612,2877765000.0,1269384000.0,2414222000.0,241213000.0,1420563000.0,18505000.0,-883726000.0,9072000000.0,9460584000.0,9.06702857142857,10.008672832724605,0.22972932119196668,0.5208093059310658,-0.0057642978616117635,9.06702857142857,-0.0006900985044714601,55.38022012904959,-2589.041095890411,7.146773553156492,0.0,0.07370980815995677,0.0,0.05692368904340695,9.508799276987558,-0.00030440289599741467,-279.97407647440053,0.9916734325114612,-1.0161290322580645,0.9390973500301535,1.4106258127008597,1.9062142388299153,-0.45150638309366486,-1.01037386165816,-1.154910108199284,0.9867056487053533,2.67415848601879,8.848479200915618,Biotechnology,Healthcare,IONS
2019Q1,2019,Q1,2019-05-09,2019-03-31,84443000.0,297214000.0,121535000.0,0.62,296173000.0,0.9964974732011278,2835889000.0,1207651000.0,2373949000.0,252473000.0,1448469000.0,11057000.0,-882850000.0,11268102420.0,11544066420.0,8.714342410991327,9.402783663995754,0.22983092779724454,0.5397047656980369,0.04871870810477779,8.714342410991327,0.06992334705970517,37.91242142025611,33.36008437644328,9.330595031180366,0.0,0.0941485032106358,0.0,0.10480452514185146,8.9681114416195,0.029776553313617,108.92949247902247,0.9964974732011278,-0.7194570135746606,3.2816593892668307,7.9202102927638816,1.7283828953456335,2.854211129040654,-0.7361782826578688,10.268891979601298,2.1679625789119865,6.0142669783262654,5.644657162154829,Biotechnology,Healthcare,IONS
2018Q4,2018,Q4,2019-03-01,2018-12-31,320076000.0,192115000.0,10785000.0,2.21,76844000.0,0.39998958956874786,2667784000.0,1048079000.0,2207886000.0,280294000.0,1480624000.0,8582000.0,-967293000.0,7444007940.0,7806993940.0,7.611376988939644,7.877036254789614,0.24057644846809187,0.6123641443059159,0.179443038874973,7.611376988939644,0.30539300949642156,38.747666449782685,5.814250318674316,7.102525611141909,0.0,13.431717548357026,0.0,0.0720129515732908,7.480827274219212,0.11997822912199789,65.6577048052498,0.39998958956874786,74.66666666666666,12.118845690768337,2.83467499897838,1.3358130994731607,0.5325887514958118,71.20750164509761,1.5807129011415033,4.911003068583537,2.251607219633827,3.5560226551305685,Biotechnology,Healthcare,IONS
2018Q3,2018,Q3,2018-11-06,2018-09-30,-4559000.0,145395000.0,-18572000.0,-0.03,50140000.0,0.34485367447298737,2247913000.0,710550000.0,2079224000.0,260238000.0,1407769000.0,8378000.0,-1287369000.0,7174298840.0,7327888840.0,4.957994334119486,7.989701734566051,0.2818085041547426,0.8915361339807192,-0.01413178787565751,4.957994334119486,-0.006416156498487088,49.34350452216376,-393.4140622943628,10.09682476954472,0.0,11.369658629744569,0.0,0.06467999428803517,7.5842920711041435,-0.0020281034007988744,-233.6068131939696,0.34485367447298737,0.8965517241379312,0.8507667019333709,3.958095555674771,0.4235371654808226,2.1500910975686374,0.887036027553397,0.6306358266542034,0.8933171938914396,1.4779862514367272,1.4238845469831463,Biotechnology,Healthcare,IONS
2018Q2,2018,Q2,2018-08-07,2018-06-30,-40358000.0,117747000.0,-50281000.0,-0.29,15917000.0,0.13517966487468897,2247315000.0,696255000.0,2083272000.0,248619000.0,1429879000.0,9067000.0,-1282809000.0,5363429040.0,5169238040.0,5.4094023867238485,8.379375671207752,0.2720130466801494,0.8779814866679593,-0.03869913584663406,5.4094023867238485,-0.057964395228759576,45.5504517312543,-33.22407601962436,7.70325389404744,0.0,11.230837101577148,0.0,0.05239452413213101,8.033219504543096,-0.017958319149740914,10.89049871367163,0.13517966487468897,-27.999999999999996,-2.3609224391107007,1.606650786106256,0.46387170085997537,-0.6055461934972244,-27.42112676056338,-14.232050893668585,-2.0532268834458525,-0.09040126861902169,1.1568082731456015,Biotechnology,Healthcare,IONS
2018Q1,2018,Q1,2018-05-07,2018-03-31,-1420000.0,144419000.0,-3301000.0,-0.01,40352000.0,0.2794092190085792,1299560000.0,301391000.0,1143283000.0,212643000.0,912459000.0,9060000.0,-1242454000.0,5524546400.0,5898512400.0,2.404779382430384,5.37653720084837,0.4628266490196682,1.9956501687177122,-0.0036612306156533674,2.404779382430384,-0.004711487735201117,38.253598210761744,-972.6314084507042,18.330163807147525,0.0,11.486423841059603,0.0,0.11112915140509096,5.042061107113801,-0.0010926775216227032,547.852677508925,0.2794092190085792,-1.5,0.30965743260758105,1.7073701856986856,0.21828873288757508,-0.08317996955444983,-1.517115804806992,-0.9497932663910219,0.9193819839223182,1.190130837549099,0.0369500128015823,Biotechnology,Healthcare,IONS
2017Q4,2017,Q4,2018-02-28,2017-12-31,2746000.0,172299000.0,-1693000.0,0.02,44013000.0,0.2554454755976529,1322024000.0,330872000.0,1167984000.0,224741000.0,903305000.0,9982000.0,-1187398000.0,6278345400.0,6743218400.0,2.650835616657854,5.1970223501719754,0.4496915335878925,1.796776396914819,-0.0007210422136218412,2.650835616657854,0.008299281897531373,36.43866418261278,571.5900764748725,18.975148697985926,0.0,12.851733119615307,0.0,0.13032970657113638,4.830760742365657,0.0020771181158587134,553.8901985002205,0.2554454755976529,3.54841997961264,1.844677756767589,6.032665789538312,0.4684706282576687,0.08148020738629383,3.8135245901639343,-1.1217197498022864,-0.9162428818905652,0.9230889301276505,0.21572557649213064,Biotechnology,Healthcare,IONS
2017Q3,2017,Q3,2017-11-07,2017-09-30,-976000.0,120911000.0,13909000.0,-0.007848,40697000.0,0.3365864148009693,1252561000.0,307968000.0,1111113000.0,177647000.0,854893000.0,8451000.0,-1190144000.0,6305559000.0,6730929000.0,2.476224169815872,6.254611673712475,0.46668705156874596,1.8980998025768911,0.019389814292840354,2.476224169815872,-0.0031691604322527014,52.15041642199635,-1615.1534323770493,20.47472139962594,0.0,9.49165779197728,0.0,0.09653102723140829,5.93160593761786,-0.0007792035677304339,574.5384054669704,0.3365864148009693,0.9128000000000001,0.97900870105035,7.437192516744179,0.4641216924015691,0.9711808582776325,0.912903801534892,9.323758228605625,0.9653423336085003,1.599333228446246,-0.15385690929026227,Biotechnology,Healthcare,IONS
2017Q2,2017,Q2,2017-08-09,2017-06-30,-11206000.0,104152000.0,-1671000.0,-0.09,20646000.0,0.1982295107151087,1090831000.0,215571000.0,964359000.0,191760000.0,875260000.0,6504000.0,-1189167000.0,6307269560.0,6763316560.0,1.7386440623286123,5.028989361702128,0.5399901542952116,2.7324547364905296,-0.0019924137274690084,1.7386440623286123,-0.051982873392061084,60.55831438666564,-140.71188559700158,29.258432534988472,0.0,12.839175891758918,0.0,0.09547950140764243,4.7263454317897375,-0.010272902035237355,-1413.2353932332512,0.1982295107151087,-4.0,-6.503912423948664,0.77821295215358,0.1290922237654213,-0.25374105400130126,-4.231257208765859,-1.1194509972120952,0.12030710791008001,0.7306029265325373,-0.4427201711794776,Biotechnology,Healthcare,IONS
2017Q1,2017,Q1,2017-05-09,2017-03-31,3468000.0,110304000.0,13989000.0,0.03,27666000.0,0.2508159268929504,1083996000.0,201806000.0,962372000.0,170580000.0,882190000.0,6801000.0,-1177960000.0,4939012200.0,5405655200.0,1.642555408144163,5.641763395474264,0.5358543758464054,2.878328691912034,0.016360121487555945,1.642555408144163,0.017184821065776044,44.77636531766754,356.0418252595156,24.474060236068304,0.0,12.150860167622408,0.0,0.10175683305104447,5.449865165904561,0.0031992737980582955,41.698781713031366,0.2508159268929504,-0.8571428571428571,1.1178217845476313,2.8700435011114847,0.09041718816940797,-0.5326452354004426,-0.8659191958244732,-0.6600899040213826,1.1056961154050724,2.734133761874065,-0.4857305498363828,Biotechnology,Healthcare,IONS
2016Q4,2016,Q4,2017-03-01,2016-12-31,25865000.0,160348000.0,41155000.0,0.21,59197000.0,0.369178287225285,912467000.0,99565000.0,797932000.0,133784000.0,812902000.0,7489000.0,-1181428000.0,5803692200.0,6293186200.0,0.820545574418988,5.9643305626980805,0.6292600170745901,5.766875910209411,0.049542050212560924,0.820545574418988,0.25978004318786724,36.19435353106992,56.09600038662285,58.290485612413995,0.0,13.506609694218186,0.0,0.17573019079046145,5.798002750702625,0.028346230603408122,-194.75477181208055,0.369178287225285,2.5,2.065562128682629,3.0846574717575375,-0.5206121125501209,1.251178886522665,2.5185689021901783,1.5549416439036503,2.019637666777121,2.632098602068689,-0.748187337951104,Biotechnology,Healthcare,IONS
2016Q3,2016,Q3,2016-11-09,2016-09-30,7351000.0,110927000.0,16108000.0,0.06,26296000.0,0.23705680312277444,843586000.0,139639000.0,730329000.0,106892000.0,703947000.0,9319000.0,-1207293000.0,4433036960.0,4829142960.0,1.1541462446999313,6.832400928039516,0.569451128871271,3.440163564620199,0.023265958153629276,1.1541462446999313,0.05264288629967273,39.96355224607174,150.76305808733505,31.746410100330138,0.0,9.081553814786995,0.0,0.13149459569030306,6.602683081989298,0.008713990037767341,209.33262312886623,0.23705680312277444,1.1276595744680853,1.2253084527851152,3.4125221838530506,-0.3841649849035083,1.6724803723499475,1.1292938176061913,1.3292251721953114,1.2850265381495491,3.4806953748108436,-0.668622034836944,Biotechnology,Healthcare,IONS
2016Q2,2016,Q2,2016-08-09,2016-06-30,-56855000.0,38470000.0,-48927000.0,-0.47,-39103000.0,-1.016454380036392,811109000.0,111213000.0,697971000.0,111081000.0,699896000.0,7668000.0,-1214644000.0,2813385420.0,3183418420.0,0.9206526598122485,6.28344181273125,0.5949471649309772,4.339124023270661,-0.07315944006754585,0.9206526598122485,-0.5112262055694927,73.1319318949831,-12.37087951807229,25.297271182325808,0.0,10.116458007303077,0.0,0.04742889056834532,6.05911902125476,-0.0700953879195028,-73.58718926553672,-1.016454380036392,0.09615384615384624,-1.620540735060105,0.27783928078642284,-0.5679005629962747,0.11310954865048764,0.09634915841505476,0.10475371441118349,-4.044949378979513,-0.09256718009875024,-0.7508565126661157,Biotechnology,Healthcare,IONS
2016Q1,2016,Q1,2016-05-05,2016-03-31,-62917000.0,36874000.0,-54652000.0,-0.52,-44090000.0,-1.1956934425340349,875819000.0,158162000.0,763910000.0,124495000.0,717657000.0,6520000.0,-1157789000.0,4884219000.0,5267414000.0,1.3114811190898688,6.136069721675569,0.5440987235947153,3.012936103488828,-0.07759340472916772,1.3114811190898688,-0.39780098885952375,132.45698866409936,-19.407389894623076,30.881115565053555,0.0,12.417791411042945,0.0,0.042102306526805196,5.943909393951564,-0.07183790258032767,-63.614824559118496,-1.1956934425340349,0.11864406779661009,-1.5980790360592814,0.43964537362737555,-0.4265211106280587,0.11394694533762058,0.11921660857026864,0.13169476176101427,-30.787710535758364,-0.2816129514395942,-0.3355886687754281,Biotechnology,Healthcare,IONS
2015Q4,2015,Q4,2016-02-26,2015-12-31,-71433000.0,51570000.0,-62941000.0,-0.59,-49760000.0,-0.9649020748497188,956105000.0,200790000.0,837003000.0,148876000.0,755315000.0,6899000.0,-1094872000.0,7443304770.0,7793328770.0,1.6706187754286999,5.622148633762325,0.50080378201139,2.3846854923053935,-0.08415554128783695,1.6706187754286999,-0.35575974899148366,144.33400756253636,-26.049951598000924,37.07009696698043,0.0,14.687635889259314,0.0,0.05393759053660424,5.47657782315484,-0.07471250542565931,-183.30102617775262,-0.9649020748497188,-0.9666666666666667,-3.231212036880609,0.6170510911627587,-0.31978211983765487,-0.2633610074390027,-0.9966737477638641,-0.3075117370892019,-21.81927869180557,1.1859833581009924,-0.07453537016155004,Biotechnology,Healthcare,IONS
2015Q3,2015,Q3,2015-11-09,2015-09-30,-35776000.0,49121000.0,-48138000.0,-0.3,-39387000.0,-0.8018362818346532,988005000.0,245414000.0,868261000.0,122198000.0,742591000.0,6583000.0,-1023439000.0,4849550940.042,5187711940.042,2.0454746247259936,7.105361789881995,0.47039640487649353,1.8937550424996128,-0.061537163522567336,2.0454746247259936,-0.14577815446551542,98.72663300914068,-33.88829760203768,19.760693929612817,0.0,13.444933920704846,0.0,0.04971735972996088,6.813630337648734,-0.03621034306506546,145.6671554740478,-0.8018362818346532,-2.0344827586206895,-1.375044999611188,0.41881508856932387,-0.20025343651853234,-1.7513591881116346,-2.0035906642728905,-2.0782152936433276,0.20238800896403047,2.5531189081268257,0.20943160390077958,Biotechnology,Healthcare,IONS
2015Q2,2015,Q2,2015-08-05,2015-06-30,35648000.0,120428000.0,44646000.0,0.29,52421000.0,0.43528913541701264,976258000.0,300320000.0,855452000.0,102132000.0,675938000.0,6782000.0,-987663000.0,6891151980.258,7231175980.258,2.5080589935026976,8.375944855676966,0.4706860276689154,1.5300712573255195,0.052511777299012886,2.5080589935026976,0.11870005327650505,57.22217408126018,48.327760184708815,22.946030834636385,0.0,10.027572987319374,0.0,0.12335673561701928,8.017095523440254,0.03651493764967867,112.75712967778779,0.43528913541701264,3.071428571428571,2.172778015098155,3.2402540421130492,-0.052255571560827406,29.12285407725322,3.13244003110606,5.785209003215434,25.71755190533439,1.1290054641278215,0.6287577012836543,Biotechnology,Healthcare,IONS
2015Q1,2015,Q1,2015-05-05,2015-03-31,-16717000.0,62583000.0,-9330000.0,-0.14,-1864000.0,-0.029784446255372864,955433000.0,275851000.0,835427000.0,100288000.0,679582000.0,6839000.0,-1023311000.0,7573418922.104,7879829922.104,2.319089013686653,8.330278797064455,0.4759716275238557,1.6485675237718913,-0.011102754859497462,2.319089013686653,-0.06060155663746008,121.01399616675455,-113.25924092396961,27.45474521427872,0.0,9.423453721304284,0.0,0.06550223825218514,8.130922941927249,-0.017496778947346386,-170.48418436629674,-0.029784446255372864,-1.56,-0.4408083497689795,0.7407755630201405,-0.19272119832456186,-1.110243671634729,-1.5383376807393812,-1.9255034222795357,0.4133734001048001,1.2679729187312934,0.5395368149412357,Biotechnology,Healthcare,IONS
2014Q4,2014,Q4,2015-03-02,2014-12-31,31053000.0,84861000.0,10081000.0,0.25,16908000.0,0.1992434687312193,955809000.0,257780000.0,836597000.0,115332000.0,698029000.0,6290000.0,-1006594000.0,7299088256.446,7606203256.446,2.180455579709532,7.253815073006624,0.4709235841051926,1.746112964543409,0.025666944455097464,2.180455579709532,0.12046318566219257,86.01228192510105,58.76314894250152,28.31518448462254,0.0,10.803338632750398,0.0,0.08878447472246025,7.0632261644643295,0.03248870851812444,110.6056530556128,0.1992434687312193,2.0869565217391304,4.737742533411016,1.2029624878511582,-0.2599342925326855,1.9932444340010573,2.164080071974809,1.469036430465733,2.313021605053284,1.2187187642339572,0.273889015580151,Biotechnology,Healthcare,IONS
2014Q3,2014,Q3,2014-11-07,2014-09-30,-26676000.0,44063000.0,-21493000.0,-0.23,-17023000.0,-0.3863332047295917,793803000.0,344772000.0,681163000.0,107325000.0,449031000.0,7085000.0,-1037647000.0,4574601365.622,4732101365.622,2.9264839446231674,6.346731889121826,0.2906514588632192,0.6691958743749492,-0.035050826977190294,2.9264839446231674,-0.07737287250704813,103.81956211837596,-42.87188264378093,13.268482839737567,0.0,8.621877205363443,0.0,0.0555087345348909,6.202888423014209,-0.033605315172656185,10814.660438822695,-0.3863332047295917,-1.3,-2.2152864999953588,0.37361649035065775,-0.01796310027355483,-6.780164533820841,-1.2080953563446735,-2.23203007518797,0.16032385323696324,0.8000465710613199,0.5615276595083618,Biotechnology,Healthcare,IONS
2014Q2,2014,Q2,2014-08-04,2014-06-30,-12081000.0,57076000.0,-6650000.0,-0.1,-2188000.0,-0.038334851776578596,817777000.0,366860000.0,705797000.0,100816000.0,450917000.0,7776000.0,-1010971000.0,4050906717.588,4186236717.588,3.1198761778412765,7.000843120139661,0.28053002224322765,0.6253366406803685,-0.010741782411740482,3.1198761778412765,-0.032930818295807664,70.97390702901394,-83.82805060814502,11.042105210674372,0.0,7.621399176954733,0.0,0.06979408811937729,6.838735914934137,-0.014772976006906528,-108.98323157352704,-0.038334851776578596,0.6296296296296297,-2.4808167298049923,0.5366705095250538,0.04527480208390852,0.9134733262150512,0.6137787723785166,0.7758452152223009,0.42796595663620823,0.9476204114853201,0.4642837617407976,Biotechnology,Healthcare,IONS
2014Q1,2014,Q1,2014-05-06,2014-03-31,-31280000.0,28161000.0,-29667000.0,-0.27,-25287000.0,-0.8979439650580591,834616000.0,374102000.0,722053000.0,100836000.0,460514000.0,7537000.0,-998890000.0,5061100762.872001,5127030762.872001,3.193958745987296,7.160666825340156,0.2728296605864254,0.6086789164452475,-0.04107928324522392,3.193958745987296,-0.08361355993819868,179.72020748098436,-40.4499741278133,13.528665344938013,0.0,7.091415682632347,0.0,0.033741265444228244,6.988595342933079,-0.03747831338004543,-148.57623188327855,-0.8979439650580591,-0.28571428571428586,-1.151555714667673,-0.2574454260979528,0.07835334699953288,-0.6657005467360516,-0.28851540616246496,-0.49395709537717797,-0.3299351802672147,0.1320424825551784,0.39664070468640755,Biotechnology,Healthcare,IONS
2013Q4,2013,Q4,2014-03-03,2013-12-31,-24276000.0,42249000.0,-19858000.0,-0.21,-15181000.0,-0.3593221141328789,847156000.0,378390000.0,735510000.0,97812000.0,468766000.0,8033000.0,-967610000.0,4626300480.0,4692357480.0,3.2585556569814504,7.519629493313704,0.2668103631444504,0.5973466529242316,-0.030035516573711594,3.2585556569814504,-0.06415602949337984,109.5008279485905,-47.64273850716758,12.226275747244907,0.0,7.1492593053653675,0.0,0.04987157028929737,7.360640821167137,-0.02865587920052505,-288.78280149812736,-0.3593221141328789,0.0,-1.354741219366355,0.7173101432675314,3.736445570626722,0.3122989807474519,0.011965811965811967,0.2214075671436973,-0.4883094630773797,0.3711761763232623,0.32677056787785336,Biotechnology,Healthcare,IONS
2013Q3,2013,Q3,2013-11-05,2013-09-30,-24570000.0,23585000.0,-25505000.0,-0.21,-22075000.0,-0.9359762560949756,881916000.0,401446000.0,763304000.0,103278000.0,480470000.0,7385000.0,-943334000.0,4326973135.263,4295016135.263,3.4828696112369104,7.390770541644881,0.25450383029676293,0.5591063306148274,-0.030208192521908456,3.4828696112369104,-0.06120374844935558,183.46292708344285,-44.0269956782967,10.778468673901346,0.0,6.18280297901151,0.0,0.026742909755577627,7.247884350975038,-0.027859796171063912,67.87515310456634,-0.9359762560949756,-1.3333333333333333,-7.409851095978625,-0.3911099995085233,3.904349856664472,-3.863406036571932,-1.4264270195536244,-2.2170787083753782,-0.6978547581217408,-0.29089622349416694,0.3617441003522011,Biotechnology,Healthcare,IONS
2013Q2,2013,Q2,2013-08-06,2013-06-30,-10126000.0,38092000.0,-7928000.0,-0.09,-4539000.0,-0.1191588785046729,788651000.0,401081000.0,669061000.0,86995000.0,387570000.0,8309000.0,-918764000.0,3090105221.461,3016427221.461,3.6952708243119985,7.690798321742629,0.2825863404725284,0.5556533468301914,-0.010217890292926671,3.6952708243119985,-0.025246770602446886,81.12215744673422,-76.2913594079844,7.7044417996888415,0.0,5.130701648814538,0.0,0.048300198693718766,7.5287775159491925,-0.012839646434227562,141.0878103123459,-0.1191588785046729,-3.4999999999999996,-3.0002612181342423,0.008051903945849558,4.927346378390432,-1.8991679873217115,-5.05622009569378,-5.8787692307692305,0.63248145228175,0.47964956333888975,0.3963676071368926,Biotechnology,Healthcare,IONS
2013Q1,2013,Q1,2013-05-07,2013-03-31,-1672000.0,43360000.0,1625000.0,-0.02,5048000.0,0.11642066420664207,552961000.0,201091000.0,431829000.0,70295000.0,351870000.0,5809000.0,-908638000.0,1733912500.0,1847031500.0,1.9738993865030674,6.143096948573867,0.3992487716131879,1.0978561944592249,0.0031772843956787773,1.9738993865030674,-0.00831464361905804,39.988756918819185,-259.25725179425837,8.622526617302615,0.0,6.595283181270442,0.0,0.07841421004374631,5.945600682836617,-0.0030237213836057154,-150.775,0.11642066420664207,0.3333333333333333,0.6522245745252021,0.8097703922944279,2.28130371826023,1.0364252985532345,0.36594615092908606,1.0622152456066465,0.8317427952541331,0.40820278732530024,-0.31288229043398635,Biotechnology,Healthcare,IONS
2012Q4,2012,Q4,2013-02-28,2012-12-31,-2637000.0,19873000.0,-26119000.0,-0.03,-138585000.0,-6.973531927741156,545686000.0,182766000.0,423438000.0,74322000.0,362920000.0,6121000.0,-906966000.0,1057008240.0,1151945240.0,1.8051676115599629,5.697343989666586,0.4020975432758033,1.2005460534235033,-0.013194750268263146,1.8051676115599629,-0.014428285348478382,53.18815679565239,-100.20935153583616,5.7833964741800985,0.0,25.8876000653488,0.0,0.03641837980083784,5.497564651112726,-0.004832449430624938,30.481536465092137,-6.973531927741156,0.9189189189189189,0.6600685727504121,-0.27926164904411066,186.96721784636821,-12.945952935091803,0.9299396902149366,0.06870855023889325,0.6293704429585179,-0.3975978809948322,-0.38731031350605505,Biotechnology,Healthcare,IONS
2012Q3,2012,Q3,2012-11-06,2012-09-30,-37639000.0,11601000.0,-28046000.0,-0.37,11601000.0,1.0,485681000.0,170277000.0,361586000.0,51601000.0,315404000.0,6737000.0,-904329000.0,1386363600.0,1528261600.0,1.69126936829559,7.007344818898859,0.4662751888585306,1.3299564826723516,-0.06938993240298418,1.69126936829559,-0.2210457078759903,119.50380139643134,-9.208291931241531,8.141813633080217,0.0,0.0,0.0,0.023886048661570042,6.725625472374566,-0.07749736967268639,-52.860167003469705,1.0,-36.0,-2.568527762402746,-0.7496223366901451,610.9333332477087,-0.7549429657794677,-30.183927091963547,-8.588203463203463,-4.308596058644085,-0.5768157500940858,-0.4324626553667387,Biotechnology,Healthcare,IONS
2012Q2,2012,Q2,2012-08-06,2012-06-30,-1207000.0,47340000.0,3696000.0,-0.01,47340000.0,1.0,472394000.0,154314000.0,350419000.0,55063000.0,318080000.0,7108000.0,-866690000.0,1202556000.0,1347963000.0,1.5398600979912787,6.363964912917931,0.4891086677646202,1.4972847570537995,0.009590882433842114,1.5398600979912787,-0.007821714167217492,25.402534854245882,-249.07953603976804,7.792915743224853,0.0,0.0,0.0,0.10021295782757614,6.130922761200806,-0.002555070555510866,-263.0837891052286,1.0,0.9583333333333333,0.909811625910251,9.226898374440411,1.6882744981174196,1.037443511943189,0.9496978537195249,1.200270929287456,0.5919395692699413,0.49552756191521663,-0.4840894742564912,Biotechnology,Healthcare,IONS
2012Q1,2012,Q1,2012-05-09,2012-03-31,-23995000.0,23235000.0,-18455000.0,-0.24,23235000.0,1.0,470807000.0,150872000.0,347613000.0,61707000.0,319935000.0,4873000.0,-865483000.0,878376890.0,1042285890.0,1.5063550226144953,5.633283095921046,0.46791997570129584,1.4601781642717004,-0.04972502873427026,1.5063550226144953,-0.15904210191420542,37.8040408865935,-9.151665867889143,5.822000702582321,0.0,0.0,0.0,0.04935143275269909,5.434116064628,-0.050965682328427575,-122.45600027882337,1.0,-0.1997244959073667,-0.5172275686925752,6.8075998641316815,1.1829943011125315,-0.28293676511434124,-0.19759433020562986,0.008648474430597335,-1.1359583066010743,-0.28352275532683513,-0.4914201749015455,Biotechnology,Healthcare,IONS
2011Q4,2011,Q4,2012-02-29,2011-12-31,-20036000.0,32403000.0,-18616000.0,-0.20004592789320766,32403000.0,1.0,484894000.0,171434000.0,360139000.0,76112000.0,313460000.0,4139000.0,-841488000.0,722131970.0,875494970.0,1.7116527052527533,4.731698023964683,0.45131513279190916,1.2765262433356277,-0.0476998211512937,1.7116527052527533,-0.11687296568941984,22.28596025059408,-9.010430849470952,4.212303102068434,0.0,0.0,0.0,0.06682491431116903,4.606172482657136,-0.04132037105016766,-28.73242231329328,1.0,0.2590891559510828,-0.1660530913588527,1.2332637783794553,1.058486872866138,0.5643798580601554,0.25466855144706496,0.16580032263846567,-1.25325467014016,0.5270410833240687,1.4879580794871785,Biotechnology,Healthcare,IONS
2011Q3,2011,Q3,2011-11-08,2011-09-30,-26882000.0,20713000.0,-22316000.0,-0.27,20713000.0,1.0,505785000.0,186825000.0,377089000.0,83542000.0,318960000.0,2915000.0,-821452000.0,675877860.0,837629860.0,1.874115983026874,4.5137655311101,0.4290657097383275,1.1615950756055131,-0.0552595087163233,1.874115983026874,-0.14388866586377627,32.63061169313957,-6.285598727773231,3.6177056603773585,0.0,0.0,0.0,0.040952183239914196,4.38846328792703,-0.0531490653143134,-25.116234113712373,1.0,-0.5000000000000001,-0.6393257330802704,3.700319883189501,86.45240771019759,-0.16557225154090965,-0.5027111632847001,-0.5871977240398293,-9.10878440358976,-0.3817026871945602,1.6390079097638772,Biotechnology,Healthcare,IONS
2011Q2,2011,Q2,2011-08-08,2011-06-30,-17889000.0,24823000.0,-14060000.0,-0.18,24823000.0,1.0,529572000.0,212217000.0,410720000.0,91980000.0,317355000.0,2249000.0,-794570000.0,912354320.0,1033503320.0,2.130649986948053,4.4653185475103285,0.38931627805095437,0.971510293708798,-0.03362208567456059,2.130649986948053,-0.08429579157183449,36.75439390887483,-12.750214098049081,4.299157560421644,0.0,0.0,0.0,0.04687370178181626,4.35809958686671,-0.033780109220275994,-29.59594900574172,1.0,0.10000000000000009,-5.021723170927474,3.1483056989676057,22.113093006037705,0.17383080342365348,0.1052815844753426,0.12714179289793892,-6.70112636608921,-0.28415146133131364,2.4176386749963052,Biotechnology,Healthcare,IONS
2011Q1,2011,Q1,2011-05-06,2011-03-31,-19994000.0,21147000.0,-16108000.0,-0.2,21147000.0,1.0,505942000.0,227703000.0,437395000.0,94399000.0,278239000.0,2606000.0,-776681000.0,900103759.9999999,969097759.9999999,2.2868864807319547,4.633470693545482,0.3067426701084314,0.6815632644277854,-0.0420729633415196,2.2868864807319547,-0.08780736310017874,42.56413486546555,-11.254673402020606,3.952972775940589,0.0,0.0,0.0,0.04179728111127362,4.52772804796661,-0.039518363765016544,-20.9672659507559,1.0,-0.42383812383812397,0.16855276792173354,2.1004067608034434,21.308954946740695,-0.19958364875094625,-0.4295724295724296,-0.015764913608273427,-3.2550609134705466,-0.09691953691582397,2.801596557440925,Biotechnology,Healthcare,IONS
2010Q4,2010,Q4,2011-03-01,2010-12-31,-13986000.0,26420000.0,-15858000.0,-0.14046540589942652,26420000.0,1.0,550477000.0,244542000.0,483137000.0,105890000.0,305935000.0,2484000.0,-756687000.0,1007638279.9999999,1091993280.0,2.456005383201599,4.56263103220323,0.2804967328335244,0.6314130088083029,-0.04000688622827983,2.456005383201599,-0.057192629486959294,38.139223315669945,-18.011552266552265,4.120512141063702,0.0,0.0,0.0,0.04799473910808263,4.47251865143073,-0.025407056062287797,-37.473996057867524,1.0,-0.0805031223032809,-0.28478006859380683,0.31171204046808026,65.70105126453363,-0.07699832308552264,-0.1230126866870082,-0.7724376886107075,-0.8332784807046183,-0.025681965557544664,254.73719356573625,Biotechnology,Healthcare,IONS
2010Q3,2010,Q3,2010-11-05,2010-09-30,-12454000.0,28624000.0,-8947000.0,-0.13,28624000.0,1.0,575858000.0,253709000.0,507550000.0,100916000.0,322149000.0,1996000.0,-742701000.0,833246400.0,883595400.0,2.55765353441671,5.029430417376828,0.26129879241062903,0.5930849910724492,-0.022136176950863475,2.55765353441671,-0.04908773437284448,29.11006148686417,-16.726481451742412,3.284260313981767,0.0,0.0,0.0,0.04970669852637282,4.947134250267549,-0.021626859399365816,-35.838554838709676,1.0,0.48,0.4696836304994183,1.4795732913866426,39.57172881352211,0.21788707824533038,0.5048898783493679,0.5208333333333334,-1.5267590937308801,-0.37298269743105406,924.4075559741702,Biotechnology,Healthcare,IONS
2010Q2,2010,Q2,2010-08-09,2010-06-30,-25154000.0,23503000.0,-18672000.0,-0.25,23503000.0,1.0,606351000.0,262229000.0,536885000.0,105214000.0,344122000.0,2794000.0,-730247000.0,948300870.0,1051913870.0,2.6463452785823134,5.102790503164978,0.24680589295638994,0.5706882152622327,-0.04533359230843935,2.6463452785823134,-0.09592379180029668,40.34807769220951,-9.424951001828736,3.616308150509669,0.0,0.0,0.0,0.03876137748597759,5.009485429695668,-0.04148422283462879,429.8734678150499,1.0,-1.4999999999999998,0.2572194889061279,0.2881314830052915,2.2257797856909147,-0.2146294192341108,-1.6044729757713811,-2.8262295081967213,-0.900816513544989,4.134862747377596,3.619966797572389,Biotechnology,Healthcare,IONS
2010Q1,2010,Q1,2010-05-07,2010-03-31,-9658000.0,29926000.0,-4880000.0,-0.1,29926000.0,1.0,599723000.0,284437000.0,530415000.0,92095000.0,315286000.0,2601000.0,-705094000.0,1082212090.0,1129249090.0,2.8727237837455686,5.7594331939844725,0.24282377030729185,0.5119833214384908,-0.01134714833141114,2.8727237837455686,-0.03395479491064805,36.1629382476776,-28.013359132325533,3.8047514563857727,0.0,0.0,0.0,0.049899703696539906,5.657451544600684,-0.016104101393476657,-32.581047988921,1.0,-0.42300948548433465,0.8108181150068651,1.3361096000866362,2.5865765219858745,-0.07240716632570826,-0.388042540960046,0.581869591294662,0.3822592366069387,9.172147075306746,3.1631219429949136,Biotechnology,Healthcare,IONS
2009Q4,2009,Q4,2010-03-01,2009-12-31,-6958000.0,32262000.0,-11671000.0,-0.07027360043630634,32262000.0,1.0,657184000.0,291722000.0,596126000.0,111444000.0,355119000.0,2768000.0,-696150000.0,1100034430.0,1010527430.0,2.9462999808106005,5.349108072215642,0.02396284754345815,0.0539829015295384,-0.05840061218846479,2.9462999808106005,-0.023851475034450606,34.09690750728411,-39.52408845932739,3.7708312365882586,0.0,0.0,0.0,0.04909127428543604,5.251166505150569,-0.010587597993864733,-32.118731349820436,1.0,-0.0039085776615191015,0.9297496042631773,0.6462373853917082,3.3494672507202883,0.20511000709723207,-0.004910456383593298,-0.12264332435552136,0.5903803196963046,1.249236779064621,2.5433121540440013,Biotechnology,Healthcare,IONS
2009Q3,2009,Q3,2009-11-06,2009-09-30,-6924000.0,26771000.0,-10396000.0,-0.07,26771000.0,1.0,680578000.0,292995000.0,619247000.0,114719000.0,375753000.0,2817000.0,-689192000.0,1432522400.0,1423132400.0,2.9800142392188773,5.397946286142662,0.20556497565304785,0.4774927899793512,-0.01609245538805289,2.9800142392188773,-0.02363180259048789,53.51023122035038,-51.723079145002885,4.889238382907558,0.0,0.0,0.0,0.039335682317089296,5.303620150105911,-0.010173705291678544,-42.04150965545577,1.0,-1.3333333333333337,0.876699274234932,0.7148256294664921,10.674951836121517,-0.13619643779039753,-1.3908839779005524,-1.1537186658379945,0.5718880059850595,5.159502851095453,138.0572529078242,Biotechnology,Healthcare,IONS
2009Q2,2009,Q2,2009-08-06,2009-06-30,-2896000.0,30992000.0,-4827000.0,-0.03,30992000.0,1.0,709161000.0,292851000.0,647512000.0,127861000.0,403344000.0,2779000.0,-682268000.0,1618914000.0,1538227000.0,2.9847425496351256,5.064186890451349,0.19050963039422641,0.4613335791921489,-0.011465634563980266,2.9847425496351256,-0.009888987915356274,52.2365126484254,-139.75431629834253,5.5281149799727505,0.0,0.0,0.0,0.04370234685776572,4.992092975966088,-0.004083698906172223,-86.50355329949238,1.0,-1.019108280254777,0.9361756933436456,0.8006540924816077,13.423984945532386,-0.018495059538890298,-1.01685259219171,-6.518691588785047,0.010395857964042498,4.257681983424868,31.378209734772696,Biotechnology,Healthcare,IONS
2009Q1,2009,Q1,2009-05-07,2009-03-31,171843000.0,31576000.0,-642000.0,1.57,31576000.0,1.0,724506000.0,288846000.0,663692000.0,136460000.0,421836000.0,2591000.0,-679373000.0,1463790210.0,1343692210.0,2.9618851324330144,4.86363769602814,0.18489701948638107,0.4637730832346648,-0.0008073170558194934,2.9618851324330144,0.5949294779917326,46.35768336711426,2.1295458790873063,5.0677184728194264,0.0,0.0,0.0,0.04358279986639172,4.796914846841565,0.23718644152015303,-38.83041647876489,1.0,18.68398821898822,4.7416595235155725,0.47005412514026507,2.4790970208067318,0.0,20.847886347886348,-1.1988847583643123,8.296134803635674,3.7266454073364543,27.30335708344838,Biotechnology,Healthcare,IONS
2008Q4,2008,Q4,2009-02-26,2008-12-31,-8658000.0,20661000.0,3228000.0,-0.08878087796474605,0.0,0.0,574150000.0,67092000.0,518384000.0,124698000.0,469902000.0,2718000.0,-839708000.0,1382847780.0,1339432780.0,0.6879748977143384,4.1571155912685045,0.3039327701820082,2.600950933047159,,0.6879748977143384,-0.12904668216776963,66.9303412225933,-39.929769577269575,20.61121713468074,0.0,0.0,0.0,0.0359853696769137,3.97054483632456,-0.015079683009666464,-51.971128232110644,0.0,-3.9593625988248684,0.804566609601782,0.22014547626061448,-0.42795406477526104,0.0,-3.715809284818068,1.7465309898242367,0.18795733546639387,0.04732875837094104,17.68426235342239,Biotechnology,Healthcare,IONS
2008Q3,2008,Q3,2008-11-10,2008-09-30,3188000.0,32215000.0,-4324000.0,0.03,0.0,0.0,584692000.0,68078000.0,529543000.0,117683000.0,476940000.0,5511000.0,-831050000.0,1619125974.1369998,1522421974.1369998,0.7101592898198471,4.4997408291766865,0.28729313895179,2.4674344134669055,,0.7101592898198471,0.04682863773906402,50.260002301319254,126.97035556281368,23.78339513700461,0.0,0.0,0.0,0.055097384605912174,4.393531776042419,0.005452443337688903,-60.023205714068574,0.0,2.5,1.083188159003065,0.6525903472781971,-0.5782209406442425,0.0,2.443840579710145,-0.3801468241302266,1.14047130858177,1.8876722948743503,10.265165407770972,Biotechnology,Healthcare,IONS
2008Q2,2008,Q2,2008-08-11,2008-06-30,-2208000.0,32961000.0,-3133000.0,-0.02,0.0,0.0,609399000.0,59023000.0,555180000.0,127111000.0,509228000.0,4699000.0,-834237000.0,1290420250.0,1016284250.0,0.6234275151835226,4.367678643075737,0.28156265435289524,2.9070701252054283,,0.6234275151835226,-0.03740914558731342,39.14991201723249,-146.10736526268118,21.863006793961677,0.0,0.0,0.0,0.05408771592995722,4.27475198841957,-0.003623241915395332,7.378467894104866,0.0,0.6,0.9440831974290873,0.28399625559160635,-0.6940185599249924,0.0,0.48471411901983663,0.6452270411051976,0.9317580528308693,0.890758976686821,1.2887698941405192,Biotechnology,Healthcare,IONS
2008Q1,2008,Q1,2008-05-12,2008-03-31,-4285000.0,21354000.0,-8831000.0,-0.05,0.0,0.0,405424000.0,54621000.0,352851000.0,80260000.0,327949000.0,3700000.0,-832029000.0,1281173890.0,1177599890.0,0.6015594885406227,4.396349364565163,0.415273886104424,3.082367587557899,,0.6015594885406227,-0.07844968052580509,59.99690409290999,-74.74760151691947,23.45570183629007,0.0,0.0,0.0,0.052670784166699555,4.270782457014702,-0.010569181893523818,17.393783211371627,0.0,0.34742705189018247,0.8925554934106857,-0.0684530661910544,-0.751916911726405,0.0,0.3840735949403479,-0.04595522918393936,0.90847192519701,0.8177532709929516,1.3322352697104674,Biotechnology,Healthcare,IONS
2007Q4,2007,Q4,2008-03-13,2007-12-31,-6957000.0,24728000.0,-8443000.0,-0.076619786561526,0.0,0.0,258858000.0,872000.0,207317000.0,62205000.0,248615000.0,2817000.0,-827745000.0,1430084250.0,1461570250.0,0.009603629995925065,3.3328028293545535,0.6571170294138099,195.06880733944953,,0.009603629995925065,-7.978211009174312,57.83258856357166,-51.39011966364813,1640.004873853211,0.0,0.0,0.0,0.09552727750349613,3.213503737641669,-0.02687573882205688,31.989358013645006,0.0,0.9387041707507793,0.7319590194677805,-0.31009169062424385,-0.9965795518885472,0.0,-1.3477282950967162,-1.839514765834742,0.9234055136808214,0.3759457756483198,1.0076582202458737,Biotechnology,Healthcare,IONS
2007Q3,2007,Q3,2007-11-09,2007-09-30,20007000.0,38631000.0,10057000.0,-1.25,0.0,0.0,213003000.0,232000.0,161387000.0,29966000.0,202819000.0,1930000.0,-820788000.0,1280954920.0,1350735920.0,0.002763813109051488,5.3856704264833475,0.808340727595386,742.1508620689655,,0.002763813109051488,86.23706896551724,33.15873055318268,16.00633428300095,5521.357413793104,0.0,0.0,0.0,0.18136364276559486,5.180137489154375,0.09392825453162632,119.402956748695,0.0,-8.615384615384617,1.7418796424524738,0.24025629002807825,-0.9991135238701149,0.0,2.8148584905660377,1.5115462868769074,1.4173045339163892,1.8983703583300093,1.0089730305185132,Biotechnology,Healthcare,IONS
2007Q2,2007,Q2,2007-08-09,2007-06-30,-11024000.0,3813000.0,-19660000.0,-0.13,0.0,0.0,263255000.0,47284000.0,210777000.0,25178000.0,201041000.0,1510000.0,-840795000.0,799064640.0,840127640.0,0.5728061249212579,8.371475097307172,0.6610586693510094,3.680462735809153,,0.5728061249212579,-0.2331444040267321,209.56324154209284,-18.12102322206096,16.8992606378479,0.0,0.0,0.0,0.014484055383563465,8.1431805544523,-0.0418757478490437,-300.2873506200676,0.0,0.1875,0.6536238558908123,-0.8753933027162922,-0.833672894053454,0.0,0.1533026113671275,0.0593751495143773,0.711224707972648,-0.7366818632409627,1.7681271617825085,Biotechnology,Healthcare,IONS
2007Q1,2007,Q1,2007-05-10,2007-03-31,-13020000.0,2450000.0,-20901000.0,-0.16,0.0,0.0,349904000.0,56898000.0,296067000.0,101941000.0,270473000.0,1093000.0,-829771000.0,764367120.0,837640120.0,0.6900407490055303,2.9042975838965677,0.7336183638940966,4.511511828183767,,0.6900407490055303,-0.22883053885901086,311.98657959183674,-14.67678801843318,13.433989243910155,0.0,0.0,0.0,0.0070019205267730575,2.8213476422636625,-0.03721020622799397,-35.24378089265954,0.0,0.06737169517884914,0.526231308553644,-0.9107854442964809,-0.8166237054244215,0.0,0.07959847306659126,-0.2488647227533461,0.6647110142262143,-0.8650980650353737,-0.18946258657629414,Biotechnology,Healthcare,IONS
