Quarters,Year,Quarter,FillingDate,Date,NetIncome,Revenue,OperatingIncome,EPSDiluted,GrossProfit,GrossProfitRatio,TotalAssets,CommonStockEquity,CurrentAssets,CurrentLiability,TotalLiability,Inventory,RetainedEarnings,MarketCap,EnterpriseValue,bookValuePerShare,currentRatio,debtToAssets,debtToEquity,roic,shareholdersEquityPerShare,roe,priceToSalesRatio,peRatio,pbRatio,payoutRatio,inventoryTurnover,dividendYield,assetTurnover,quickRatio,returnOnAssets,priceToFreeCashFlowsRatio,grossProfitMargin,epsdilutedGrowth,fiveYNetIncomeGrowthPerShare,fiveYRevenueGrowthPerShare,fiveYShareholdersEquityGrowthPerShare,grossProfitGrowth,netIncomeGrowth,operatingIncomeGrowth,threeYNetIncomeGrowthPerShare,threeYRevenueGrowthPerShare,threeYShareholdersEquityGrowthPerShare,Industry,Sector,Symbol
2023Q1,2023,Q1,2023-05-10,2023-03-31,10680000.0,36047000.0,20989000.0,1.09,40902000.0,1.134685272,4167228000.0,562372000.0,240564000.0,0.0,36577000.0,0.0,293510000.0,714769658.72,616072658.72,57.89184145575172,0.0,0.01703626487439612,0.1262402822331126,0.0248593500104813,57.89184145575172,0.01899098817153059,19.828825109440455,16.73149950187266,1.2709908365281344,0.2449438202247191,0.0,0.0036599203227018593,0.008650114656553468,0.0,0.0025628547322104765,506.9288359716312,1.1346852720059921,-0.3662790697674418,0.045152113415138674,0.400760472681211,0.0,0.2267778410965478,-0.16848333852382436,-0.041423090975520646,0.0635157429118624,0.3188601225161376,0.7119672803225636,Banks—Regional,Financial Services,BFC
2022Q4,2022,Q4,2023-03-10,2022-12-31,12844000.0,33341000.0,21896000.0,1.72,33341000.0,1.0,3660432000.0,453103000.0,424377000.0,0.0,3207329000.0,0.0,295496000.0,690697381.92,596775381.92,60.89066146897782,0.0,0.006946994234560292,0.056121897228665445,0.03505713687476271,60.89066146897782,0.028346755594202643,20.716156741549444,13.443969595141699,1.5243716813174928,0.17556835876673935,0.0,0.003264816197408412,0.009108487741337634,0.0,0.0035088754551375356,37.405761273761165,1.0,0.36507936507936506,2.535484063115083,0.828594701143722,1.5279545295944226,54.941275167785236,0.21940567739485425,0.23671279299632872,0.626476651338897,0.4955111097663156,0.8590839853890113,Banks—Regional,Financial Services,BFC
2022Q3,2022,Q3,2022-11-09,2022-09-30,10533000.0,596000.0,17705000.0,1.26,596000.0,1.0,3640754000.0,439415000.0,349060000.0,2569000.0,3201339000.0,0.0,284907000.0,627588302.72,510216302.72,53.54857484492282,135.87388088750487,0.00786595304159523,0.0651730141210473,0.02853271785626047,53.54857484492282,0.023970506241252576,1053.0005079194632,14.895763379853793,1.4282359562600278,0.21418399316434064,0.0,0.003594713270184259,0.00016370235396294283,174.29544569871544,0.0028930820374021425,95.91751531713282,1.0,-0.1870967741935484,1.0584210109561587,-0.9633622408568381,0.0,-0.9784440666931896,-0.09619014930495967,0.0030024926353954227,0.3564123891105381,-0.9771642409951451,0.6722479998791862,Banks—Regional,Financial Services,BFC
2022Q2,2022,Q2,2022-08-09,2022-06-30,11654000.0,27649000.0,17652000.0,1.55,27649000.0,1.0,2961027000.0,314162000.0,337455000.0,0.0,2646865000.0,0.0,276630000.0,565348753.83,540598753.83,42.12730824761248,0.0,0.006496056942405456,0.06122637365435667,0.04029724209823259,42.12730824761248,0.037095511233058105,20.44734904806684,12.127783461257936,1.7995453104767607,0.140552599965677,0.0,0.002897326630514773,0.009337638596338365,0.0,0.0039357966003011795,85.06601772946134,1.0,0.1481481481481481,0.6289797017373729,0.4024712088216445,0.0,0.06370946023929519,0.14445644701954238,0.13715132384204085,0.7161674337296411,0.4368484070743861,0.494068312311156,Banks—Regional,Financial Services,BFC
2022Q1,2022,Q1,2022-05-10,2022-03-31,10183000.0,25993000.0,15523000.0,1.35,25993000.0,1.0,2924936000.0,318303000.0,405337000.0,0.0,2606633000.0,0.0,266614000.0,542823533.37,460711533.37,42.21377954588586,0.0,0.008631641854727761,0.07931750564713497,0.033849022494744856,42.21377954588586,0.03199153008297126,20.883450674027625,13.326709549494256,1.7053673178386632,0.16429343022684867,0.0,0.003082032920742307,0.008886690170314838,0.0,0.003481443696545839,366.2776878340081,1.0,-0.07534246575342457,0.28381907881130425,0.3012807032092756,0.0,-0.057951580168164686,-0.0878717305625224,-0.060805905130687316,0.3478923235371305,0.3149590811131066,0.548907885068113,Banks—Regional,Financial Services,BFC
2021Q4,2021,Q4,2022-03-16,2021-12-31,11164000.0,27592000.0,16528000.0,1.46,27592000.0,1.0,2937552000.0,322653000.0,241860000.0,8011000.0,2614899000.0,0.0,258104000.0,549424281.8399999,528264281.8399999,42.4234120886338,30.19098739233554,0.011411542672265887,0.10389489637474314,0.03520358720651585,42.4234120886338,0.03460063907665511,19.912448602493473,12.303481768183447,1.702833328188487,0.15039412396990326,0.0,0.0030559260948152785,0.009392855003077393,30.19098739233554,0.003800443362364309,56.075146135946106,1.0,0.0,2.0066615842857205,0.48060138276475134,0.7612627973330661,0.04297864297864298,-0.004813692280263861,-0.016775728732897083,0.5922052281199605,0.3821061009977535,0.5999430272875909,Banks—Regional,Financial Services,BFC
2021Q3,2021,Q3,2021-11-09,2021-09-30,11218000.0,26455000.0,16810000.0,1.46,26455000.0,1.0,2846605000.0,315262000.0,2532111000.0,0.0,2531343000.0,0.0,248619000.0,539004690.6700001,532087690.6700001,41.45162060134841,0.0,0.009372217079643997,0.08462485171064067,0.037146894763860266,41.45162060134841,0.03558310230855606,20.374397681723686,12.012049622704584,1.7097039626405977,0.34061330005348545,0.0,0.007088992111089748,0.00929352685040601,0.0,0.003940834783891688,45.09367444741906,1.0,-0.02666666666666669,1.3653445248993061,0.7546369013729878,0.0,-0.022899353647276084,-0.02857637686179425,-0.034241066298977364,0.6557492459500661,0.3629892312791604,0.6320127477689848,Banks—Regional,Financial Services,BFC
2021Q2,2021,Q2,2021-08-09,2021-06-30,11548000.0,27075000.0,17406000.0,1.5,27075000.0,1.0,2818950000.0,311430000.0,2499672000.0,0.0,2507520000.0,0.0,241222000.0,533971927.09,530043927.09,40.69216001375613,0.0,0.00947054754429841,0.08572391869762065,0.03906581260763961,40.69216001375613,0.03708056385062454,19.72195483250231,11.559835622835122,1.7145808916610472,0.13985105645999307,0.0,0.003024503570442936,0.009604640025541424,0.0,0.004096560776175527,108.57501567507116,1.0,0.00671140939597316,0.5728513324304155,0.3382067977210965,0.0,-0.010235788704076038,0.0029529268716345317,-0.006903634392651338,0.5728513324304155,0.3382067977210965,0.0,Banks—Regional,Financial Services,BFC
2021Q1,2021,Q1,2021-05-10,2021-03-31,11514000.0,27355000.0,17527000.0,1.49,27355000.0,1.0,2846199000.0,303442000.0,2513083000.0,0.0,2542757000.0,0.0,231289000.0,574221001.99,575944001.99,39.62780097060309,0.0,0.010704451796940411,0.1004046901879107,0.03979285490576158,39.62780097060309,0.03794464840068283,20.991445877901665,12.467886963479243,1.8923583485147077,0.14052457877366684,0.0,0.0028177304459306024,0.009611063737988805,0.0,0.00404539527981002,117.2837013868464,1.0,-0.006666666666666672,0.4294372056256838,0.3485345476697227,0.0,-0.10202540787184454,-0.0013876843018213356,-0.03782389108476065,0.4294372056256838,0.3485345476697227,0.0,Banks—Regional,Financial Services,BFC
2020Q4,2020,Q4,2021-03-12,2020-12-31,11530000.0,30463000.0,18216000.0,1.5,30463000.0,1.0,2718016000.0,294857000.0,2387285000.0,0.0,2423159000.0,0.0,221393000.0,496346250.81999993,495865250.81999993,38.50664875260878,0.0,0.015073126869010337,0.13894531925645312,0.04010867630976955,38.50664875260878,0.03910370111613426,16.293413347995926,10.76206094579358,1.6833456584717337,0.14076322636600175,0.0,0.003269894750526848,0.011207807459558737,0.0,0.00424206480020721,26.41685298951514,1.0,0.056338028169014134,2.084241815858822,0.6236111778239943,0.5986533038937755,0.15468880297172313,0.05258353113018076,0.04144988851409296,2.084241815858822,0.6236111778239943,0.5986533038937755,Banks—Regional,Financial Services,BFC
2020Q3,2020,Q3,2020-11-06,2020-09-30,10954000.0,26382000.0,17491000.0,1.42,26382000.0,1.0,2639247000.0,286104000.0,2301615000.0,0.0,2353143000.0,0.0,211486000.0,450438676.40000004,461756676.40000004,37.284331208464586,0.0,0.017299252400400568,0.1595818303833571,0.03986149727902074,37.284331208464586,0.038286776836395156,17.07371224319612,10.280232709512507,1.574387902301261,0.1415008216176739,0.0,0.003441089944557878,0.00999603295940092,0.0,0.00415042623899923,314.55214832402237,1.0,0.2792792792792791,1.2892026889126083,0.7342821265080653,0.0,-0.005691026269174236,0.3203953712632594,0.2014699821404039,1.2892026889126083,0.7342821265080653,0.0,Banks—Regional,Financial Services,BFC
2020Q2,2020,Q2,2020-08-07,2020-06-30,8296000.0,26533000.0,14558000.0,1.11,26533000.0,1.0,2657911000.0,276100000.0,2319353000.0,0.0,2381811000.0,0.0,202082000.0,474032255.9,483449255.9,37.33503317490172,0.0,0.01644938449782555,0.1583520463600145,0.03441737015299513,37.33503317490172,0.03004708438971387,17.865761726906115,14.28496431714079,1.7168861133647229,0.18599324975891995,0.0,0.0032550527538900333,0.009982651789318755,0.0,0.0031212482284019294,24.60332464317226,1.0,0.08823529411764713,0.16936335463405822,0.35719096696455543,0.0,0.34167677993527507,0.14175612441508395,0.08021072939081397,0.16936335463405822,0.35719096696455543,0.0,Banks—Regional,Financial Services,BFC
2020Q1,2020,Q1,2020-05-11,2020-03-31,7266000.0,19776000.0,13477000.0,1.02,19776000.0,1.0,2200320000.0,237682000.0,1846515000.0,0.0,1962638000.0,0.0,195329000.0,393606640.0,432768640.0,33.81597424271094,0.0,0.030621455061082024,0.2834753999040735,0.03637803866170656,33.81597424271094,0.030570257739332387,19.903248381877024,13.542755298651251,1.6560220799219125,0.19694467382328654,0.0,0.0036356093992723293,0.008987783595113439,0.0,0.0033022469458987786,-101.02839835728953,1.0,-0.028571428571428595,-0.017266908947153776,0.06209934531102734,0.0,-0.06087947573368791,-0.025874782142378334,-0.0831349071365399,-0.017266908947153776,0.06209934531102734,0.0,Banks—Regional,Financial Services,BFC
2019Q4,2019,Q4,2020-03-11,2019-12-31,7459000.0,21058000.0,14699000.0,1.05,21058000.0,1.0,2210168000.0,230211000.0,1851300000.0,0.0,1979957000.0,0.0,189494000.0,492078586.90000004,507431586.90000004,32.753045019768976,0.0,0.030953303097321107,0.29717085630139306,0.03791319304167329,32.753045019768976,0.03240071065240149,23.367774095355685,16.492780094516693,2.1375111827844893,0.18983777986325245,0.0,0.0028775891446944,0.009527782503411505,0.0,0.003374856571989098,48.783442738177854,1.0,0.12903225806451613,1.173707234103061,0.22272224472438265,0.35978500673569674,-0.059112640185871944,0.12013815888271512,0.08503727762604267,1.173707234103061,0.22272224472438265,0.35978500673569674,Banks—Regional,Financial Services,BFC
2019Q3,2019,Q3,2019-11-12,2019-09-30,6659000.0,22381000.0,13547000.0,0.93,22381000.0,1.0,2163501000.0,225332000.0,1865666000.0,0.0,1938169000.0,0.0,183551000.0,465695887.26000005,472332887.26000005,32.02190993727695,0.0,0.03163576074150185,0.30374735945183107,0.0366824631983732,32.02190993727695,0.02955195001153853,20.807644308118494,17.483702029584023,2.066709953579607,0.21354557741402613,0.0,0.003053494864141008,0.010344806866278314,0.0,0.003077881637216715,83.95454971335859,1.0,0.03333333333333336,0.5175480757042922,0.6044029513261537,0.0,0.3187790937481586,0.11187176490232092,0.0890746844601656,0.5175480757042922,0.6044029513261537,0.0,Banks—Regional,Financial Services,BFC
2019Q2,2019,Q2,2019-08-13,2019-06-30,5989000.0,16971000.0,12439000.0,0.9,16971000.0,1.0,1806467000.0,185448000.0,1567801000.0,0.0,1621019000.0,0.0,178314000.0,467757377.92,370220377.92,28.196373552991204,0.0,0.006366017203746318,0.06201199258013028,0.04941320355283945,28.196373552991204,0.032294767266295675,27.562157676035593,19.52568784104191,2.522310178163151,0.22023710135247954,0.0,0.0028198379379182916,0.009394580692589458,0.0,0.0033153110463684087,218.68040108461898,1.0,-0.09999999999999998,-0.05080374459896865,-0.02392541765956934,0.0,-0.015317667536988686,-0.09078487930772734,-0.050602961379941996,-0.05080374459896865,-0.02392541765956934,0.0,Banks—Regional,Financial Services,BFC
2019Q1,2019,Q1,2019-05-08,2019-03-31,6587000.0,17235000.0,13102000.0,1.0,17235000.0,1.0,1805408000.0,179177000.0,1564113000.0,0.0,1626231000.0,0.0,173644000.0,388150332.48,352530332.48,27.253899313728084,0.0,0.0063697513249082755,0.06418234483220503,0.0527582377115853,27.253899313728084,0.0367625309051943,22.52105207310705,14.731681056626687,2.166295520518817,0.19826931835433428,0.0,0.0033646757215319237,0.009546318616069055,0.0,0.0036484827806235486,-162.20239552026746,1.0,0.08695652173913039,-0.0475358777603879,-0.010402131975279671,0.0,-0.0012748449904386625,0.08678435901666391,0.1233816342279002,-0.0475358777603879,-0.010402131975279671,0.0,Banks—Regional,Financial Services,BFC
2018Q4,2018,Q4,2019-03-26,2018-12-31,6061000.0,17257000.0,11663000.0,0.92,17257000.0,1.0,1793165000.0,174323000.0,1558729000.0,0.0,1618842000.0,0.0,168363000.0,306365269.2,254600269.2,26.515576720600418,0.0,0.006413241391617614,0.06596949341165538,0.05124784784076403,26.515576720600418,0.03476879126678637,17.753101303818738,12.63674596601221,1.7574575311347327,0.21960072595281308,0.0,0.004344487230799985,0.00962376579957784,0.0,0.0033800570499647273,27.66028071505959,1.0,0.03370786516853935,0.8883630898737332,0.07126463134479567,0.10082844657222778,0.015476050370719077,0.02174645987862441,0.013292788879235448,0.8883630898737332,0.07126463134479567,0.10082844657222778,Banks—Regional,Financial Services,BFC
2018Q3,2018,Q3,2018-12-07,2018-09-30,5932000.0,16994000.0,11510000.0,0.89,16994000.0,1.0,1735754000.0,169133000.0,1503313000.0,2000000.0,1566621000.0,0.0,162075000.0,365913203.95000005,391812203.95000005,25.399078933675085,751.6565,0.034279051063687595,0.3517941501658458,0.03962749877669961,25.399078933675085,0.035072989895526006,21.531905610803815,15.421156606119354,2.1634642792949927,0.17886041807147673,0.0,0.002899594735982743,0.009790557878593394,78.8185,0.0034175349732738624,72.00181108815428,1.0,-0.07291666666666662,0.4285644584679097,0.2873446547528974,0.0,-0.03656669879244855,-0.07326980159350102,0.006558810668998688,0.4285644584679097,0.2873446547528974,0.0,Banks—Regional,Financial Services,BFC
2018Q2,2018,Q2,2018-06-30,2018-06-30,6401000.0,17639000.0,11435000.0,0.96,17639000.0,1.0,,,,,,,,358638490.0,,,0.0,0.0,0.0,0.0,,0.0,20.332132773966777,14.007127401968443,0.0,0.167317606623965,0.0,0.0029862940812627223,0.0,0.0,0.0,80.23232438478747,1.0,-0.08571428571428578,0.0,0.0,0.0,-0.00832068364535897,-0.09372787767237718,-0.06956875508543531,0.0,0.0,0.0,Banks—Regional,Financial Services,BFC
2018Q1,2018,Q1,2018-03-31,2018-03-31,7063000.0,17787000.0,12290000.0,1.05,17787000.0,1.0,,,,,,,,312217135.5,,,0.0,0.0,0.0,0.0,,0.0,17.553108196997808,11.051151617584594,0.0,0.15106895087073482,0.0,0.003417493400198081,0.0,0.0,0.0,-56.735805106305655,1.0,1.142857142857143,0.0,0.0,0.0,0.08114514952589351,1.1546674801708359,0.4494633801155797,0.0,0.0,0.0,Banks—Regional,Financial Services,BFC
2017Q4,2017,Q4,2017-12-31,2017-12-31,3278000.0,16452000.0,8479000.0,0.49,16452000.0,1.0,1753404000.0,161728000.0,1526388000.0,5000000.0,1591676000.0,0.0,145879000.0,300131310.90000004,267031310.90000004,24.086929078881386,305.2776,0.011406384381465995,0.12366442421844084,0.024744175877778007,24.086929078881386,0.020268599129402452,18.242846517140777,22.88981931818182,1.8557782876187179,0.33160463697376447,0.0,0.0036217480833320146,0.009382891792193928,35.1742,0.0018695064001222764,23.4973233304627,1.0,-0.20967741935483872,0.0,0.0,0.0,0.35084982346662286,-0.14434873401200732,0.10880083692951484,0.0,0.0,0.0,Banks—Regional,Financial Services,BFC
2017Q3,2017,Q3,2017-09-30,2017-09-30,3831000.0,12179000.0,7647000.0,0.62,12179000.0,1.0,,,,,,,,236527676.0,,,0.0,0.0,0.0,0.0,,0.0,19.420943919862058,15.435113286348212,0.0,,0.0,,0.0,0.0,0.0,0.0,1.0,0.0,0.0,0.0,0.0,0.0,0.0,0.0,0.0,0.0,0.0,Banks—Regional,Financial Services,BFC
2011Q4,2011,Q4,2011-12-31,2011-12-31,1872000.0,8076000.0,3910000.0,0.28,8076000.0,1.0,910028000.0,92821000.0,740862000.0,0.0,817207000.0,0.0,88831000.0,93383780.0,57054780.0,13.915628602740219,0.0,0.0040658089641197855,0.03986166923433275,0.03414382961343091,13.915628602740219,0.02016784994774889,11.563122833085686,12.471124465811966,1.0060630676247833,,0.0,,0.008874452214657132,0.0,0.002057079562387091,0.0,1.0,-0.1764705882352941,0.12970232251338656,0.0924944244896753,0.34235154843408017,-0.07268343093351705,-0.1857329273597216,-0.19745484400656815,5.968580548451504,0.014061415076300933,0.38714789771143937,Banks—Regional,Financial Services,BFC
2011Q3,2011,Q3,2011-09-30,2011-09-30,2299000.0,8709000.0,4872000.0,0.34,8709000.0,1.0,880161000.0,91751000.0,3539000.0,0.0,788410000.0,0.0,0.0,90048645.0,105059645.0,13.755215306127038,0.0,0.017054834285999947,0.16360584625780644,0.03440900588834381,13.755215306127038,0.025056947608200455,10.339722700654495,9.792153653762506,0.981445924295103,,0.0,,0.009894780614001302,0.0,0.0026120221186805596,0.0,1.0,0.17241379310344845,-0.23684610620534918,-0.3731558341469684,0.3763533555666587,-0.03895387331714853,0.20492662473794548,0.055002165439584236,0.7661378090835333,0.100947273628654,0.37604220916029896,Banks—Regional,Financial Services,BFC
2011Q2,2011,Q2,2011-06-30,2011-06-30,1908000.0,9062000.0,4618000.0,0.29,9062000.0,1.0,847565000.0,89769000.0,3539000.0,0.0,757796000.0,0.0,0.0,96718915.0,103177915.0,13.458075909970661,0.0,0.007620654463079528,0.07195134177722821,0.033763009754487955,13.458075909970661,0.021254553353607594,10.673020856323108,12.672813810272537,1.077419989083091,,0.0,,0.010691805348262376,0.0,0.00225115477868954,0.0,1.0,-0.21621621621621626,0.6797133453492099,0.32167810356572296,0.40964276108593206,-0.03173415963243936,-0.22690437601296595,-0.13778939507094848,0.21168734102837827,0.22203213747710196,0.3830095132030802,Banks—Regional,Financial Services,BFC
2011Q1,2011,Q1,2011-03-31,2011-03-31,2468000.0,9359000.0,5356000.0,0.37,9359000.0,1.0,837664000.0,87281000.0,3539000.0,0.0,750383000.0,0.0,0.0,90048645.0,96690645.0,13.085077515602817,0.0,0.00792919356687168,0.0760990364455036,0.041127637457578144,13.085077515602817,0.028276486291403627,9.621609680521424,9.121621252025932,1.031709593153149,,0.0,,0.011172737517668181,0.0,0.0029462887267448523,0.0,1.0,0.5416666666666667,0.17684298393349393,0.2744791226853512,0.3579837762602313,0.0024635818337617825,0.5187692307692308,0.3192118226600985,-0.05128206398511686,-0.024010166409787682,0.11900023070599555,Banks—Regional,Financial Services,BFC
2010Q4,2010,Q4,2010-12-31,2010-12-31,1625000.0,9336000.0,4060000.0,0.24,9336000.0,1.0,831579000.0,85011000.0,653018000.0,0.0,746568000.0,0.0,83063000.0,80043240.0,69274240.0,12.744761456432798,0.0,0.009391771557482814,0.09187046382232887,0.03477380900903241,12.744761456432798,0.01911517333051017,8.573611825192803,12.314344615384615,0.941563327098846,,0.0,,0.011226834732478815,0.0,0.0019541138003725442,0.0,1.0,-0.3142857142857143,0.14524588885429568,0.3873095403419371,0.35038580986846407,-0.1011841725233465,-0.2998707453683757,-0.2527148904840788,0.12033707693974832,0.19245005464515724,0.12314437382001718,Banks—Regional,Financial Services,BFC
2010Q3,2010,Q3,2010-09-30,2010-09-30,2321000.0,10387000.0,5433000.0,0.35,10387000.0,1.0,803947000.0,87304000.0,4561000.0,0.0,716643000.0,0.0,0.0,80043240.0,93221240.0,13.088525651885156,0.0,0.016391627806310614,0.15094382846146798,0.039143806577809616,13.088525651885156,0.026585265279941355,7.70609800712429,8.621632916846186,0.9168335929625218,,0.0,,0.01292000592078831,0.0,0.0028870062329979466,0.0,1.0,0.7499999999999998,1.6821168205251729,0.6528108184515254,0.4454004389118266,0.20415024345003477,0.720533728687917,0.3135880077369439,0.22820858881797537,0.43488984989111873,0.18052540694342817,Banks—Regional,Financial Services,BFC
2010Q2,2010,Q2,2010-06-30,2010-06-30,1349000.0,8626000.0,4136000.0,0.2,8626000.0,1.0,815049000.0,84967000.0,3539000.0,0.0,730082000.0,0.0,0.0,80043240.0,104885240.0,12.738165021805713,0.0,0.030479149106372744,0.2923723327880236,0.030812993161216513,12.738165021805713,0.01587675215083503,9.279299791328542,14.833810229799854,0.9420509138842139,,0.0,,0.010583412776409762,0.0,0.0016551152139319231,0.0,1.0,-0.3939393939393939,-0.3846500616416827,0.30226187940656873,0.34393966183279967,-0.043574675684665706,-0.3740139211136891,-0.2702893436838391,-0.5222721858498575,-0.14699055769721436,0.10442896146229438,Banks—Regional,Financial Services,BFC
2010Q1,2010,Q1,2010-03-31,2010-03-31,2155000.0,9019000.0,5668000.0,0.33,9019000.0,1.0,833752000.0,83304000.0,3639000.0,0.0,750448000.0,0.0,0.0,71833333.0,97384333.0,12.756529061515216,0.0,0.030645803548297334,0.3067199654278306,0.03901574033773859,12.756529061515216,0.025869105925285702,7.964667147133828,8.333333294663573,0.8623035268414482,,0.0,,0.010817365355645325,0.0,0.002584701445993533,0.0,1.0,0.5714285714285715,0.03125000478538288,0.40085392855422886,0.3127780534067106,-0.11725555446804346,0.5787545787545788,0.18726434855467114,0.18932000551888647,0.2994747649102177,0.205123688151968,Banks—Regional,Financial Services,BFC
2009Q4,2009,Q4,2009-12-31,2009-12-31,1365000.0,10217000.0,4774000.0,0.21,10217000.0,1.0,838754000.0,81293000.0,607142000.0,4200000.0,757461000.0,0.0,78383000.0,60078787.599999994,67467787.6,12.448580104169745,144.55761904761906,0.03139776382586551,0.32395163175181135,0.03559471191809741,12.448580104169745,0.016791113626019462,5.880276754428892,11.003440952380952,0.7390401092344974,,0.0,,0.012181163964642791,4.510952380952381,0.0016274139974295204,0.0,1.0,-0.34375000000000006,-0.25088683333339296,0.6442774903945717,0.2915498709552488,0.070852111937952,-0.34185149469623916,0.6680642907058001,-0.15860309596373934,0.41174543942232505,0.20083477762171595,Banks—Regional,Financial Services,BFC
2009Q3,2009,Q3,2009-09-30,2009-09-30,2074000.0,9541000.0,2862000.0,0.32,9541000.0,1.0,784255000.0,81587000.0,3539000.0,0.0,702668000.0,0.0,0.0,63017423.95,90114423.95,12.493600986049193,0.0,0.03455126202574418,0.33212399034159856,0.019082845681057007,12.493600986049193,0.0254207165357226,6.604907656430144,7.59612149831244,0.772395405518036,,0.0,,0.012165685905732191,0.0,0.0026445480105322886,0.0,1.0,0.14285714285714277,0.09515967734112075,0.5199722833426809,0.34279125009995337,-0.05272041302621128,0.1259500542888165,-0.5097636176772867,-0.2967787491849377,-0.2985523338898137,0.25011562942240656,Banks—Regional,Financial Services,BFC
2009Q2,2009,Q2,2009-06-30,2009-06-30,1842000.0,10072000.0,5838000.0,0.28,10072000.0,1.0,761999000.0,77354000.0,3539000.0,0.0,684645000.0,0.0,0.0,65303030.0,98653030.0,11.845392166335927,0.0,0.043766461635776424,0.4311347829459369,0.03856223844898155,11.845392166335927,0.023812601804690126,6.483620929308976,8.863060532030401,0.8442101248804199,,0.0,,0.01321786511530855,0.0,0.0024173260069895106,0.0,1.0,0.5555555555555558,0.08488303196139495,0.8304387028813279,0.35034658893712284,0.10196936542669584,0.3251798561151079,0.10400907715582451,0.6563667706923518,0.5004704101361038,0.24072500639772712,Banks—Regional,Financial Services,BFC
2009Q1,2009,Q1,2009-03-31,2009-03-31,1390000.0,9140000.0,5288000.0,0.18,9140000.0,1.0,778274000.0,90957000.0,3639000.0,0.0,687317000.0,0.0,0.0,69499998.0,106113998.0,11.778604655499414,0.0,0.047045128065437106,0.40254186043954837,0.034522159135631704,11.778604655499414,0.015281946414239696,7.603938512035011,12.49999964028777,0.7640972987235727,,0.0,,0.01174393594029866,0.0,0.0017860033869819627,0.0,1.0,3.4999999999999996,-0.41935485986274823,0.23883395604025945,0.2975192186331659,-0.008676789587852495,3.469453376205788,0.3923117430226435,-0.4274817983222363,0.07510431557220754,0.22239658191390954,Banks—Regional,Financial Services,BFC
2008Q4,2008,Q4,2008-12-31,2008-12-31,311000.0,9220000.0,3798000.0,0.04,9220000.0,1.0,794128000.0,77468000.0,571301000.0,0.0,716660000.0,0.0,75319000.0,84172219.8,90856219.8,10.031827626815183,0.0,0.03547287087220196,0.36363401662621986,-0.02859686477425754,10.031827626815183,0.004014560850931998,9.129308004338395,67.66255610932475,1.0865417953219394,,0.0,,0.011610219007515162,0.0,0.00039162452400620554,0.0,1.0,-0.7999999999999999,-0.8394210513301171,0.3670215980005667,0.15368699614370507,0.006770037126010046,-0.7936297279362973,1.7109207708779444,-0.8106754661459259,0.18343547025893853,0.0629337960233076,Banks—Regional,Financial Services,BFC
2008Q3,2008,Q3,2008-09-30,2008-09-30,1507000.0,9158000.0,1401000.0,0.2,9158000.0,1.0,767516000.0,77193000.0,3639000.0,0.0,690323000.0,0.0,0.0,114520552.26,143591552.26,9.996216114999024,0.0,0.03787673481725463,0.3766015053178397,0.014181660769404502,9.996216114999024,0.01952249556306919,12.504974040183447,18.99810090577306,1.4835613625587813,,0.0,,0.011931998811751155,0.0,0.001963476982890259,0.0,1.0,-0.1666666666666666,-0.3270652282882933,0.25718934782576497,0.19675908002672735,0.06674432149097263,-0.17334064728469556,-0.7653266331658292,0.5042393060212749,0.2587363832194509,0.1039085336548982,Banks—Regional,Financial Services,BFC
2008Q2,2008,Q2,2008-06-30,2008-06-30,1823000.0,8585000.0,5970000.0,0.24,8585000.0,1.0,739681000.0,75145000.0,3639000.0,0.0,664536000.0,0.0,0.0,115833330.0,137476330.0,9.731007474273596,0.0,0.02925991069123041,0.28801650143056756,0.06729193768475386,9.731007474273596,0.024259764455386253,13.49252533488643,15.884987657707077,1.5414642358107657,,0.0,,0.011606354631253202,0.0,0.002464575945576539,0.0,1.0,-0.38461538461538464,-0.1859587873767886,0.17704352347119587,0.11902308990554814,-0.1032069361746579,-0.2980361956103196,-0.265501968503937,-0.28171299159795055,0.11951599922030094,0.026669608368272826,Banks—Regional,Financial Services,BFC
2008Q1,2008,Q1,2008-03-31,2008-03-31,2597000.0,9573000.0,8128000.0,0.39,9573000.0,1.0,729175000.0,77867000.0,3639000.0,0.0,651308000.0,0.0,0.0,100750276.62,118139276.62,11.693543179474796,0.0,0.02384749888572702,0.2233166810073587,0.06692742610055272,11.693543179474796,0.03335174078878087,10.524420413663428,9.69871742587601,1.293876438285795,,0.0,,0.013128535673878013,0.0,0.0035615592964651833,0.0,1.0,0.7727272727272728,0.4444445755004571,0.5929857759611027,0.47182968463296077,0.22479529170931423,0.7935082872928176,0.19336367640581412,0.21875006570081218,0.4581712720543321,0.20338587232872654,Banks—Regional,Financial Services,BFC
2007Q4,2007,Q4,2007-12-31,2007-12-31,1448000.0,7816000.0,6811000.0,0.22,7816000.0,1.0,720503000.0,75562000.0,3639000.0,0.0,644941000.0,0.0,0.0,100483917.66,127262917.66,11.34739375765696,0.0,0.03716709021336483,0.3543977131362325,0.06878466881872804,11.34739375765696,0.019163071385087743,12.856181890992834,17.348742689917128,1.3298207784336042,,0.0,,0.010847977038263547,0.0,0.0020097071073958053,0.0,1.0,-0.21428571428571436,-0.025451569648330525,-0.5996463184676375,0.471779170154731,0.07333150233452349,-0.2382956338769069,-0.15892813040256853,-0.22069160554547423,0.23356569193785662,0.17730093076809603,Banks—Regional,Financial Services,BFC
2007Q3,2007,Q3,2007-09-30,2007-09-30,1901000.0,7282000.0,8098000.0,0.28,7282000.0,1.0,694978000.0,74394000.0,28781000.0,0.0,620584000.0,0.0,0.0,100985500.0,99775500.0,11.087034277198212,0.0,0.03967175939382254,0.3706078447186601,0.06090209592084321,11.087034277198212,0.02555313600559185,13.867824773413897,13.280576012624934,1.3574414603328226,,0.0,,0.010478029520358917,0.0,0.002735338384812181,0.0,1.0,-0.282051282051282,-0.47136943539416887,1.359930007217239,-0.28957278481766074,-0.2215095146461407,-0.2722052067381317,1.2683473389355742,-0.023074102849993477,0.12902422331424998,0.19161582266025803,Banks—Regional,Financial Services,BFC
2007Q2,2007,Q2,2007-06-30,2007-06-30,2612000.0,9354000.0,3570000.0,0.39,9354000.0,1.0,679822000.0,71163000.0,24718000.0,0.0,608659000.0,0.0,0.0,93043600.0,95947600.0,11.533711507293354,0.0,0.0406312240557087,0.38815114596068184,0.026456082659923448,11.533711507293354,0.03670446720908337,9.94693179388497,8.90539816232772,1.3074715793319562,0.0,0.0,0.0,0.013759484100249771,0.0,0.0038421822182865516,0.0,1.0,0.3928571428571428,-0.18588708276631305,2.04606589561041,-0.22212682129583247,0.31081838565022424,0.4020397208803006,-0.5258334440164697,0.6282257998152544,0.7992230531027346,0.3148157336589054,Banks—Regional,Financial Services,BFC
2007Q1,2007,Q1,2007-03-31,2007-03-31,1863000.0,7136000.0,7529000.0,0.28,7136000.0,1.0,673426000.0,71072000.0,38890000.0,0.0,602354000.0,0.0,0.0,102325200.48,91257200.48,10.585244640802877,0.0,0.04131411617609062,0.3914621791985592,0.06292544522005215,10.585244640802877,0.026212854570013506,14.339293789237669,13.731240000000001,1.4397399887438092,,0.0,,0.010596561463323365,0.0,0.0027664509537796284,0.0,1.0,0.1200000000000001,-0.4861676491669384,1.5075096781960682,-0.24002848772042223,-0.04098911436634861,0.11690647482014388,2.6249398170438134,-0.10493722495369484,0.11241386136558279,0.1660598820559623,Banks—Regional,Financial Services,BFC
