Quarters,Year,Quarter,FillingDate,Date,NetIncome,Revenue,OperatingIncome,EPSDiluted,GrossProfit,GrossProfitRatio,TotalAssets,CommonStockEquity,CurrentAssets,CurrentLiability,TotalLiability,Inventory,RetainedEarnings,MarketCap,EnterpriseValue,bookValuePerShare,currentRatio,debtToAssets,debtToEquity,roic,shareholdersEquityPerShare,roe,priceToSalesRatio,peRatio,pbRatio,payoutRatio,inventoryTurnover,dividendYield,assetTurnover,quickRatio,returnOnAssets,priceToFreeCashFlowsRatio,grossProfitMargin,epsdilutedGrowth,fiveYNetIncomeGrowthPerShare,fiveYRevenueGrowthPerShare,fiveYShareholdersEquityGrowthPerShare,grossProfitGrowth,netIncomeGrowth,operatingIncomeGrowth,threeYNetIncomeGrowthPerShare,threeYRevenueGrowthPerShare,threeYShareholdersEquityGrowthPerShare,Industry,Sector,Symbol
2023Q1,2023,Q1,2023-03-13,2023-03-31,-113015000.0,925946000.0,-114411000.0,-3.11,343409000.0,0.3708736795,8406382000.0,3132310000.0,5986567000.0,5135062000.0,5288433000.0,0.0,-7619772000.0,1327501945.668864,-37665054.33113599,86.24287499781798,1.1658217563877515,0.03345838911436573,0.0897944328626477,-0.03297035777556281,86.24287499781798,-0.03608040072662029,1.433671019334674,-2.9365613981968415,0.4238092480210656,0.0,0.0,0.0,0.11014798042725159,0.8808203289463691,-0.01344395246373529,-2.1646500457696263,0.3708736794586293,0.41760299625468167,-26.410311714228918,207.02466878294328,0.0,-0.31464865188496616,0.42668357641090676,0.3484789813559901,-25.015253905928525,151.19980279272997,68.21489952925205,Software—Application,Technology,OCFT
2022Q4,2022,Q4,2022-12-31,2022-12-31,-197125000.0,1242434000.0,-175606000.0,-5.34,501070000.0,0.4032970765,8882382000.0,3292707000.0,6374276000.0,5446321000.0,5604327000.0,0.0,-7510899000.0,1353066556.654008,-221094443.3459921,89.12406177277443,1.1703819881347426,0.037559181760027885,0.10131937035393675,-0.04421039565148501,89.12406177277443,-0.05986715489717123,1.0890450170021166,-1.716000705965768,0.4109283202708313,0.0,0.0,0.0,0.13987621788839977,1.096905415600733,-0.022192808190415587,7.728452538634695,0.40329707654491104,-0.3870129870129869,-30.429325866158674,239.7235134488406,86.62085423404868,0.3373885331618014,-0.40094094905087807,-0.13491889097136947,-26.325236597222634,137.01077455369702,63.689890489940915,Software—Application,Technology,OCFT
2022Q3,2022,Q3,2022-09-30,2022-09-30,-140709000.0,1068865000.0,-154730000.0,-3.85,374663000.0,0.3505241541,8963926000.0,3528070000.0,6337769000.0,5106780000.0,5430720000.0,0.0,-7333562000.0,1882214526.1546478,755211526.1546478,96.41022238511316,1.2410499375340234,0.03667634025537471,0.09318522591671934,-0.03691075156398241,96.41022238511316,-0.03988271207770821,1.7609469167337763,-3.3441615784254166,0.5334969334947004,0.0,0.0,0.0,0.1192407210858278,0.9570057844669244,-0.01569725140524364,-14.704341474912095,0.3505241541261057,-53.53257790368272,-47.42483562469981,179.11113270659325,118.0150143529219,-0.08674912005304057,0.4543709574847606,0.35356514691321406,-47.42483562469981,179.11113270659325,118.0150143529219,Software—Application,Technology,OCFT
2022Q2,2022,Q2,2022-06-30,2022-06-30,-257884000.0,1133765000.0,-239359000.0,-0.0706,410252000.0,0.3618492368,8997374000.0,3412556000.0,6397377000.0,5229612000.0,5571536000.0,-765119000.0,-7200999000.0,418589815073.4,417506255073.4,0.9340326181883857,1.223298592706304,0.040178167540884706,0.10593174148644008,-0.058312263288616085,0.9340326181883857,-0.07556916282106432,369.20333144293573,-405.7927353707481,122.66166916334853,0.0,-0.9456215307684164,0.0,0.12601065599807232,1.0968662684726898,-0.028662140753513192,1285.4452338897795,0.3618492368347938,0.9921380846325166,0.23986869823434925,1.1748049999947041,0.0,0.17540275792121618,0.22396090373990393,0.29116829196786315,0.23986869823434925,1.1748049999947041,0.0,Software—Application,Technology,OCFT
2022Q1,2022,Q1,2022-03-31,2022-03-31,-332308000.0,1018938000.0,-337681000.0,-8.98,349031000.0,0.3425439036,8382084000.0,3477198000.0,5820050000.0,4527799000.0,4878509000.0,0.0,-6956210000.0,3319171297.8264,2343305297.8264,93.97504281742378,1.285403791113519,0.035173710976888324,0.08478924697414413,-0.08426624377232379,93.97504281742378,-0.09556775311615848,3.2574811203688543,-2.4970594281708536,0.9545534357912319,0.0,0.0,0.0,0.12156141599153623,0.9837221131061692,-0.03964503338310616,-2.9670055420216785,0.34254390355448516,-90.353001017294,-78.11217125944808,223.69921781193807,0.0,-0.22460817310362446,0.08497696664638227,0.11177016779203153,-78.11217125944808,223.69921781193807,0.0,Software—Application,Technology,OCFT
2021Q4,2021,Q4,2021-12-31,2021-12-31,-363169000.0,1280265000.0,-380173000.0,-0.0983,450135000.0,0.3515951776,9340607000.0,3793982000.0,6898394000.0,5162412000.0,5505525000.0,0.0,-6638625000.0,581449752082.6539,580865642082.6539,1.0269814813842346,1.3362734318764176,0.08728126555372687,0.21488241114480774,-0.07625980391813428,1.0269814813842346,-0.09572238350102874,454.16359275826017,-400.2611401872502,153.25580144625198,0.0,0.0,0.0,0.13706443275046257,1.1308603420261691,-0.03888066375129582,1183.0636408601279,0.3515951775608956,-0.34766590040718254,0.4209346320050156,1.480678719066196,0.009659937973383192,0.18970342981136962,-0.3467762870005711,-0.34299733642317665,0.4209346320050156,1.480678719066196,0.009659937973383192,Software—Application,Technology,OCFT
2021Q3,2021,Q3,2021-09-30,2021-09-30,-269658000.0,1064581000.0,-283078000.0,-0.07294092695400227,378359000.0,0.3554064932588502,9843776000.0,4247870000.0,7564300000.0,5163829000.0,5549996000.0,0.0,-6280266000.0,977003177373.108,976292057373.108,1.1490242283933636,1.464862604861625,0.12013408269347048,0.278391994105281,-0.04740940721265115,1.1490242283933636,-0.06348075623783214,917.7349373820387,-905.7798928393634,229.99837032986133,0.0,0.0,0.0,0.10814762546404957,1.0687398827497967,-0.027393756217126437,2936.5360930464376,0.3554064932588502,0.2276678743321832,0.0813889495278165,0.7756954822952375,0.4184298267442554,0.14792689364749,0.22723026221521708,0.2839975819445112,0.0813889495278165,0.7756954822952375,0.4184298267442554,Software—Application,Technology,OCFT
2021Q2,2021,Q2,2021-06-30,2021-06-30,-348950000.0,967746000.0,-395359000.0,-0.09444243548840082,329602000.0,0.3405873028666613,8886696000.0,4487909000.0,6881716000.0,4030785000.0,4352561000.0,0.0,-6010608000.0,2872391576955.016,2872629219955.016,1.2146412271394567,1.707289274917913,0.13035992229282964,0.25813112520775267,-0.0650321859649023,1.2146412271394567,-0.07775335908103306,2968.1254967264304,-2057.8819149985784,640.0289259329938,0.0,0.0,0.0,0.10889829020819436,1.3738909418388725,-0.03926656206086041,-3741.3841715631256,0.3405873028666613,-0.14119351053411214,-0.017066011425045647,0.8356098576169745,0.0,0.1832564484572167,-0.1451045508840555,-0.1422269089648398,-0.017066011425045647,0.8356098576169745,0.0,Software—Application,Technology,OCFT
2021Q1,2021,Q1,2021-03-31,2021-03-31,-304732000.0,819765000.0,-346130000.0,-0.08275759949265658,278555000.0,0.33979860081852725,9155210000.0,4951729000.0,7237933000.0,3802796000.0,4131625000.0,0.0,-5661658000.0,3572560959993.467,3571258392993.467,1.3447659103020781,1.903318768611306,0.1155968022579493,0.2137259530963831,-0.05316607651451569,1.3447659103020781,-0.061540524531936217,4358.030606324333,-2930.9040074503714,721.4774798849991,0.0,0.0,0.0,0.0895408188343031,1.6116360172883322,-0.033285091221282745,-7753.239507519736,0.33979860081852725,0.19514446106559422,0.2710004149540935,0.8165605792082312,0.0,-0.24381735754811737,0.1649393569036671,0.16360789392925235,0.2710004149540935,0.8165605792082312,0.0,Software—Application,Technology,OCFT
2020Q4,2020,Q4,2020-12-31,2020-12-31,-364922000.0,1075726000.0,-413837000.0,-0.10282292348043488,368370000.0,0.34243850199772063,10885258000.0,5195369000.0,8939717000.0,5166698000.0,5599975000.0,0.0,-5356926000.0,4562373490488.27,4561601603488.27,1.4638827725914676,1.730257313278229,0.20976140390976494,0.43948889867110497,-0.049729297682786076,1.4638827725914676,-0.07023986169221089,4241.20407100718,-3125.5812820878637,878.1615878464589,0.0,0.0,0.0,0.09882411606596739,1.2107343994171906,-0.03352442358279427,9867.194136590126,0.34243850199772063,-0.5121184398312714,0.3943225243506522,1.169675917748297,0.43919225046086097,-0.020209166737594687,-0.5015821417549635,-0.6522351889041047,0.3943225243506522,1.169675917748297,0.43919225046086097,Software—Application,Technology,OCFT
2020Q3,2020,Q3,2020-09-30,2020-09-30,-243025000.0,881447000.0,-250471000.0,-0.06799925242093358,375968000.0,0.4265350043734904,11136730000.0,5948900000.0,9271258000.0,4749856000.0,5075953000.0,0.0,-4992004000.0,5168648550381.734,5169019767381.734,1.6645232084225563,1.951902962952982,0.22013723956673098,0.4121113146968347,-0.027776954200690665,1.6645232084225563,-0.04085209030240885,5863.822272220264,-5316.992645182321,868.8410547129275,0.0,0.0,0.0,0.07914773905805385,1.4244322354193475,-0.021821935164092154,-16639.88741921503,0.4265350043734904,0.2865099218161356,0.14362392546631172,0.5208318535387267,1.0547951103136504,0.26471448995038266,0.2656390700260475,0.305335529892058,0.14362392546631172,0.5208318535387267,1.0547951103136504,Software—Application,Technology,OCFT
2020Q2,2020,Q2,2020-07-24,2020-06-30,-330934000.0,774318000.0,-360564000.0,-0.09530511285317461,297275000.0,0.3839184934355136,8914108000.0,4005040000.0,7034099000.0,4445102000.0,4791394000.0,0.0,-4748979000.0,4481110301187.102,4483013790187.102,1.1534045736656808,1.582438153275223,0.2735675852255773,0.6088855542017059,-0.04991562773386179,1.1534045736656808,-0.08262938697241476,5787.170518039231,-3385.199391107518,1118.8678018664236,0.0,0.0,0.0,0.08686432787217745,1.0133650476412015,-0.03712474652539548,-8414.21932610372,0.3839184934355136,0.20319932975509206,-0.02635632485247631,0.5628208162691574,0.0,0.47280311925605545,0.2020437540840119,0.1905696211056585,-0.02635632485247631,0.5628208162691574,0.0,Software—Application,Technology,OCFT
2020Q1,2020,Q1,2020-04-28,2020-03-31,-414727000.0,580799000.0,-445454000.0,-0.11960972977580608,201843000.0,0.3475264248044504,8859632000.0,4320355000.0,6603639000.0,3954042000.0,4407209000.0,0.0,-4418045000.0,2499474015787.9873,2500293107787.9873,1.2460160396732132,1.6700983449341207,0.2688469453358785,0.5513169635365612,-0.06169733846680617,1.2460160396732132,-0.09599373199656047,4303.509502922676,-1506.6983918264227,578.5344064985371,0.0,0.0,0.0,0.06555565739073586,1.047926653282894,-0.046810860767128926,-4247.043038036004,0.3475264248044504,0.38744251661414936,-0.0536246085986683,0.366786716972539,0.0,-0.2232176874675287,0.33041049445005044,0.23378175919857852,-0.0536246085986683,0.366786716972539,0.0,Software—Application,Technology,OCFT
2019Q4,2019,Q4,2020-02-19,2019-12-31,-619375000.0,772923000.0,-581367000.0,-0.19526286596757447,259845000.0,0.33618484635597595,9927321000.0,4370112000.0,7658807000.0,4939916000.0,5406780000.0,0.0,-4003318000.0,2216168762568.1753,2218309453568.1753,1.3777123612016773,1.5503921524171667,0.3242129472795329,0.7364950829635487,-0.08310188962373098,1.3777123612016773,-0.1417297771773355,2867.2568452073174,-894.5181685441676,507.11944283537247,0.0,0.0,0.0,0.07785816536002009,0.7828803161835141,-0.06239095119418421,-4969.6902534846295,0.33618484635597595,-1.459121838934084,-0.15019409820419216,0.7442371019748194,0.3544752289799201,0.1515604087818973,-1.163317127010073,-0.9050469898942236,-0.15019409820419216,0.7442371019748194,0.3544752289799201,Software—Application,Technology,OCFT
2019Q3,2019,Q3,2019-09-30,2019-09-30,-286308000.0,584739000.0,-305172000.0,-0.0794034939123683,225646000.0,0.385891825241689,8170252000.0,2920890000.0,6193262000.0,4576537000.0,5079770000.0,0.0,-3383943000.0,2577163419859.6,2579389719859.6,0.8100677289272302,1.3532638324567243,0.38449927860242256,1.0755132853342646,-0.044434523245201474,0.8100677289272302,-0.09802080872610745,4407.3739221423575,-2250.341782153834,882.321285587475,0.0,0.0,0.0,0.07156927350588452,0.6044627193006415,-0.035042737971852034,-5777.732635639422,0.385891825241689,0.14489080645761324,0.0,0.0,0.0,0.46832296519951067,0.15704742248615483,0.13819512691043412,0.0,0.0,0.0,Software—Application,Technology,OCFT
2019Q2,2019,Q2,2019-06-30,2019-06-30,-339649000.0,521912000.0,-354108000.0,-0.09285772450116028,153676000.0,0.2944481061941477,,,,,,,,2510303907965.0005,,,0.0,0.0,0.0,0.0,,0.0,4809.822169187527,-1847.719195378906,0.0,0.0,0.0,0.0,0.0,0.0,0.0,-5921.128576636311,0.2944481061941477,0.18202989157920602,0.0,0.0,0.0,0.20349907197844797,0.18202989157920593,0.2308103352774429,0.0,0.0,0.0,Software—Application,Technology,OCFT
2019Q1,2019,Q1,2019-03-31,2019-03-31,-415234000.0,448272000.0,-460365000.0,-0.1135221489700096,127691000.0,0.2848516079523147,,,,,,,,2457413051912.0,,,0.0,0.0,0.0,0.0,,0.0,5481.9686527643935,-1479.5350645130216,0.0,0.0,0.0,0.0,0.0,0.0,0.0,-4073.5216727507814,0.2848516079523147,0.33129883598837917,0.0,0.0,0.0,-0.1384977634446326,0.3312988359883792,0.14544502792736103,0.0,0.0,0.0,Software—Application,Technology,OCFT
2018Q4,2018,Q4,2018-12-31,2018-12-31,-620956000.0,510986000.0,-538719000.0,-0.1697651433548825,148219000.0,0.29006469844575,9382609000.0,3720487000.0,7858622000.0,5122390000.0,5551521000.0,0.0,-2342752000.0,2515717356579.0,2518620881579.0,1.0171558192609085,1.5341709631636795,0.3696788387963305,0.9322844025526765,-0.08240870966940195,1.0171558192609085,-0.1669018061345195,4923.260826282912,-1012.8404253195879,676.1795852475765,0.0,0.0,0.0,0.054460971356687676,0.7540199008665877,-0.06618159192182047,-4751.67509052807,0.29006469844575,0.0,0.0,0.0,0.0,0.0,0.0,0.0,0.0,0.0,0.0,Software—Application,Technology,OCFT
