Quarters,Year,Quarter,FillingDate,Date,NetIncome,Revenue,OperatingIncome,EPSDiluted,GrossProfit,GrossProfitRatio,TotalAssets,CommonStockEquity,CurrentAssets,CurrentLiability,TotalLiability,Inventory,RetainedEarnings,MarketCap,EnterpriseValue,bookValuePerShare,currentRatio,debtToAssets,debtToEquity,roic,shareholdersEquityPerShare,roe,priceToSalesRatio,peRatio,pbRatio,payoutRatio,inventoryTurnover,dividendYield,assetTurnover,quickRatio,returnOnAssets,priceToFreeCashFlowsRatio,grossProfitMargin,epsdilutedGrowth,fiveYNetIncomeGrowthPerShare,fiveYRevenueGrowthPerShare,fiveYShareholdersEquityGrowthPerShare,grossProfitGrowth,netIncomeGrowth,operatingIncomeGrowth,threeYNetIncomeGrowthPerShare,threeYRevenueGrowthPerShare,threeYShareholdersEquityGrowthPerShare,Industry,Sector,Symbol
2023Q1,2023,Q1,2023-04-28,2023-03-31,11549000.0,118914000.0,15455000.0,0.34,29022000.0,0.2440587315,184177000.0,132866000.0,142965000.0,34227000.0,51311000.0,66839000.0,129531000.0,453459010.0,390858010.0,3.8647430117222723,4.176965553510387,0.0,0.0,0.08972629017283724,3.8647430117222723,0.08692216217843542,3.813335772070572,9.815979954974456,3.4129048063462433,0.41709238895142436,1.3449034246472868,0.010622790359816647,0.645650651275675,2.153124726093435,0.06270598391764444,18.025162380252016,0.24405873152025834,-0.02857142857142844,0.5278738933757631,0.5438329596932986,0.8743908823021889,0.06229868228404099,-0.02597621658092266,0.04088092672413793,1.7094881015988515,0.9857497050062093,0.7038081965273416,Recreational Vehicles,Consumer Cyclical,MPX
2022Q4,2022,Q4,2023-02-27,2022-12-31,11857000.0,108509000.0,14848000.0,0.35,27320000.0,0.2517763503,163715000.0,124381000.0,124998000.0,23590000.0,39334000.0,73015000.0,122954000.0,402745860.0,359574860.0,3.6349582091296977,5.298770665536244,0.0,0.0,0.09352656950053988,3.6349582091296977,0.09532806457577926,3.7116355325364716,8.491731888336004,3.238001463245994,0.40330606392848106,1.111949599397384,0.011873492628825533,0.6627920471551171,2.0576091564222128,0.07242464038115017,19.093815957900727,0.251776350348819,0.029411764705882214,2.580364480675715,0.6764703666373043,0.8108989549419776,0.09258148370325935,0.03355997210599721,0.011513045847809796,2.3179012987409027,1.2324474113488824,0.596637927558329,Recreational Vehicles,Consumer Cyclical,MPX
2022Q3,2022,Q3,2022-10-28,2022-09-30,11472000.0,100061000.0,14679000.0,0.34,25005000.0,0.2498975625,161677000.0,116193000.0,124738000.0,30716000.0,45484000.0,82812000.0,115280000.0,283046220.0,256186220.0,3.472905520518875,4.06101054824847,0.0,0.0,0.09822373175995933,3.472905520518875,0.09873228163486612,2.828736670630915,6.168196914225942,2.4360006196586714,0.3577405857740586,0.9063420760276288,0.014499398720110091,0.6188944624158044,1.25179059773408,0.07095628939181207,30.12411877394636,0.249897562486883,0.17241379310344845,1.6166613013834363,0.7595021631921884,0.6645725149884665,0.08731573683523938,0.15238573581115017,0.11933811194143663,0.4842178243097484,0.40818644408483434,0.4376256815218753,Recreational Vehicles,Consumer Cyclical,MPX
2022Q2,2022,Q2,2022-07-29,2022-06-30,9955000.0,95813000.0,13114000.0,0.29,22997000.0,0.2400196216,149603000.0,108124000.0,112395000.0,26485000.0,41479000.0,78271000.0,107232000.0,318090480.0,296522480.0,3.2325998564936618,4.243722861997357,0.0,0.0,0.09211938722859268,3.2325998564936618,0.09207021567829529,3.319909406865457,7.98820894023104,2.941904480041434,0.41145153189352085,0.9303062436917888,0.012876839319428863,0.6404483867302126,1.1700585236926562,0.06654278323295656,26.41508719481814,0.24001962155448633,0.38095238095238093,0.699275655334471,0.3999696374336309,0.5880937182577386,0.25017667844522967,0.40945773750530934,0.4377809450718123,0.08247903537447311,0.10097447584494419,0.39358755005145585,Recreational Vehicles,Consumer Cyclical,MPX
2022Q1,2022,Q1,2022-04-29,2022-03-31,7063000.0,76612000.0,9121000.0,0.21,18395000.0,0.2401059886,141671000.0,101423000.0,103987000.0,24766000.0,40248000.0,78179000.0,100563000.0,385850850.0,372228850.0,3.0359804831322776,4.198780586287652,0.0,0.0,0.0695094826014304,3.0359804831322776,0.0696390365104562,5.0364283663133715,13.657470267591675,3.8043722824211472,0.5797819623389494,0.7446628890111155,0.010612909107236642,0.5407740469115062,0.9646693046919164,0.04985494561342829,89.37939541348159,0.24010598861797108,-0.16000000000000003,0.40376511684125815,0.127631992418377,0.5689702073661616,-0.039826704248877756,-0.16394412878787878,-0.10490677134445535,-0.03069361041994092,-0.054468929891085344,0.40052646751850435,Recreational Vehicles,Consumer Cyclical,MPX
2021Q4,2021,Q4,2022-02-28,2021-12-31,8448000.0,76537000.0,10190000.0,0.25,19158000.0,0.2503103074,132841000.0,98525000.0,93109000.0,18069000.0,34316000.0,73261000.0,97702000.0,424900000.0,410798000.0,2.8984761120263594,5.152969173722951,0.0,0.0,0.08200270746204784,2.8984761120263594,0.08574473483887338,5.551563296183545,12.573982007575758,4.3126110124333925,0.48271780303030304,0.7832134423499543,0.009597552365262415,0.576154952160854,0.9615363329459294,0.0635948238872035,49.69590643274854,0.25031030743300625,0.24999999999999994,1.4312713083926945,0.43232929188962965,0.6125970466038929,0.19409124906507105,0.2633467922835352,0.22138319549322785,0.8098782275435367,0.24916148874015606,0.3268817610644521,Recreational Vehicles,Consumer Cyclical,MPX
2021Q3,2021,Q3,2021-10-29,2021-09-30,6687000.0,75843000.0,8343000.0,0.2,16044000.0,0.21154226494205133,139792000.0,94233000.0,99582000.0,29815000.0,45559000.0,76747000.0,92739000.0,425252430.0,415622430.0,2.7721295560850763,3.3399966459835655,0.0,0.0,0.0709283955237291,2.7721295560850763,0.07096240170640858,5.607009611961552,15.898475773889638,4.512776097545446,0.6095409002542246,0.7791705213233091,0.009584895258564426,0.5425417763534394,0.6822404829783666,0.04783535538514364,-28.53468630477085,0.21154226494205133,0.1764705882352941,0.7612230224364036,0.545767136719304,0.088637313384559,0.09830230010952902,0.15412495685191577,0.13309792204264567,-0.051192924697242105,0.0701160939684529,0.18947242359926011,Recreational Vehicles,Consumer Cyclical,MPX
2021Q2,2021,Q2,2021-07-30,2021-06-30,5794000.0,67259000.0,7363000.0,0.17,14608000.0,0.21719026449991824,136257000.0,91036000.0,96417000.0,30064000.0,45221000.0,57109000.0,89556000.0,524867360.0,496258360.0,2.6780020003530036,3.2070582756785524,0.0,0.0,0.06355882944902473,2.6780020003530036,0.06364515136868931,7.8036747498476045,22.6470210562651,5.765492332703546,0.7036589575422851,0.9219387487086098,0.007767676770755949,0.4936186764716675,1.2258182543906333,0.042522585995581876,-225.36168312580506,0.21719026449991824,-0.2916666666666666,0.35713167510599936,0.1665586783563638,0.07667355627271305,-0.20875311450547068,-0.2844263307397802,-0.2655361596009975,-0.34475633761974483,-0.21406752744427254,0.1993420732425413,Recreational Vehicles,Consumer Cyclical,MPX
2021Q1,2021,Q1,2021-04-30,2021-03-31,8097000.0,78375000.0,10025000.0,0.24,18462000.0,0.2355598086124402,130165000.0,88735000.0,91384000.0,27430000.0,41430000.0,45929000.0,87269000.0,552496660.0,517480660.0,2.613080864597444,3.3315348158950053,0.0,0.0,0.09117646594659329,2.613080864597444,0.09124922522116415,7.049399170653907,17.05868408052365,6.22636682256156,0.41966160306286276,1.3044699427377038,0.0061502634242169,0.6021203856643491,1.5783448778709441,0.062205662044328355,70.01605119756685,0.2355598086124402,0.14285714285714285,1.3289560221404961,0.38838783979398606,0.08223952322731354,0.059147495840743504,0.15770660566199599,0.1037102278982715,0.08447215155910934,0.030139429127656464,0.26733781068073365,Recreational Vehicles,Consumer Cyclical,MPX
2020Q4,2020,Q4,2021-02-26,2020-12-31,6994000.0,71110000.0,9083000.0,0.21,17431000.0,0.24512726761355647,119422000.0,84519000.0,80536000.0,21662000.0,34903000.0,42310000.0,83079000.0,492455260.0,460882260.0,2.495467831940713,3.7178469208752656,0.0,0.0,0.08266871083173612,2.495467831940713,0.08275062412002035,6.9252603009422025,17.602775950814983,5.826562784699298,0.5810694881326851,1.2687071614275585,0.008252526331021422,0.5954514243606706,1.6747761056227495,0.05856542345631458,74.63705062140042,0.24512726761355647,0.1052631578947368,0.9807496956932011,0.5523721443009741,0.020211824477956778,0.07360187238236018,0.0702371843917368,0.08778443113772455,1.133684960397966,0.10997461505743102,0.24321651830895016,Recreational Vehicles,Consumer Cyclical,MPX
2020Q3,2020,Q3,2020-10-30,2020-09-30,6535000.0,68778000.0,8350000.0,0.19,16236000.0,0.23606385762889295,117471000.0,80475000.0,82510000.0,25199000.0,36996000.0,42890000.0,79679000.0,530633920.0,501619920.0,2.371934685215751,3.274336283185841,0.0,0.0,0.08110820769622948,2.371934685215751,0.0812053432743088,7.715169385559336,20.2996908951798,6.5937734700217465,0.41560826319816374,1.2250408020517602,0.005118406301655197,0.5854891845647011,1.4975594269613874,0.05563075141949928,50.47407210120803,0.23606385762889295,2.8000000000000003,1.2898257731126017,0.5897883785663107,-0.01689514164935812,1.0732984293193717,2.8283538371411834,3.0260366441658633,0.4698827798145933,0.19262317951168337,0.1368743724902897,Recreational Vehicles,Consumer Cyclical,MPX
2020Q2,2020,Q2,2020-07-31,2020-06-30,1707000.0,40818000.0,2074000.0,0.05,7831000.0,0.1918516340830026,110880000.0,76568000.0,77168000.0,23220000.0,34312000.0,43190000.0,75781000.0,470484500.0,447870500.0,2.253988813659111,3.3233419465977607,0.0,0.0,0.02213382795953089,2.253988813659111,0.02229390868247832,11.526397667695624,68.9051698886936,6.144662260996761,1.5793790275336848,0.7637647603611947,0.00573026316488641,0.36812770562770564,1.3925925925925926,0.015395021645021646,89.19137440758294,0.1918516340830026,-0.5833333333333333,-0.579913146373226,-0.2522427991954233,-0.040358418065195155,-0.3531841083670604,-0.5943441064638784,-0.5727235269880511,-0.7130998997750579,-0.4127534050944734,0.10732711591403393,Recreational Vehicles,Consumer Cyclical,MPX
2020Q1,2020,Q1,2020-05-01,2020-03-31,4208000.0,59119000.0,4854000.0,0.12,12107000.0,0.20479033813156514,109825000.0,76986000.0,77355000.0,23511000.0,32839000.0,45946000.0,76218000.0,274235200.0,254171200.0,2.2682969946965232,3.2901620518055377,0.0,0.0,0.0539809129926227,2.2682969946965232,0.05465928870184189,4.6386982188467325,16.292490494296576,3.562143766399086,0.9681558935361216,1.0232011491751185,0.014855860954392433,0.5383018438424767,1.2745948704861554,0.038315501934896426,50.88795694934125,0.20479033813156514,0.1999999999999999,0.5673817169374672,0.2735543873169325,-0.00851707999311954,0.15063676107203955,0.1880293619424054,0.1617999042604117,-0.176797633759364,-0.1435080068927945,0.17223757725388,Recreational Vehicles,Consumer Cyclical,MPX
2019Q4,2019,Q4,2020-02-28,2019-12-31,3542000.0,48175000.0,4178000.0,0.1,10522000.0,0.21841203943954332,104764000.0,77212000.0,70927000.0,17041000.0,27552000.0,41553000.0,76573000.0,488376000.0,468572000.0,2.2766327583665045,4.162138372161258,0.0,0.0,0.044927405501317734,2.2766327583665045,0.045873698388851476,10.13754021795537,34.4703557312253,6.325130808682588,2.1072840203274987,0.9061439607248574,0.015283306304978131,0.4598430758657554,1.6030749369168475,0.03380932381352373,88.44186888808403,0.21841203943954332,-0.5652173913043478,0.8880633292023327,0.39986220710874576,0.0060985881405524155,-0.3318940885135564,-0.5490770210057289,-0.5697219361483007,0.021675486563866826,-0.09639617992698499,0.26662809022664524,Recreational Vehicles,Consumer Cyclical,MPX
2019Q3,2019,Q3,2019-10-31,2019-09-30,7855000.0,72212000.0,9710000.0,0.23,15749000.0,0.21809394560460865,119031000.0,82137000.0,84748000.0,27113000.0,36894000.0,45013000.0,81273000.0,481454160.0,458424160.0,2.4157230669686185,3.125733043189614,0.0,0.0,0.09482237488467042,2.4157230669686185,0.09563290599851468,6.667232038996289,15.323175047740293,5.861599035757332,0.5197963080840229,1.2543709595005887,0.008480558149087339,0.6066654905024741,1.4086969350496072,0.0659912123732473,31.228783810079783,0.21809394560460865,-0.14814814814814817,3.5301055563753034,1.0662619723149056,0.04872299152326714,-0.22889737563650608,-0.16195455030406486,-0.14667369716143774,1.0683642563816504,0.4714169142687031,-0.05132634810192316,Recreational Vehicles,Consumer Cyclical,MPX
2019Q2,2019,Q2,2019-07-31,2019-06-30,9373000.0,88696000.0,11379000.0,0.27,20424000.0,0.2302696852169207,113854000.0,79076000.0,80134000.0,25464000.0,34778000.0,50904000.0,78220000.0,522258800.0,509291800.0,2.319624523320622,3.146952560477537,0.0,0.0,0.11755014689314713,2.319624523320622,0.11853153927866862,5.8881888698475695,13.929873039581778,6.604517173352217,0.4365731356022618,1.3411912619833413,0.007835195883726612,0.779032796388357,1.0933474709393654,0.08232473167389814,-1788.5575342465754,0.2302696852169207,0.22727272727272735,2.3753986660133264,1.0060171434135585,0.023677955200755205,0.09225092250922509,0.2549203373945642,0.2831529093369418,1.1892602006677557,0.5340357693711494,-0.06740981358049648,Recreational Vehicles,Consumer Cyclical,MPX
2019Q1,2019,Q1,2019-05-02,2019-03-31,7469000.0,83053000.0,8868000.0,0.22,18699000.0,0.22514538908889503,110794000.0,74230000.0,77644000.0,27913000.0,36564000.0,47824000.0,73382000.0,466732090.0,448385090.0,2.167742312297404,2.7816429620606886,0.0,0.0,0.09997708235928078,2.167742312297404,0.10061969554088643,5.619689716205315,15.622308541973492,6.2876477165566484,0.5512116749230151,1.3456423553027768,0.00882090622909601,0.7496164052204993,1.027943968760076,0.06741339783742802,42.67850128017557,0.22514538908889503,0.5714285714285713,3.075424270249325,0.8791237936388101,-0.025466550160110676,0.436506107398018,0.5797377326565144,0.4740691489361702,1.1304429360696104,0.4590120206083481,-0.10220290603144791,Recreational Vehicles,Consumer Cyclical,MPX
2018Q4,2018,Q4,2019-02-28,2018-12-31,4728000.0,62062000.0,6016000.0,0.14,13017000.0,0.2097418710321936,100880000.0,75212000.0,64600000.0,18167000.0,25668000.0,46770000.0,73954000.0,582228210.0,573483210.0,2.1844268246638205,3.5558980569163867,0.0,0.0,0.06236471836793572,2.1844268246638205,0.06286230920597777,9.381396184460701,30.78617861675127,7.741161117906716,1.455160744500846,1.0486422920675647,0.01181667236632179,0.6152061855670103,0.8826443551494468,0.046867565424266455,133.90713201471942,0.2097418710321936,-0.33333333333333326,1.3608843148075065,0.6684461500172271,-0.012727971823637755,-0.1956373972687388,-0.339757017176372,-0.3451616414498748,0.3171467829649235,0.332734582640861,-0.10694978805007792,Recreational Vehicles,Consumer Cyclical,MPX
2018Q3,2018,Q3,2018-10-31,2018-09-30,7161000.0,72012000.0,9187000.0,0.21,16183000.0,0.2247264344831417,114120000.0,80495000.0,69622000.0,25627000.0,33625000.0,49871000.0,78958000.0,776436720.0,770290720.0,2.3305538666435046,2.716744059000273,0.0,0.0,0.08798517911942089,2.3305538666435046,0.08896204733213244,10.782046325612399,27.106434855467114,9.645775762469718,0.4820555788297724,1.119468228028313,0.0044459515000784605,0.6310199789695058,0.7111249853669958,0.0627497371188223,-692.0113368983957,0.2247264344831417,-0.19230769230769237,2.8138726122309894,0.828630350025475,0.06780928931013042,-0.16890920295809367,-0.20344827586206896,-0.17612770155143037,1.4647848797863021,0.635095593119681,-0.03404640809630975,Recreational Vehicles,Consumer Cyclical,MPX
2018Q2,2018,Q2,2018-07-31,2018-06-30,8990000.0,87006000.0,11151000.0,0.26,19472000.0,0.22380065742592464,114933000.0,77171000.0,70664000.0,30335000.0,37762000.0,44931000.0,75646000.0,614494580.0,604989580.0,2.232892566766008,2.329454425581012,0.0,0.0,0.11561326044804801,2.232892566766008,0.1164945381036918,7.062669011332551,17.0882808676307,7.962765546643169,0.3843159065628476,1.5030602479357236,0.005622506873860465,0.7570149565398971,0.7990769737926487,0.07821948439525636,60.280025505199134,0.22380065742592464,0.18181818181818185,3.950879421002015,1.195231526969674,0.041162771465427184,0.10316695937907201,0.1814955973189644,0.23447359681169047,1.174575587697993,0.5666332234987145,-0.04934019988181344,Recreational Vehicles,Consumer Cyclical,MPX
2018Q1,2018,Q1,2018-04-30,2018-03-31,7609000.0,77536000.0,9033000.0,0.22,17651000.0,0.22764909203466777,106793000.0,71355000.0,67490000.0,28559000.0,35438000.0,44040000.0,69852000.0,484844070.0,474915070.0,2.0618660964544744,2.3631779824223536,0.0,0.0,0.10624768329380585,2.0618660964544744,0.10663583490995726,6.2531478281056545,15.92995367328164,6.794815640109313,0.45538178472861085,1.3597865576748411,0.007146627574510708,0.7260400962609909,0.775167197731013,0.07124998829511298,67.33010276350507,0.22764909203466777,1.2,4.583211153980325,0.8616207533138263,-0.027029996934332234,0.22866490324377,1.2672824791418356,0.20923694779116467,1.7795501520891517,0.6381048435618134,-0.09874896331669335,Recreational Vehicles,Consumer Cyclical,MPX
2017Q4,2017,Q4,2018-02-28,2017-12-31,3356000.0,65591000.0,7470000.0,0.1,14366000.0,0.21902395145675474,95900000.0,69604000.0,54187000.0,19361000.0,26296000.0,38006000.0,68127000.0,441772240.0,434088240.0,2.0072672741954087,2.7987707246526523,0.0,0.0,0.047958812229825024,2.0072672741954087,0.04821561979196598,6.735256971230809,32.9091358760429,6.346937532325729,1.2431466030989273,1.3478135031310845,0.009443780351612857,0.6839520333680917,0.7274934145963535,0.03499478623566215,42.74525786163522,0.21902395145675474,-0.23076923076923075,2.336419546964077,1.031494855157991,-0.05299801127390645,0.0672312606789986,-0.26468010517090274,0.12010796221322537,0.7496564402524802,0.8641061737187008,-0.11294047616281179,Recreational Vehicles,Consumer Cyclical,MPX
2017Q3,2017,Q3,2017-10-31,2017-09-30,4564000.0,59201000.0,6669000.0,0.13,13461000.0,0.22737791591358253,101092000.0,72666000.0,58722000.0,21903000.0,28426000.0,41442000.0,71281000.0,559005450.0,554953450.0,2.0863648109334174,2.681002602383235,0.0,0.0,0.06205422068092368,2.0863648109334174,0.0628079156689511,9.44250012668705,30.62036864592463,7.692806126661713,0.5346187554776511,1.1037112108488973,0.004364894832420686,0.5856150832904681,0.7220015522987718,0.0451469948166027,-13309.653571428571,0.22737791591358253,-0.27777777777777773,1.2760010281784298,0.6182487275752042,-0.2179812875499838,-0.17351261742494015,-0.2541264912567413,-0.23538179316670488,1.5695581652933204,0.6536962330656835,-0.09425928168305533,Recreational Vehicles,Consumer Cyclical,MPX
2017Q2,2017,Q2,2017-07-31,2017-06-30,6119000.0,71484000.0,8722000.0,0.18,16287000.0,0.22784119523249957,102487000.0,71113000.0,58016000.0,24710000.0,31374000.0,41221000.0,69742000.0,545350960.0,541516960.0,2.0355220975498054,2.3478753541076487,0.0,0.0,0.08548747429819621,2.0355220975498054,0.08604615189909018,7.628993341167254,22.28104919104429,7.668794172654788,0.4013727733289753,1.339050483976614,0.0045035219155019,0.6974933406188102,0.6137596114933226,0.05970513333398382,75.70113270405331,0.22784119523249957,0.2,1.955525907553946,0.9511082619640209,-0.22179391026101009,0.09264725613846773,0.1630868656149021,0.26442447086111914,1.1502092850681167,0.5775868375648382,-0.1016998321767949,Recreational Vehicles,Consumer Cyclical,MPX
2017Q1,2017,Q1,2017-04-28,2017-03-31,5261000.0,71040000.0,6898000.0,0.15,14906000.0,0.20982545045045045,98095000.0,67592000.0,59105000.0,24779000.0,30503000.0,38568000.0,66241000.0,379699970.0,372872970.0,1.935014743351178,2.385285927599984,0.0,0.0,0.07726341201790751,1.935014743351178,0.07783465498875607,5.344875703828829,18.043146264968634,5.617528257781986,0.46302984223531646,1.4554552997303465,0.006415591763149204,0.7241959325143993,0.7830420920941119,0.053631683572047506,39.01561549527332,0.20982545045045045,0.4999999999999999,2.380354060048915,0.9681699045662935,-0.24919329003400031,0.22150290912070802,0.41348737238044064,0.31792128391287733,1.8140995512777336,0.5756647056952297,-0.13009190131527157,Recreational Vehicles,Consumer Cyclical,MPX
2016Q4,2016,Q4,2017-02-28,2016-12-31,3722000.0,57238000.0,5234000.0,0.1,12203000.0,0.21319752611901185,88527000.0,65445000.0,52155000.0,17402000.0,23082000.0,42488000.0,64141000.0,505020570.0,502401570.0,1.7973963912004614,2.9970693023790367,0.0,0.0,0.05697014440336877,1.7973963912004614,0.0568721827488731,8.823169397952409,33.92131716818915,7.716717396286958,0.6184846856528748,1.0599463377894935,0.004558230172683858,0.6465598066126719,0.4507527870359729,0.04204367029267907,282.9246890756302,0.21319752611901185,-0.09090909090909087,0.029781178386988037,1.0610908633417133,-0.2952446807544402,0.03696464989802855,-0.1311858076563959,-0.041567478483794176,0.7574809953825992,0.45508347028826895,-0.18764997731134844,Recreational Vehicles,Consumer Cyclical,MPX
2016Q3,2016,Q3,2016-10-31,2016-09-30,4284000.0,55361000.0,5461000.0,0.11,11768000.0,0.21256841458788678,123573000.0,97668000.0,62690000.0,20340000.0,25905000.0,37698000.0,90546000.0,344044350.0,338862350.0,2.546421587798201,3.0821042281219273,0.0,0.0,0.04291207468373873,2.546421587798201,0.04386288241798747,6.214561695056086,20.077284663865548,3.5225903059343904,0.538515406162465,1.1563743434664968,0.006705530842171946,0.4480023953452615,1.1434611602753195,0.034667767230705734,172.28059589384077,0.21256841458788678,-0.15384615384615388,2.38840516229957,1.3611466467245936,0.028833227699781385,-0.1477404403244496,-0.11083437110834371,-0.18638259833134685,1.0546116378732726,0.2659389121407943,0.16671520228229905,Recreational Vehicles,Consumer Cyclical,MPX
2016Q2,2016,Q2,2016-08-01,2016-06-30,4818000.0,65066000.0,6712000.0,0.13,13808000.0,0.21221528909107676,119588000.0,95420000.0,55839000.0,18791000.0,24168000.0,34592000.0,88569000.0,324550980.00000006,324254980.00000006,2.4872924432395798,2.971582140386355,0.0,0.0,0.0493816199082483,2.4872924432395798,0.050492559211905264,4.988027233885594,16.84054483188045,3.4012888283378753,0.47571606475716066,1.4817876965772432,0.007062064640815442,0.5440846907716493,1.0353892821031345,0.04028832324313476,331.51274770173654,0.21221528909107676,0.3,2.7190510664400303,1.1213298261885214,0.02214881470693945,0.08827238335435057,0.2287681713848508,0.18901682905225864,1.3903593316153504,0.47896867413000394,0.1597854425208963,Recreational Vehicles,Consumer Cyclical,MPX
2016Q1,2016,Q1,2016-05-03,2016-03-31,3921000.0,63665000.0,5645000.0,0.1,12688000.0,0.19929317521401083,119571000.0,92471000.0,58392000.0,21849000.0,27100000.0,31657000.0,86043000.0,290681820.0,282441820.0,2.4145125071805316,2.6725250583550735,0.0,0.0,0.04172250587409332,2.4145125071805316,0.04240248294059759,4.565802560276447,18.533653404743685,3.1434916892863707,0.586840091813313,1.6102915626875574,0.007915871725311201,0.5324451581068989,1.1618838390773034,0.032792232230223047,31.817186952714536,0.19929317521401083,0.0,4.578244976921148,1.2219683719900756,0.008917623565596278,0.14131510299541244,0.01976592977893368,0.04151291512915129,1.599807362270835,0.3812631349144215,0.13937963554143243,Recreational Vehicles,Consumer Cyclical,MPX
2015Q4,2015,Q4,2016-02-29,2015-12-31,3845000.0,49881000.0,5420000.0,0.1,11117000.0,0.2228704316272729,110677000.0,90212000.0,52644000.0,13798000.0,20465000.0,32638000.0,84423000.0,222761240.0,214775240.0,2.4460291206854476,3.8153355558776636,0.0,0.0,0.0418876313471975,2.4460291206854476,0.04262182414756352,4.465853531404743,14.483825747724318,2.469308296013834,0.7932379713914174,1.187695324468411,0.013691789469299057,0.4506898452252952,1.296347296709668,0.034740732040080595,72.98861074705111,0.2228704316272729,0.25000000000000006,7.083489298105226,1.3579140914040697,0.028434722232927808,0.1258861656876646,0.23912342893973573,0.21688370004490345,2.594027162752466,0.4525561593740894,0.15400398917954677,Recreational Vehicles,Consumer Cyclical,MPX
2015Q3,2015,Q3,2015-10-30,2015-09-30,3103000.0,47038000.0,4454000.0,0.08,9874000.0,0.20991538755899486,114613000.0,89002000.0,59296000.0,19069000.0,25611000.0,32306000.0,83628000.0,256009660.0,246898660.0,2.412697552115807,3.1095495306518433,0.0,0.0,0.034076359688780554,2.412697552115807,0.03486438506999843,5.442613631531953,20.625979697067354,2.876448394418103,0.4914598775378666,1.1503745434284653,0.005956806473630722,0.41040719639133433,1.1952383449577848,0.027073717641105284,11130.854782608696,0.20991538755899486,-0.3333333333333333,2.042772072975684,0.9197158268468841,0.01725655118872042,-0.21659790542684862,-0.2993903815759765,-0.30655456951580257,0.4610084127109136,0.2139734877556073,-0.09566408360157001,Recreational Vehicles,Consumer Cyclical,MPX
2015Q2,2015,Q2,2015-07-31,2015-06-30,4429000.0,59498000.0,6423000.0,0.12,12604000.0,0.21183905341356013,113860000.0,86966000.0,56594000.0,20092000.0,26894000.0,30136000.0,82050000.0,231042240.0,221730240.0,2.348781937017231,2.816742982281505,0.0,0.0,0.05010879526447793,2.348781937017231,0.05092794885357496,3.883193384651585,13.041445021449537,2.6566961801163673,0.3456762248814631,1.5560791080435359,0.006626493925959166,0.5225540137010364,1.1040215010949632,0.03889864746179519,52.18934718771177,0.21183905341356013,0.4999999999999999,0.7557979158113663,0.8354564957260379,0.007523836028375658,0.23508084272415483,0.5121201775349948,0.5098730606488011,1.0184889666840002,0.5322910724197183,-0.10203067357708889,Recreational Vehicles,Consumer Cyclical,MPX
2015Q1,2015,Q1,2015-05-01,2015-03-31,2929000.0,50644000.0,4254000.0,0.08,10205000.0,0.2015046204881131,110757000.0,84712000.0,55031000.0,19291000.0,26045000.0,30412000.0,79152000.0,317329960.0,308154960.0,2.2877822188614023,2.8526774143382925,0.0,0.0,0.03365046852922896,2.2877822188614023,0.034575975068467275,6.265894479109075,27.08517924206214,3.7459859287940316,0.5230454079890747,1.329705379455478,0.004827782412981113,0.45725326615924955,1.0943963506298273,0.02644528111090044,68.03815608919382,0.2015046204881131,0.6,36.741385910662196,1.0184965974387499,0.013760068958039535,0.37274683884853377,0.4350808427241548,0.6767836026803311,0.7753910428409237,0.3236354733832817,-0.11231568298686138,Recreational Vehicles,Consumer Cyclical,MPX
2014Q4,2014,Q4,2015-02-27,2014-12-31,2041000.0,37441000.0,2537000.0,0.05,7434000.0,0.19855238909217168,103823000.0,83494000.0,43222000.0,13208000.0,20329000.0,28819000.0,77755000.0,311419120.0,307347120.0,2.2628326738576616,3.272410660205936,0.0,0.0,0.02297763465206921,2.2628326738576616,0.024444870290080724,8.317596218049731,38.14540911317981,3.7298383117349747,1.3067123958843705,1.041222804399875,0.008564021374153264,0.36062336861774363,0.7735463355542096,0.019658457181934638,-81.78023109243698,0.19855238909217168,0.0,1.7233931609798638,7.5678458538117335,0.0034671295261175946,0.0670302856322664,0.0844845908607864,-0.015139751552795032,-0.44276117744030896,0.33042350038133633,-0.1127480998230288,Recreational Vehicles,Consumer Cyclical,MPX
2014Q3,2014,Q3,2014-11-03,2014-09-30,1882000.0,37932000.0,2576000.0,0.05,6967000.0,0.18367077928925446,107917000.0,85008000.0,48758000.0,16308000.0,22909000.0,24573000.0,78381000.0,291172560.0,285876560.0,2.3034901365705616,2.9898209467745893,0.0,0.0,0.021185105137556847,2.3034901365705616,0.022139092791266704,7.67617209743752,38.67860786397449,3.425237154150197,0.6078639744952179,1.2601228991169169,0.003928941655765915,0.35149235060277806,1.297951925435369,0.017439328372730895,70.84490510948905,0.18367077928925446,-0.375,2.144391984366052,3.246525994006147,-0.007094022576993518,-0.26134435962680236,-0.37537338201128445,-0.3755151515151515,0.5470845075511237,0.681408824054916,-0.06931860633820866,Recreational Vehicles,Consumer Cyclical,MPX
2014Q2,2014,Q2,2014-07-31,2014-06-30,3013000.0,47975000.0,4125000.0,0.08,9432000.0,0.19660239708181346,105869000.0,83816000.0,43028000.0,15482000.0,22053000.0,25177000.0,77643000.0,307008700.0,304555700.0,2.2659709643407497,2.7792274899883735,0.0,0.0,0.03492337150066195,2.2659709643407497,0.0359477903980147,6.399347576862949,25.473672419515434,3.6628889472177155,0.38035180882841024,1.5308813599714024,0.003732793240061275,0.4531543700233307,0.9655083322568143,0.028459700195524656,-572.7774253731343,0.19660239708181346,0.6,1.7662235113205191,2.708055032112742,-0.03583778715009013,0.06720977596741344,0.5232558139534884,0.4902456647398844,1.4121507678453256,0.6222173587557387,-0.06880288980231428,Recreational Vehicles,Consumer Cyclical,MPX
2014Q1,2014,Q1,2014-04-29,2014-03-31,1978000.0,47702000.0,2768000.0,0.05,8838000.0,0.1852752505136053,107755000.0,82209000.0,49421000.0,19171000.0,25546000.0,26548000.0,75776000.0,277924160.0,269261160.0,2.224389847935494,2.5779041260236815,0.0,0.0,0.023044917879784924,2.224389847935494,0.02406062596552689,5.826258018531718,35.1269160768453,3.3807023561897114,0.5788675429726997,1.4639144191652855,0.004119828949019762,0.44268943436499464,1.0702623754629388,0.018356456776947704,30.11422255932387,0.1852752505136053,-0.1666666666666666,1.7746221853364283,2.3638257222137593,-0.09192662508149695,0.15453951665578053,-0.0765639589169001,0.0043541364296081275,1.9160479544428892,0.7252075542438741,-0.0705261983160572,Recreational Vehicles,Consumer Cyclical,MPX
2013Q4,2013,Q4,2014-03-06,2013-12-31,2142000.0,39786000.0,2756000.0,0.06,7655000.0,0.1924043633438898,102553000.0,81483000.0,45260000.0,14562000.0,21070000.0,28859000.0,74943000.0,370111350.0,364997350.0,2.2125885898932847,3.108089548138992,0.0,0.0,0.025243511814375168,2.2125885898932847,0.0262876919111962,9.302552405368722,43.19693627450981,4.542191009167557,1.065359477124183,1.1133788419557158,0.006165712021530817,0.3879554961824618,0.9247356132399396,0.02088676099187737,12337.045,0.1924043633438898,0.1999999999999999,2.85860869030903,0.7076096044622667,-0.12311898960281227,-0.00983055232182124,0.06993006993006994,-0.01430615164520744,3.5098109455646043,0.8834732259581534,-0.06971551866684877,Recreational Vehicles,Consumer Cyclical,MPX
2013Q3,2013,Q3,2013-11-01,2013-09-30,2002000.0,41989000.0,2796000.0,0.05,7731000.0,0.18411965038462455,103989000.0,80377000.0,45687000.0,17104000.0,23612000.0,27587000.0,75083000.0,334389160.0,328535160.0,2.1825562766448527,2.6711295603367633,0.0,0.0,0.024189549644141165,2.1825562766448527,0.024907622827425757,7.963732406106361,41.75688811188811,4.1602592781517105,0.5694305694305695,1.2418167977670642,0.003409201422677697,0.4037830924424699,0.8832436856875585,0.019252036273067343,83.74384172301528,0.18411965038462455,0.0,1.8471851236784864,0.29331298193550137,-0.17832743724029548,0.056869446343130556,0.03462532299741602,0.12651087832393232,0.9664470632959515,0.7165409556260051,-0.07977704507221654,Recreational Vehicles,Consumer Cyclical,MPX
2013Q2,2013,Q2,2013-07-31,2013-06-30,1935000.0,42235000.0,2482000.0,0.05,7315000.0,0.1731975849413993,103234000.0,78984000.0,45424000.0,17930000.0,24250000.0,29310000.0,74221000.0,297578320.0,292951320.0,2.1446142985147576,2.5334076965978807,0.0,0.0,0.022859250450648044,2.1446142985147576,0.02449863263445761,7.045775304841956,38.44681136950904,3.7675772308315607,0.5901808785529715,1.1914022517911975,0.0038376451617846354,0.40911908867233665,0.7366424986056888,0.01874382470891373,-227.15902290076335,0.1731975849413993,0.25000000000000006,-0.517038182681568,-0.2631093243579415,-0.2045046931878922,0.028543307086614175,0.33540372670807456,0.686141304347826,-0.22880059076824377,0.3098787490813311,-0.08005507416968831,Recreational Vehicles,Consumer Cyclical,MPX
2013Q1,2013,Q1,2013-05-01,2013-03-31,1449000.0,44283000.0,1472000.0,0.04,7112000.0,0.160603391820789,101871000.0,77974000.0,40771000.0,17405000.0,23897000.0,26517000.0,73428000.0,270075300.0,263730300.0,2.119146623182498,2.342487790864694,0.0,0.0,0.016874983889898793,2.119146623182498,0.018583117449406213,6.098848316509722,46.59684265010352,3.463658398953497,0.7874396135265701,1.4017799901949692,0.004224747690736621,0.4346968224519245,0.6839413961505315,0.01422387136672851,40.637270538669874,0.160603391820789,0.3333333333333334,-0.6594914893709384,-0.34394954086196466,-0.20355896498081003,0.283986279111753,0.3618421052631579,0.2527659574468085,18.793519160211982,0.7761453545742971,-0.060965589671001116,Recreational Vehicles,Consumer Cyclical,MPX
2012Q4,2012,Q4,2013-03-01,2012-12-31,1064000.0,34153000.0,1175000.0,0.03,5539000.0,0.16218194594911134,97315000.0,77747000.0,36035000.0,13246000.0,19568000.0,28159000.0,73120000.0,209809600.0,208161600.0,2.1196019629225735,2.7204439075947455,0.0,0.0,0.011112897877988505,2.1196019629225735,0.013685415514424993,6.143226070916171,49.29736842105263,2.6986198824391936,20.25187969924812,1.016158244255833,0.10270264087057981,0.3509530904793711,0.37641552166691833,0.01093356625391769,-99.29465215333649,0.16218194594911134,-0.5,-0.7410333001438213,-0.4356525987829409,-0.19228282761502924,-0.24884730132899377,-0.4957345971563981,-0.576271186440678,1.3793556191381005,6.861882746593773,-0.0600494141505267,Recreational Vehicles,Consumer Cyclical,MPX
2012Q3,2012,Q3,2012-11-01,2012-09-30,2110000.0,38494000.0,2773000.0,0.06,7374000.0,0.19156232140073778,121819000.0,97774000.0,48105000.0,17628000.0,24045000.0,28396000.0,93604000.0,217689120.0,211114120.0,2.6679218511242087,2.7288972089857046,0.0,0.0,0.020155739857817025,2.6679218511242087,0.021580379241925258,5.6551441783135035,25.792549763033175,2.2264520220099415,0.35734597156398107,1.0959290040850824,0.00346365495896166,0.3159934000443281,0.9692534604039029,0.017320779188796494,50.26301546986839,0.19156232140073778,0.0,-0.3397713190376803,-0.2589100623607564,-0.021214811368118206,0.010829335161069226,-0.028992176714219973,0.004710144927536232,2.291994920616303,3.3395455347744867,0.14999214071847794,Recreational Vehicles,Consumer Cyclical,MPX
2012Q2,2012,Q2,2012-08-02,2012-06-30,2173000.0,38454000.0,2760000.0,0.06,7295000.0,0.18970718260779112,118380000.0,95911000.0,43810000.0,16196000.0,22469000.0,29026000.0,92248000.0,222941440.0,219931440.0,2.6156594305661613,2.704988886144727,0.0,0.0,0.020753973487348042,2.6156594305661613,0.022656421057021613,5.79761377229937,25.64903819604234,2.324461636308661,0.34744592728946155,1.0734858402811274,0.003386539532533745,0.32483527622909275,0.762904420844653,0.01835614124007434,-1639.275294117647,0.18970718260779112,0.4999999999999999,-0.5806871029765226,-0.42327200928633996,-0.040927445045814456,0.04273870783304746,0.3314950980392157,0.34437408670238673,1.5574442451233372,1.9981825845679275,0.112953353914718,Recreational Vehicles,Consumer Cyclical,MPX
2012Q1,2012,Q1,2012-05-02,2012-03-31,1632000.0,37849000.0,2053000.0,0.04,6996000.0,0.18483975798567995,116651000.0,94402000.0,50326000.0,15893000.0,22249000.0,25789000.0,90830000.0,217942550.0,211160550.0,2.5772475361052716,3.16655131189832,0.0,0.0,0.01548507435783983,2.5772475361052716,0.01728776932692104,5.758211577584612,33.38580729166667,2.3086645410054873,0.46262254901960786,1.1963627903369654,0.003464215684362691,0.3244635708223676,1.4050210784622161,0.013990450146162485,37.929437869822486,0.18483975798567995,-0.5970407040704071,-0.5734472086172753,-0.40364118525312703,-0.04721417835928378,0.27084468664850136,-0.5511551155115512,-0.0029140359397765905,1.6448626106738289,1.6929897943795422,0.052122167471508114,Recreational Vehicles,Consumer Cyclical,MPX
2011Q4,2011,Q4,2012-02-29,2011-12-31,3636000.0,27937000.0,2059000.0,0.09926560921674084,5505000.0,0.19705050649676056,110837000.0,93418000.0,42955000.0,10654000.0,17419000.0,24907000.0,89953000.0,181679840.0,180723840.0,2.5503835758551965,4.031819035104186,0.0,0.0,0.01846545130439441,2.5503835758551965,0.03892183519236121,6.5031979095822745,12.491738173817382,1.9448054978697897,0.0,0.9006303448829647,0.0,0.25205481923906276,1.4611413553594894,0.03280492976172217,-51.804915882520675,0.19705050649676056,2.308853640558028,0.009617669006721253,-0.4863269905322803,-0.056820109322690396,0.18795856711264566,2.03,0.3781793842034806,4.172003450468519,0.205533707102066,0.010754072000416635,Recreational Vehicles,Consumer Cyclical,MPX
2011Q3,2011,Q3,2011-11-03,2011-09-30,1200000.0,22254000.0,1494000.0,0.03,4634000.0,0.20823222791408286,112144000.0,90102000.0,47631000.0,16245000.0,22042000.0,23140000.0,86317000.0,124501680.0,119048680.0,2.475057685968575,2.9320406278855033,0.0,0.0,0.0115213952270808,2.475057685968575,0.013318239328760738,5.594575357239148,25.93785,1.3817859758939868,0.0,0.7614520311149524,0.0,0.19844128977029535,1.372360726377347,0.010700527892709373,60.52585318424891,0.20823222791408286,0.0,-0.7300425287247245,-0.6431514597591087,-0.0656323363026502,-0.05563480741797432,-0.023596419853539462,0.22559474979491387,0.7264345348592888,-0.3065846919418528,-0.06820868099941964,Recreational Vehicles,Consumer Cyclical,MPX
2011Q2,2011,Q2,2011-08-01,2011-06-30,1229000.0,29098000.0,1219000.0,0.03,4907000.0,0.16863701972644168,106897000.0,88561000.0,42923000.0,12410000.0,18336000.0,21034000.0,85117000.0,244567680.0,241117680.0,2.4333956146617575,3.4587429492344883,0.0,0.0,0.01134580808700549,2.4333956146617575,0.013877440408306138,8.404965289710633,49.74932465419039,2.7615731529680105,0.0,1.1500903299419987,0.0,0.2722059552653489,1.5767123287671232,0.0114970485607641,432.8631504424779,0.16863701972644168,0.4999999999999999,-0.7991024505191686,-0.5830229311459876,-0.05808101299486844,0.10022421524663677,0.8453453453453453,1.0182119205298013,-0.6895841798843345,-0.4862476301050958,-0.09738791146678909,Recreational Vehicles,Consumer Cyclical,MPX
2011Q1,2011,Q1,2011-05-05,2011-03-31,666000.0,27148000.0,604000.0,0.02,4460000.0,0.16428466185354354,106867000.0,86841000.0,46555000.0,14129000.0,20026000.0,21466000.0,83888000.0,287755910.0,281708910.0,2.3931711081103426,3.294996107297049,0.0,0.0,0.0055145117431364705,2.3931711081103426,0.007669188516944761,10.599525195226168,108.01648273273273,3.3135950760585438,0.0,1.0569272337650237,0.0,0.25403538978356277,1.6248142119045934,0.006232045439658641,75.24997646443515,0.16428466185354354,0.5507264957264958,-0.8814478079380549,-0.6010033885524912,-0.02916394793366486,0.24061196105702365,0.4230769230769231,0.45893719806763283,-0.8413019620845122,-0.5921731716462543,-0.10057206355122532,Recreational Vehicles,Consumer Cyclical,MPX
2010Q4,2010,Q4,2011-03-04,2010-12-31,468000.0,20814000.0,414000.0,0.012897180808554027,3595000.0,0.1727202844239454,102809000.0,86305000.0,48273000.0,10500000.0,16504000.0,21882000.0,83222000.0,241671420.0,232136420.0,2.378399977953537,4.597428571428572,0.0,0.0,0.003161927360466606,2.378399977953537,0.005422629048143213,11.611003170942634,129.0979807692308,2.8002018423034585,0.0,0.7869024769216708,0.0,0.2024530926280773,2.2876190476190477,0.004552130650040366,-179.94893521965747,0.1727202844239454,-0.5274730895361975,-0.8850224805767403,-0.6237192883492051,0.01194832562572444,-0.11800785083415113,-0.532,-0.6482582837723024,-0.8848599510424742,-0.6523425952399883,-0.09366261279345571,Recreational Vehicles,Consumer Cyclical,MPX
2010Q3,2010,Q3,2010-11-04,2010-09-30,1000000.0,24027000.0,1177000.0,0.027294066269992905,4076000.0,0.1696424855371041,106557000.0,85794000.0,53679000.0,15155000.0,20763000.0,22472000.0,82776000.0,222102220.0,213049220.0,2.3717689989771378,3.541999340151765,0.0,0.0,0.009428802805601558,2.3717689989771378,0.01165582674779122,9.243859824364257,55.525555,2.5887849966198098,0.0,0.8878159487362051,0.0,0.22548495171598298,1.9057736720554272,0.009384648591833479,60.141408069320335,0.1696424855371041,-0.61008476757153,-0.8563300864589909,-0.614367270007058,0.04035446210143256,-0.38214339851447626,-0.5943204868154158,-0.5351500789889415,-0.6829865550015888,-0.5313558789510074,-0.12986492986034284,Recreational Vehicles,Consumer Cyclical,MPX
2010Q2,2010,Q2,2010-08-06,2010-06-30,2465000.0,31677000.0,2532000.0,0.07,6597000.0,0.208258357799034,105888000.0,84349000.0,55228000.0,16031000.0,21539000.0,25958000.0,81398000.0,204790120.0,195829120.0,2.33124205406003,3.445075166864201,0.0,0.0,0.026220663516911307,2.33124205406003,0.029223820080854546,6.464946806831455,20.769789046653145,2.4278903128667797,0.0,0.966176130672625,0.0,0.29915571169537625,1.6768760526479944,0.023279313992142642,33.22357560025957,0.208258357799034,32.628625,-0.6701504785635017,-0.5652232039122568,-0.028428447072907866,0.9149492017416546,31.8125,7.28287841191067,-0.5179522377784141,-0.5185311373803285,-0.14521353702379775,Recreational Vehicles,Consumer Cyclical,MPX
2010Q1,2010,Q1,2010-05-07,2010-03-31,-80000.0,24493000.0,-403000.0,-0.002213185049934988,3445000.0,0.14065243130690402,102715000.0,81574000.0,59453000.0,15522000.0,21141000.0,23412000.0,78612000.0,216882000.0,210531000.0,2.2567294657924584,3.8302409483314004,0.0,0.0,-0.0041602522991716915,2.2567294657924584,-0.000980704636281168,8.854856489609276,-677.7562499999999,2.6587147865741536,0.0,0.8990261404407995,0.0,0.23845592172516186,2.1749774513593607,-0.0007788541108893541,99.76172953081877,0.14065243130690402,0.9710564399421128,-1.0125323997796083,-0.6396482251732631,-0.061501235270132563,1.4253611556982344,0.9710564399421129,0.9152649285113541,-1.021188266370325,-0.6089358371644604,-0.16570689925453297,Recreational Vehicles,Consumer Cyclical,MPX
2009Q4,2009,Q4,2010-03-10,2009-12-31,-2764000.0,4281000.0,-4756000.0,-0.07646554347525382,-8099000.0,-1.891847699135716,98249000.0,81512000.0,56748000.0,10683000.0,16737000.0,19487000.0,78690000.0,178204710.0,175631710.0,2.255014247378759,5.31199101376018,0.0,0.0,-0.03707396865901135,2.255014247378759,-0.03390911767592502,41.62688857743518,-16.118371020260494,2.1862389586809305,0.0,0.6352953250885206,0.0,0.0435729625746827,3.1330150706730318,-0.02813260185854309,-27.814064304666772,-1.891847699135716,-0.9116385868813455,-1.5409057924192318,-0.9270666649458026,-0.0037075953702004542,-8.116871704745167,-0.7189054726368159,-0.4239520958083832,-1.7777211500737775,-0.9202363517075389,-0.16605325118387923,Recreational Vehicles,Consumer Cyclical,MPX
2009Q3,2009,Q3,2009-11-05,2009-09-30,-1608000.0,8734000.0,-3340000.0,-0.04,1138000.0,0.1302953972979162,99902000.0,83713000.0,51409000.0,10051000.0,16189000.0,16073000.0,81021000.0,199544520.0,198571520.0,2.3199478993459706,5.114814446323749,0.0,0.0,-0.021971350581545004,2.3199478993459706,-0.019208486137159104,22.846865124799635,-31.023712686567166,2.3836742202525296,0.0,0.4725937908293411,0.0,0.08742567716362035,3.330215898915531,-0.016095773858381214,-27.364854635216677,0.1302953972979162,0.6363636363636365,-1.2751160701902693,-0.8521990971522392,0.07079326130819874,1.4632034632034632,0.5807040417209909,0.4706814580031696,-1.3649510195923087,-0.8587060846303436,-0.12418837310323949,Recreational Vehicles,Consumer Cyclical,MPX
2009Q2,2009,Q2,2009-08-05,2009-06-30,-3835000.0,12618000.0,-6310000.0,-0.11,462000.0,0.03661436043747028,101255000.0,84781000.0,51094000.0,10681000.0,16474000.0,12699000.0,82218000.0,135277500.0,125134500.0,2.350196817652603,4.7836344911525135,0.0,0.0,-0.04814908048952543,2.350196817652603,-0.04523419162312311,10.720993818354732,-8.81861147327249,1.5956110449275192,0.0,0.9572407276163477,0.0,0.12461606834230408,3.400898792247917,-0.03787467285566145,3299.451219512195,0.03661436043747028,-0.5714285714285713,-1.6398002006715193,-0.7921401736346791,0.1448075383356953,8.96551724137931,-0.5426387771520514,-0.3264662602480555,-1.6324462393528936,-0.8175789103883236,-0.09028561060601413,Recreational Vehicles,Consumer Cyclical,MPX
2009Q1,2009,Q1,2009-05-05,2009-03-31,-2486000.0,13806000.0,-4757000.0,-0.07,-58000.0,-0.004201071997682168,107807000.0,88138000.0,56005000.0,14241000.0,19669000.0,19408000.0,85564000.0,152559440.0,143132440.0,2.4495706067090963,3.9326592233691455,0.0,0.0,-0.03118894455051306,2.4495706067090963,-0.028205768227098416,11.05022743734608,-15.341858407079648,1.7309156096121991,-0.14843121480289623,0.7143446001648804,0.002418729381806855,0.128062185201332,2.4201952110104625,-0.023059727104918975,33.62562045404452,-0.004201071997682168,-1.2368294849023092,-1.4679497571646105,-0.7626946123554534,0.25506277588300896,-1.02468085106383,-1.2078152753108349,-1.59803386127799,-1.4462870851120946,-0.7953663402829502,-0.006284402725813279,Recreational Vehicles,Consumer Cyclical,MPX
2008Q4,2008,Q4,2009-03-05,2008-12-31,-1126000.0,22764000.0,-1831000.0,-0.0312942942108335,2350000.0,0.10323317518889474,110293000.0,90789000.0,46710000.0,13718000.0,19504000.0,22453000.0,88535000.0,202213220.0,197591220.0,2.5232483810900197,3.4050153083539874,0.0,0.0,-0.018522646229698795,2.5232483810900197,-0.01240238354866779,8.883026708838518,-44.896363232682056,2.2272876670081176,-2.1030195381882772,0.9091880817708101,0.011710411416226892,0.2063956914763403,1.564367983671089,-0.010209170119590546,-49.99090729295426,0.10323317518889474,-2.5647147105416748,-1.268433863498243,-0.485465897532963,0.3790663532100136,-0.539576802507837,-2.646198830409357,-2.798624754420432,-1.2789865765142143,-0.5849668191214411,0.07357761438381022,Recreational Vehicles,Consumer Cyclical,MPX
2008Q3,2008,Q3,2008-11-07,2008-09-30,684000.0,31582000.0,1018000.0,0.02,5104000.0,0.16161104426572098,116307000.0,95157000.0,49964000.0,15320000.0,21150000.0,24707000.0,91690000.0,297339200.0,292294200.0,2.656236042876284,3.2613577023498697,0.0,0.0,0.004459175415654364,2.656236042876284,0.007188120684763075,9.414831232980811,108.67660818713452,3.124722301039335,3.461988304093567,1.0716800906625652,0.007963968423941412,0.27153997609774133,1.4392950391644908,0.005880987386829684,-493.0998341625207,0.16161104426572098,-0.8181818181818181,-0.8368212662318313,-0.2518146483253162,0.5176088033124461,-0.5371361204316677,-0.824435318275154,-0.7690038574994327,-0.9007724235360945,-0.4881715531285357,0.16513329113955244,Recreational Vehicles,Consumer Cyclical,MPX
2008Q2,2008,Q2,2008-08-04,2008-06-30,3896000.0,55734000.0,4407000.0,0.11,11027000.0,0.197850504180572,123685000.0,96550000.0,57347000.0,21043000.0,27135000.0,26443000.0,92989000.0,236365800.0,227390800.0,2.6959483986261974,2.7252292924012735,0.0,0.0,0.03531213687138774,2.6959483986261974,0.040352149145520454,4.240962428679083,15.167209958932238,2.448118073537027,0.6075462012320328,1.6906931891237758,0.010014139101342074,0.45061244289930064,1.2903578387112105,0.031499373408254844,36.56083526682134,0.197850504180572,0.0,-0.16843820861159517,0.13598110197900498,0.6240573025973527,-0.18100118835412954,-0.057115198451113264,-0.15331412103746397,-0.4732922004484582,-0.22715145595676317,0.12356705632641024,Recreational Vehicles,Consumer Cyclical,MPX
2008Q1,2008,Q1,2008-05-01,2008-03-31,4132000.0,65542000.0,5205000.0,0.11,13464000.0,0.20542552866863995,126764000.0,95064000.0,60552000.0,25745000.0,31700000.0,32412000.0,91184000.0,288682240.0,280552240.0,2.6607702642185402,2.3519906778015147,0.0,0.0,0.039222900919190964,2.6607702642185402,0.04346545485146849,4.404538158737909,17.46625363020329,3.0367146343515947,0.5660696999031946,1.606750586202641,0.008102334248203145,0.5170395380391909,0.9078267624781511,0.03259600517497081,24.26105050844609,0.20542552866863995,-0.01797101449275358,0.0503571692847629,0.3945253247950863,0.6980716186085322,0.0947231482234328,0.03248375812093953,0.06116207951070336,-0.34511036100116144,-0.024408683880753648,0.10652590133225708,Recreational Vehicles,Consumer Cyclical,MPX
2007Q4,2007,Q4,2008-03-04,2007-12-31,4002000.0,58947000.0,4905000.0,0.11201298701298701,12299000.0,0.2086450540315877,118726000.0,93757000.0,55028000.0,18915000.0,24969000.0,33159000.0,90105000.0,250453280.0,247220280.0,2.624188311688312,2.9092254824213586,0.0,0.0,0.03774454788428619,2.624188311688312,0.04268481286730591,4.2487875549222185,15.645507246376813,2.671302196102691,0.5542228885557221,1.406797551192738,0.008855943112424002,0.4964961339554942,0.8968543484007402,0.033707865168539325,74.69528183716075,0.2086450540315877,0.40016233766233755,0.4458158856561939,0.7645991690356175,0.7587667172115798,0.09169181608379194,0.23939300092908022,0.022940563086548488,-0.20763692052861935,0.016029004966744673,0.15939794451073808,Recreational Vehicles,Consumer Cyclical,MPX
2007Q3,2007,Q3,2007-10-31,2007-09-30,3229000.0,52481000.0,4795000.0,0.08,11266000.0,0.2146681656218441,128134000.0,100929000.0,60119000.0,21296000.0,27205000.0,33037000.0,90503000.0,315478560.0,309228560.0,2.725748082532138,2.823018407212622,0.0,0.0,0.028514017417595742,2.725748082532138,0.03199278700868927,6.011290943389036,24.42540724682564,3.1257474065927533,0.6940229173118613,1.2475406362563186,0.007103493815871355,0.4095790344483119,1.0703418482344103,0.02520018106045234,95.22443706610323,0.2146681656218441,-0.4285714285714286,-0.0027968901507774884,0.3028147516462165,0.9205368462968223,-0.24561403508771928,-0.38786729857819907,-0.31636726546906185,-0.4616281062681792,-0.13453318495755826,0.25809406307011795,Recreational Vehicles,Consumer Cyclical,MPX
2007Q2,2007,Q2,2007-08-03,2007-06-30,5275000.0,67869000.0,7014000.0,0.14,14934000.0,0.22004155063431022,129514000.0,101793000.0,65062000.0,21733000.0,27721000.0,34080000.0,89515000.0,307176520.0,291251520.0,2.727280034294288,2.9936962223346986,0.0,0.0,0.047506398742639615,2.727280034294288,0.05182085212146218,4.526021011065435,14.558128909952607,3.01765858163135,0.4276777251184834,1.5532570422535212,0.007344311342546624,0.5240282903778742,1.1976257304559885,0.040729187578176874,111.94479591836735,0.22004155063431022,0.4000000000000001,0.49309385133501005,0.4698939281563854,1.0111403593119328,0.06946433686622744,0.34669389839162623,0.27042202499547185,-0.14943484346696437,0.08058169791386477,0.3284890520492771,Recreational Vehicles,Consumer Cyclical,MPX
2007Q1,2007,Q1,2007-05-04,2007-03-31,3917000.0,64976000.0,5521000.0,0.1,13964000.0,0.21491012065993598,129014000.0,101436000.0,98481000.0,21909000.0,27578000.0,31366000.0,86496000.0,358875000.0,302640000.0,2.70496,4.495002053950431,0.0,0.0,0.034127753221068965,2.70496,0.038615481683031666,5.5231931790199456,22.9049655348481,3.5379451082455935,0.5861628797549144,1.6263469999362368,0.006397770811563915,0.5036352643899111,2.8718334930850333,0.030361046088021454,62.326328586314695,0.21491012065993598,0.01708706265256307,0.5971343063932448,0.7193216230462124,1.1140700049325876,0.18862785154919987,0.062381339842690536,0.2613662325793923,-0.29255344668792066,0.07160483131166112,0.3859141667336602,Recreational Vehicles,Consumer Cyclical,MPX
