Year,Date,FillingDate,NetIncome,Revenue,OperatingIncome,EPSDiluted,GrossProfit,GrossProfitRatio,TotalAssets,CommonStockEquity,CurrentAssets,CurrentLiability,TotalLiability,Inventory,RetainedEarnings,EnterpriseValue,bookValuePerShare,currentRatio,debtToAssets,debtToEquity,roic,shareholdersEquityPerShare,roe,priceToSalesRatio,peRatio,pbRatio,payoutRatio,inventoryTurnover,dividendYield,assetTurnover,quickRatio,returnOnAssets,priceToFreeCashFlowsRatio,grossProfitMargin,epsdilutedGrowth,fiveYNetIncomeGrowthPerShare,fiveYRevenueGrowthPerShare,fiveYShareholdersEquityGrowthPerShare,grossProfitGrowth,netIncomeGrowth,operatingIncomeGrowth,threeYNetIncomeGrowthPerShare,threeYRevenueGrowthPerShare,threeYShareholdersEquityGrowthPerShare,Industry,Sector,Price,MarketCap,AvgVolume,Symbol
2022,2022-12-31,2023-02-23,176229000.0,658031000.0,310959000.0,2.03,602046000.0,0.9149204217,5758701000.0,2535719000.0,200529000.0,171464000.0,3222982000.0,0.0,-1097132000.0,5771339240.0,33.82446943321728,1.1695108011011057,0.5718173247751532,1.2986158955310112,0.05087160670991632,33.82446943321728,0.0694986313546572,4.2972979084572005,16.045913215191597,1.115169007291423,1.507476068070522,0.0,0.09394766429643324,0.11426726270386325,39.953453786217516,0.03060221393678887,6.4017496309846145,0.9149204216822612,1.0299999999999998,-0.36360107829575167,0.08488977972967952,-0.17740674389752703,0.26762271524252484,0.7872036184410685,0.3146704434955397,0.16728559199552803,0.03324907485030074,-0.13637354015922748,REIT—Specialty,Real Estate,47.48,3574256416,489252,EPR
2021,2021-12-31,2022-02-23,98606000.0,531680000.0,236530000.0,1.0,474941000.0,0.893283554,5801150000.0,2618039000.0,770252000.0,159951000.0,3183111000.0,0.0,-1004886000.0,6284452950.0,35.0215905290616,4.815549762114648,0.5211311550296062,1.1547421562474813,0.03972022299938128,35.0215905290616,0.03766406841150953,6.677164741950045,36.003031762773055,1.3560206513348352,1.1919254406425572,0.0,0.033106251953898,0.09165079337717522,4.653350088464593,0.016997664256225058,11.56671809073878,0.8932835540174541,1.5780346820809248,-0.6284011084652852,-0.08607803523225889,0.015463842746059069,0.3338266764773615,1.7485576339123041,1.634199037776194,-0.632953119615351,-0.2459488662319965,-0.09186627696006489,REIT—Specialty,Real Estate,47.48,3574256416,489252,EPR
2020,2020-12-31,2021-02-25,-131728000.0,414661000.0,89792000.0,-1.73,356074000.0,0.8587110917,6704185000.0,2630585000.0,1538422000.0,176934000.0,4073600000.0,0.0,-966992000.0,5340894000.0,34.61569334421139,8.694891880588242,0.5812288891192591,1.481292564201499,0.015287713575014902,34.61569334421139,-0.05007555353657076,5.956202777690692,-18.749278816956153,0.9388805151705799,-1.3092129236001457,0.0,0.06982737503568096,0.06185106765401015,8.560807984898323,-0.019648622464923028,37.83808006373233,0.8587110917110604,-1.8606965174129355,-1.5180454090124689,-0.24651546772195734,-0.029597264799031683,-0.397740304111767,-1.8522994901524366,-0.7173757034761479,-1.4692680469666235,-0.32559111688235504,-0.15816459570845293,REIT—Specialty,Real Estate,47.48,3574256416,489252,EPR
2019,2019-12-31,2020-02-25,154556000.0,651969000.0,317708000.0,2.01,591230000.0,0.906837595,6577511000.0,3005805000.0,975689000.0,233226000.0,3571706000.0,0.0,-689857000.0,8231054440.0,39.16562426706278,4.183448672103453,0.5075597745104493,1.1106775056931504,0.049251514385284405,39.16562426706278,0.0514191705716106,8.315330084712617,35.07684877973033,1.8036224705195445,2.376594891172132,0.0,0.06775394523311576,0.09912092887415924,4.171970535017537,0.02349764219322476,12.334396832980683,0.9068375950390279,-0.38532110091743127,-0.39187101372962097,0.1967533411233138,0.10299926626413912,-0.11695034740684537,-0.4211017180869194,-0.32063739158697846,-0.432662573985427,0.09161685799016038,0.1356216185777427,REIT—Specialty,Real Estate,47.48,3574256416,489252,EPR
2018,2018-12-31,2019-02-28,266983000.0,700731000.0,467656000.0,3.27,669532000.0,0.9554764952599499,6131390000.0,2865023000.0,688075000.0,201262000.0,3266367000.0,0.0,-521748000.0,7737098760.0,38.56435417003177,3.418802357126532,0.48701093879201945,1.0422443380035693,0.07924822823368434,38.56435417003177,0.0931870354967482,6.788506231349833,17.817302075413043,1.6603415609578003,1.2821602873591202,0.0,0.07196152829043828,0.1142858307822533,3.1161023938945256,0.04354363366218753,9.821684395698783,0.9554764952599499,-0.0060790273556231055,-0.042323971539962105,0.32047029473233274,0.09749241221796269,0.23054019878844909,0.01526801740135682,0.27077326913200495,0.0740156122245321,0.30247601963249915,0.08109794005081673,REIT—Specialty,Real Estate,47.48,3574256416,489252,EPR
2017,2017-12-31,2018-03-01,262968000.0,575991000.0,368009000.0,3.29,544096000.0,0.9446258708903438,6191493000.0,2927325000.0,1203567000.0,167114000.0,3264168000.0,0.0,-443470000.0,7647072860.0,41.1193128344875,7.202071639718994,0.4891917022275564,1.0346739770951294,0.06122780017689788,41.1193128344875,0.0898321846737209,8.090686937816736,17.721406635027833,1.5919526735159233,1.185395181162727,0.0,0.06689058072961855,0.0930294195600318,6.650801249446485,0.04247246988731151,11.915527639989772,0.9446258708903438,0.0378548895899054,0.4220953048911396,0.17665935488445814,0.31844735500780474,0.1560891136443316,0.16884017388057712,0.13051265037293716,0.1154327569369309,0.13978793573645645,0.1580198894944531,REIT—Specialty,Real Estate,47.48,3574256416,489252,EPR
2016,2016-12-31,2017-03-01,224982000.0,493242000.0,325524000.0,3.17,470635000.0,0.9541665146114889,4865022000.0,2185901000.0,826171000.0,146076000.0,2679121000.0,0.0,-386509000.0,7015144370.0,34.48826935516953,5.655761384484789,0.5109175251417157,1.1371169142609843,0.06951172533606688,34.48826935516953,0.10292414889786866,9.222358132519128,20.218748033175984,2.0809974330950944,1.1808144651572126,0.0,0.05840195759003822,0.101385358586251,5.045435252882061,0.04624480629275674,14.855730432851516,0.9541665146114889,0.08191126279863473,0.43675335571119056,0.5782014983425517,0.09418598735354433,0.18566973013281737,0.15652951699463327,0.25992382957641813,-0.05405530890132111,0.08948264866675713,-0.018507771167566158,REIT—Specialty,Real Estate,47.48,3574256416,489252,EPR
2015,2015-12-31,2016-02-25,194532000.0,421017000.0,258368000.0,2.93,396936000.0,0.942802784685654,4217270000.0,2073868000.0,578963000.0,116530000.0,2143402000.0,0.0,-343642000.0,5375803100.0,35.671471326843026,4.968360078949627,0.4699533110282244,0.9556635234257919,0.0635459153301169,35.671471326843026,0.09380153413814186,8.071327523591684,17.468417021364093,1.6385643155687828,1.1981216457960644,0.0,0.06858787744365998,0.09983164464215001,4.199708229640436,0.04612747108911689,12.203426344896933,0.942802784685654,0.024475524475524577,0.3167559854581084,0.37398136479029626,0.005816682853439803,0.10449297824326693,0.08294133037916196,-0.01413352055923563,0.2881957348078873,0.05317294163741247,0.14376806853316945,REIT—Specialty,Real Estate,47.48,3574256416,489252,EPR
2014,2014-12-31,2015-02-25,179633000.0,385051000.0,262072000.0,2.86,359383000.0,0.9333387005877144,3702048000.0,1926112000.0,629230000.0,104413000.0,1775559000.0,0.0,-302776000.0,4768268720.0,35.50829584838876,6.026356871270819,0.44448991477149946,0.8543236322706053,0.0716522085430174,35.50829584838876,0.09326197022810719,8.118617326016553,17.402602639826757,1.6230010092871028,1.1558956316489732,0.0,0.06642084839675912,0.10401026674964776,5.369465488013945,0.04852260154379414,12.489589164785553,0.9333387005877144,-0.11728395061728404,13.939510762129299,0.29438249312870063,-0.12915761107591958,0.13588608995227408,-0.003290313273334591,0.10351216266858676,0.34038003293692093,0.4395542520725185,0.12654767776241857,REIT—Specialty,Real Estate,47.48,3574256416,489252,EPR
2013,2013-12-31,2014-02-28,180226000.0,343064000.0,237489000.0,3.24,316390000.0,0.9222477438612038,3272276000.0,1687637000.0,599668000.0,91880000.0,1584262000.0,0.0,-271915000.0,3828434480.0,35.138606646123094,6.52664344797562,0.45085927959621985,0.8742022129166402,0.08167636224924676,35.138606646123094,0.1067919226705743,6.882262434997552,13.100531998712727,1.3990310001499138,1.0981989280126063,0.0,0.08382857490982173,0.1048395673225608,5.897094035698737,0.05507665001362966,10.08481325815821,0.9222477438612038,0.6363636363636365,-0.11574319050023398,0.016668144975601203,-0.1575100988720684,0.07315600599683877,0.48265819869031557,0.06459595031356605,0.47671701477815587,0.355257885164355,-0.00920832636641154,REIT—Specialty,Real Estate,47.48,3574256416,489252,EPR
2012,2012-12-31,2013-02-27,121556000.0,321786000.0,223079000.0,1.98,294822000.0,0.9162051798400179,2946730000.0,1459521000.0,567024000.0,106667000.0,1486832000.0,0.0,-275643000.0,3516023780.0,31.187678960639342,5.315833388020662,0.46452576245533184,0.9378638608146097,0.07887240383360918,31.187678960639342,0.08328485852550255,6.705872163487535,17.751947908782782,1.478468470135065,1.3390947382276481,0.0,0.07543367889025467,0.10920104658384039,4.781778806941229,0.041251149579364245,10.411598176159803,0.9162051798400179,0.10158751000052293,-0.3376304596991341,0.03737563504055983,-0.17411952314435758,0.0,0.054917207623147155,0.0,10.717934528984646,0.2538221395787387,-0.2351209146435889,REIT—Specialty,Real Estate,47.48,3574256416,489252,EPR
2011,2011-12-31,2012-02-24,115228000.0,229980000.0,0.0,1.797406,0.0,0.0,2733995000.0,1470049000.0,19640000.0,109600000.0,1235892000.0,0.0,-228261000.0,3178271617.5,31.519567746050804,0.1791970802919708,0.4222008452831845,0.785208520260209,,31.519567746050804,0.07838378176509762,8.864256098356378,17.691894483111746,1.3867575961753658,1.3698406637275662,0.0,0.07742758499013111,0.08411866151913226,0.49858576642335767,0.042146382857320516,14.293538377131478,0.0,-0.03365268817204303,-0.2149694676430027,-0.1356482122182982,-0.033470698506605875,0.0,0.0030816372721416507,0.0,-0.4178137596204784,-0.29816167037834057,-0.2442808623177056,REIT—Specialty,Real Estate,47.48,3574256416,489252,EPR
2010,2010-12-31,2011-03-01,114874000.0,238262000.0,0.0,1.86,0.0,0.0,2923420000.0,1603239000.0,16903000.0,129000000.0,1292162000.0,0.0,-181856000.0,3270180500.0,35.46518161306021,0.131031007751938,0.40746078223450616,0.7429827991958778,,35.46518161306021,0.07165120109977365,8.77511940636778,18.200615456935424,1.3040959582445288,1.2737782265786861,0.0,0.06998544799721634,0.08150111855292773,0.43966666666666665,0.03929438807971485,-31.333775439858528,0.0,7.391022855001873,-0.07940410035808783,0.07106086827762666,0.3314457059083573,0.0,13.346696640439616,0.0,-0.35199716112520196,-0.20483932523685033,-0.06084703708372122,REIT—Specialty,Real Estate,47.48,3574256416,489252,EPR
2009,2009-12-31,2010-03-01,8007000.0,198096000.0,0.0,0.22166546702840376,0.0,0.0,2680732000.0,1472862000.0,2674005000.0,66500000.0,1212775000.0,0.0,-147927000.0,2392307940.0,40.77465256630308,40.2106015037594,0.4257878072108663,0.7749694132919446,,40.77465256630308,0.0054363545260859465,6.431341066957435,159.11364306232048,0.8649981736238699,15.87560884226302,0.0,0.09977528348115929,0.07389623431212072,0.9568571428571429,0.0029868707502279227,-213.5114697502933,0.0,-0.9324190649303647,-0.906233852580337,0.42274287313783343,0.5773502246722042,0.0,-0.93839631932049,0.0,-0.9295666861136765,-0.03870664352077815,0.2503311206887522,REIT—Specialty,Real Estate,47.48,3574256416,489252,EPR
2008,2008-12-31,2009-02-24,129976000.0,215189000.0,0.0,3.28,0.0,0.0,2633925000.0,1277434000.0,2621525000.0,94100000.0,1341274000.0,0.0,-28417000.0,2125000400.0,41.70804492621131,27.858926673751327,0.47927256850517763,0.9882060443044416,,41.70804492621131,0.10174772238722314,4.241454721198575,7.022176401797254,0.7144904550841766,0.9611774481442728,0.0,0.1368774284705051,0.08169898535455641,1.311307120085016,0.04934688725001661,-28.844117182315205,0.0,0.0969899665551838,1.0070479515232515,1.0481767481683888,0.7540347055743949,0.0,0.24184055644729802,0.0,0.5374036299536973,0.42776548512697804,0.5658173677133235,REIT—Specialty,Real Estate,47.48,3574256416,489252,EPR
TTM,,,,,,,,,,,,,,,,6527567416.0,33.71107026796654,3.7229032919000136,0.5297816511960588,1.20488099931968,0.0557922922820828,33.71107026796654,0.07516229063956113,5.319190148149802,18.59728692603837,1.4084394124121649,1.4163093263221593,0.0,0.06950294860994102,0.11672745180978752,3.487336657105131,0.03329977773396345,7.964721568942043,0.9163619587621195,,,,,,,,,,,REIT—Specialty,Real Estate,47.48,3574256416,489252,EPR
