Quarters,Year,Quarter,FillingDate,Date,NetIncome,Revenue,OperatingIncome,EPSDiluted,GrossProfit,GrossProfitRatio,TotalAssets,CommonStockEquity,CurrentAssets,CurrentLiability,TotalLiability,Inventory,RetainedEarnings,MarketCap,EnterpriseValue,bookValuePerShare,currentRatio,debtToAssets,debtToEquity,roic,shareholdersEquityPerShare,roe,priceToSalesRatio,peRatio,pbRatio,payoutRatio,inventoryTurnover,dividendYield,assetTurnover,quickRatio,returnOnAssets,priceToFreeCashFlowsRatio,grossProfitMargin,epsdilutedGrowth,fiveYNetIncomeGrowthPerShare,fiveYRevenueGrowthPerShare,fiveYShareholdersEquityGrowthPerShare,grossProfitGrowth,netIncomeGrowth,operatingIncomeGrowth,threeYNetIncomeGrowthPerShare,threeYRevenueGrowthPerShare,threeYShareholdersEquityGrowthPerShare,Industry,Sector,Symbol
2023Q2,2023,Q2,2023-04-30,2023-04-30,1056000000.0,8381000000.0,10218000000.0,1.3,8381000000.0,1.0,1250891000000.0,76066000000.0,132416000000.0,102792000000.0,1174806000000.0,0.0,44143000000.0,86651336499.44398,244745336499.44397,106.89071756995267,1.2881936337458169,0.18535907605059113,3.048194988562564,0.02804521575718033,106.89071756995267,0.013882680829805694,10.339021178790595,20.514047466724428,1.1391598940320773,0.6003787878787878,0.0,0.007316678837424142,0.006700024222734035,1.2881936337458169,0.0008441982554834913,-3.4836108587056356,1.0,3.3333333333333335,-0.23334188474989373,0.35965566599571774,0.5729252773779526,1395.8333333333333,3.2753036437246963,0.2790086368757041,0.3775972135249847,0.3880770648502273,0.23783182077255413,Banks—Diversified,Financial Services,BMO
2023Q1,2023,Q1,2023-01-31,2023-01-31,247000000.0,6000000.0,7989000000.0,0.3,6000000.0,1.0,1145706000000.0,74914000000.0,158602000000.0,110569000000.0,1070792000000.0,0.0,44238000000.0,92338012235.24799,232030012235.248,108.37327253605378,1.4344165181922601,0.21655992025877494,3.3119844087887444,0.009559789901205385,108.37327253605378,0.0032971140240809463,15389.668705874665,93.45952655389472,1.2325868627392476,2.716599190283401,0.0,0.007266779777438837,5.236945603846013e-06,1.4344165181922601,0.0002155875940249942,4.745747660751811,1.0,-0.9539170506912442,-0.762153319107229,-0.9990021910616055,0.6388838475629484,-0.9884615384615385,-0.9449029667633281,-0.29263325659642286,-0.8564780506351745,-0.9991741868586811,0.32817909338842594,Banks—Diversified,Financial Services,BMO
2022Q4,2022,Q4,2022-10-31,2022-10-31,4483000000.0,520000000.0,11294000000.0,6.51,520000000.0,1.0,1139199000000.0,71038000000.0,126301000000.0,113004000000.0,1068161000000.0,0.0,45117000000.0,86220264493.2359,215661264493.2359,103.31647559190732,1.1176684011185445,0.1954364426232818,3.1341113207015963,0.02876101905398379,103.31647559190732,0.06310706945578423,165.80820094853058,4.808178925565241,1.2137203256459346,0.14120008922596475,0.0,0.007341661542335673,0.0004564610748429379,1.1176684011185445,0.003935221151001713,4.963460047967065,1.0,2.338461538461538,2.5824175820906174,-0.9090825240702832,0.5703988380969024,-0.9251259899208063,2.284249084249084,1.488761568973116,2.6424581003829974,-0.9165893100063128,0.349285956494179,Banks—Diversified,Financial Services,BMO
2022Q3,2022,Q3,2022-08-30,2022-07-31,1365000000.0,6945000000.0,4538000000.0,1.95,6945000000.0,1.0,1068338000000.0,66994000000.0,117721000000.0,97804000000.0,1001344000000.0,0.0,41653000000.0,85474961096.18759,267774961096.1876,99.50081761351906,1.2036419778332175,0.24262265313037634,3.869047974445473,0.011229840108140708,99.50081761351906,0.0203749589515479,12.307409805066607,15.654754779521538,1.2758599441171985,0.4388278388278388,0.0,0.007007900235554678,0.006500751634782251,1.2036419778332175,0.00127768552649068,-36.70028385409515,1.0,-0.7265077138849929,-0.0475825585921071,0.2444264186745272,0.5100999966495414,0.21735319894829097,-0.7129941126997477,-0.4316132264529058,-0.16810662163686174,-0.0067582841216971695,0.2552785651181274,Banks—Diversified,Financial Services,BMO
2022Q2,2022,Q2,2022-05-25,2022-04-30,4756000000.0,5705000000.0,7984000000.0,7.13,5705000000.0,1.0,1041565000000.0,65592000000.0,117111000000.0,95868000000.0,975973000000.0,0.0,41275000000.0,89695495693.34755,217797495693.34753,99.6987244749598,1.2215859306546502,0.1978676318808716,3.142029515794609,0.021965262020358062,99.6987244749598,0.07250884254177338,15.722260419517537,4.714859950239043,1.367476150953585,0.12973086627417998,0.0,0.006878829257038835,0.005477334587855775,1.2215859306546502,0.004566205661672579,7.322679050808029,1.0,0.5774336283185842,2.7745091494936887,-0.009995047527356013,0.44531962033703765,-0.1959126145172657,0.6215479031708149,0.5710350255804801,2.0836849856698385,-0.10121792879502689,0.2888959061215302,Banks—Diversified,Financial Services,BMO
2022Q1,2022,Q1,2022-03-01,2022-01-31,2933000000.0,7124000000.0,5082000000.0,4.52,7095000000.0,0.9959292532,1023172000000.0,59804000000.0,103382000000.0,90731000000.0,963368000000.0,0.0,37513000000.0,93117164622.199,229568164622.199,92.23902189990422,1.139434151502794,0.19072746322221484,3.2631094910039464,0.015010063928869232,92.23902189990422,0.04904354223797739,13.070910250168305,7.9370239193828,1.557039071336349,0.25434708489601093,0.0,0.008011412321527609,0.006962661214341284,1.139434151502794,0.002866575707701149,-3.915447171062106,0.9959292532285233,0.39938080495356026,0.9705567633184797,0.37877616040537665,0.40724198604544737,0.09019668100799016,0.3584993052339046,0.2483419307295505,0.9141272808257064,0.08205358169639418,0.2446725706021269,Banks—Diversified,Financial Services,BMO
2021Q4,2021,Q4,2021-09-16,2021-09-15,2159000000.0,6508000000.0,4071000000.0,3.23,6508000000.0,1.0,988175000000.0,57523000000.0,131957000000.0,100106000000.0,930652000000.0,0.0,35497000000.0,85881611285.30313,174125611285.30313,86.32446499012299,1.3181727368988871,0.19207933817390643,3.2996888201241243,0.012556896234813101,86.32446499012299,0.037532812961771814,13.19631396516643,9.944605290099945,1.4929960413278711,0.3455303381194998,0.0,0.008686376382969221,0.006585878007437954,1.28530757397159,0.0021848356819389276,8.475437805714312,1.0,-0.05278592375366573,0.596059113725027,0.24732075866497424,0.35100107026555233,-0.13168779186124083,-0.05098901098901099,-0.06154910096818811,0.2543339125362866,0.095880020000728,0.2402555587891834,Banks—Diversified,Financial Services,BMO
2021Q3,2021,Q3,2021-08-24,2021-07-31,2275000000.0,7495000000.0,4338000000.0,3.41,7495000000.0,1.0,971358000000.0,57696000000.0,158316000000.0,90766000000.0,913662000000.0,0.0,34089000000.0,80661655851.126,173094655851.126,89.1501256223172,1.7442214044906683,0.19050751628132984,3.2073453965612866,0.01371636009160935,89.1501256223172,0.039430809761508596,10.76206215492008,8.863918225398463,1.3980458931490225,0.33186813186813185,0.0,0.009360085557795557,0.007716001721301518,1.7442214044906683,0.0023420819100681725,-7.501316455977495,1.0,0.7853403141361258,0.8193864866088186,0.33664760470507643,0.4122438908352087,0.19537480063795853,0.7459708365310821,0.30035971223021585,0.4656077842314375,0.2840207152417935,0.27562204952479974,Banks—Diversified,Financial Services,BMO
2021Q2,2021,Q2,2021-05-26,2021-04-30,1303000000.0,6270000000.0,3336000000.0,1.91,6270000000.0,1.0,949839000000.0,55514000000.0,169861000000.0,82265000000.0,894325000000.0,0.0,32561000000.0,74960431199.01599,144326431199.016,85.83745403829086,2.0648027715310278,0.18625682878887895,3.186835753143351,0.00989510047282777,85.83745403829086,0.023471556724429875,11.955411674484209,14.38227766673369,1.350297784324963,0.5686876438986953,0.0,0.009885215281548796,0.0066011187159086965,2.0648027715310278,0.0013718114333060656,3.1143974074126883,1.0,-0.3696369636963696,0.3322164398489173,0.20788203067560374,0.41602197005368197,-0.09379968203497616,-0.35399107585523054,-0.1843520782396088,0.040895492765151524,0.11924594683116292,0.2631209170640774,Banks—Diversified,Financial Services,BMO
2021Q1,2021,Q1,2021-02-23,2021-01-31,2017000000.0,6919000000.0,4090000000.0,3.03,6919000000.0,1.0,973211000000.0,56148000000.0,153475000000.0,87822000000.0,917063000000.0,0.0,32012000000.0,61870683760.872,170833683760.872,86.84771024777613,1.747568946277698,0.1956718532774496,3.391572273277766,0.012843019823482018,86.84771024777613,0.03592291800242217,8.942142471581443,7.668651928714924,1.1019214176973713,0.3658899355478433,0.0,0.01192810480085114,0.007109455195224879,1.747568946277698,0.002072520758602194,3.1539319855672123,1.0,0.2784810126582277,0.8924317591759516,0.37184801023860126,0.34281993602728406,0.16540340239178036,0.27335858585858586,0.12952223142778238,1.0766864080766532,0.2302810948551036,0.3133617375590074,Banks—Diversified,Financial Services,BMO
2020Q4,2020,Q4,2020-12-01,2020-10-31,1584000000.0,5937000000.0,3621000000.0,2.37,5937000000.0,1.0,949261000000.0,56593000000.0,108931000000.0,94215000000.0,892668000000.0,0.0,30745000000.0,52598845203.532005,173169845203.532,84.67513262386845,1.1561959348299102,0.19701009522144067,3.3045429646776103,0.01162222878710383,84.67513262386845,0.02798932730196314,8.859498939452923,8.301585417224118,0.9294231654715602,0.3162878787878788,0.0,0.009524923941987187,0.006254338901524449,1.074000955261901,0.001668666467915568,-2.5720706700993645,1.0,0.3093922651933702,0.29508196707912565,0.17504016683416557,0.41551165538477025,-0.16813787305590586,0.2857142857142857,0.04381666186220813,0.30219780259807577,0.06788721631305043,0.28705251632334844,Banks—Diversified,Financial Services,BMO
2020Q3,2020,Q3,2020-08-25,2020-07-31,1232000000.0,7137000000.0,3469000000.0,1.81,7137000000.0,1.0,973508000000.0,54587000000.0,165164000000.0,65758000000.0,918921000000.0,0.0,29902000000.0,47756242209.28001,146015242209.28,85.11928894433183,2.511694394598376,0.18819876159209786,3.3563485811640135,0.011965565396964405,85.11928894433183,0.022569476248923737,6.691360825175845,9.690795902857145,0.874864751850807,0.41883116883116883,0.0,0.01080487023536644,0.00733121864432547,2.511694394598376,0.0012655263233584111,2.0263171337949766,1.0,0.81,0.043149604475613564,0.48382477954636427,0.43377203116542556,0.3150912106135987,0.7880986937590712,0.002021952628538417,-0.0974871045891709,0.3426434227272744,0.2918349922401286,Banks—Diversified,Financial Services,BMO
2020Q2,2020,Q2,2020-05-27,2020-04-30,689000000.0,5427000000.0,3462000000.0,1.0,5427000000.0,1.0,987067000000.0,55234000000.0,155654000000.0,78914000000.0,931833000000.0,0.0,29426000000.0,45864186163.553,165596186163.553,86.35318286068956,1.9724510226322325,0.20161954558302528,3.6030705724734764,0.01134453363065968,86.35318286068956,0.012474200673498208,8.451112246831215,16.641576982421263,0.8303614832087663,1.0856313497822931,0.0,0.016309021538779965,0.00549810701806463,1.9724510226322325,0.0006980275908322332,1.2716737692994233,1.0,-0.5780590717299579,-0.29976991618900084,0.21008551917365578,0.5519914508660918,-0.19253087338193722,-0.5672110552763819,-0.3264591439688716,-0.43756675467457196,-0.031332641540169355,0.25185101539040466,Banks—Diversified,Financial Services,BMO
2020Q1,2020,Q1,2020-02-25,2020-01-31,1592000000.0,6721000000.0,5140000000.0,2.37,6721000000.0,1.0,879720000000.0,52176000000.0,128696000000.0,76407000000.0,827544000000.0,0.0,29510000000.0,64390193820.2128,201114193820.2128,81.59537601181019,1.6843482926956954,0.21553903514754694,3.6341229684145966,0.016812181591399977,81.59537601181019,0.03051211284881938,9.580448418421783,10.111525411465578,1.23409601771337,0.44597989949748745,0.0,0.011026523727858747,0.007639930887100441,1.6843482926956954,0.0018096667121356796,6.096978867551633,1.0,0.3314606741573034,0.6370188633538212,0.3480322144442064,0.41759311179507574,0.11127645502645503,0.3333333333333333,0.06418219461697723,0.08450175801847652,0.3189066581162207,0.24485750852377655,Banks—Diversified,Financial Services,BMO
2019Q4,2019,Q4,2019-12-03,2019-10-31,1194000000.0,6048000000.0,4830000000.0,1.78,6048000000.0,1.0,852195000000.0,51076000000.0,80637000000.0,93563000000.0,801119000000.0,0.0,28725000000.0,64842072314.70709,193933072314.7071,76.57122279724331,0.8618470976775007,0.21812026590158357,3.639302216305114,0.01609645069217903,76.57122279724331,0.02337692849870781,10.721242115526966,13.576648307099475,1.2695213469086675,0.6005025125628141,0.0,0.011057635488885732,0.007096967243412599,0.8434744503703387,0.0014010877792054635,3.6460904360496564,1.0,-0.23931623931623927,0.14012738938734182,0.31558175336497096,0.5023884197492894,-0.08847023360964582,-0.23314065510597304,-0.1166788588149232,-0.11822660015025102,0.15797377802714116,0.19836020950091013,Banks—Diversified,Financial Services,BMO
2019Q3,2019,Q3,2019-08-27,2019-07-31,1557000000.0,6635000000.0,5468000000.0,2.34,6635000000.0,1.0,839180000000.0,50643000000.0,114528000000.0,79079000000.0,788537000000.0,0.0,28241000000.0,63185500175.82,215483500175.82,79.26592580998592,1.4482732457416,0.23610548392478373,3.9123867069486407,0.01726638801379407,79.26592580998592,0.03074462413364137,9.523059559279577,10.145391807292869,1.2476650312149753,0.441233140655106,0.0,0.010872747672936885,0.007906527800948545,1.4482732457416,0.0018553826354298242,6.964124344298468,1.0,0.03539823008849561,0.41805361410870895,0.591367064574028,0.5412031473934622,0.07693556240869989,0.04008016032064128,0.06216006216006216,0.2613134698757466,0.19860772367381965,0.2556664244175393,Banks—Diversified,Financial Services,BMO
2019Q2,2019,Q2,2019-04-30,2019-04-30,1497000000.0,6161000000.0,5148000000.0,2.26,6161000000.0,1.0,830470000000.0,49395000000.0,113334000000.0,71728000000.0,781075000000.0,0.0,27405000000.0,67774477156.544395,204809477156.5444,77.35203750857379,1.580052420254294,0.2172167567762833,3.652029557647535,0.017829784241836774,77.35203750857379,0.03030671120558761,11.000564381844569,11.318382958674748,1.3720918545711995,0.46158984635938544,0.0,0.010195578468336087,0.007418690620973665,1.580052420254294,0.0018025937119944128,-14.055262786508585,1.0,-0.008771929824561412,0.42352675228929504,0.5396808492423791,0.5705695444276493,-0.050400739827373614,-0.008609271523178808,0.01819620253164557,0.5501246931389404,0.20205032348448887,0.2760418603713039,Banks—Diversified,Financial Services,BMO
2019Q1,2019,Q1,2019-01-31,2019-01-31,1510000000.0,6488000000.0,5056000000.0,2.28,6488000000.0,1.0,806597000000.0,47349000000.0,116244000000.0,76944000000.0,759248000000.0,0.0,26599000000.0,61256344525.6009,203349344525.6009,74.1070576137806,1.5107610729881473,0.2357707752446389,4.016388941688314,0.01694395029015851,74.1070576137806,0.03189085302751906,9.44148343489533,10.141778894967036,1.2937199207079537,0.43509933774834436,0.0,0.010725419629397239,0.008043669887192737,1.5107610729881473,0.0018720625045716757,9.976603342931742,1.0,-0.11284046692607005,0.49578308975065155,0.6340141317698819,0.5527721333264833,0.10811272416737831,-0.11019446081319977,0.011604641856742696,0.4335602635208185,0.3016618778988633,0.14582680510745277,Banks—Diversified,Financial Services,BMO
2018Q4,2018,Q4,2018-10-31,2018-10-31,1697000000.0,5855000000.0,4998000000.0,2.57,5855000000.0,1.0,774048000000.0,45727000000.0,98180000000.0,91415000000.0,728321000000.0,0.0,25856000000.0,64302102720.16264,201274102720.16266,69.60215931174575,1.0740031723458952,0.244199326139981,4.133706562862204,0.016922965296243514,69.60215931174575,0.037111553349224745,10.982425742128546,9.472908473801215,1.4062173927911876,0.3912787271655863,0.0,0.010326256403926202,0.007564130389846624,1.0740031723458952,0.0021923704989871427,17.290159376220124,1.0,0.11255411255411246,0.6144026553244325,0.4281762868837355,0.5178049884442568,0.013677285318559556,0.10481770833333333,0.11937290033594625,0.41149958840667306,0.1788794508416524,0.16353721208051464,Banks—Diversified,Financial Services,BMO
2018Q3,2018,Q3,2018-07-31,2018-07-31,1536000000.0,5776000000.0,4465000000.0,2.31,5776000000.0,1.0,765318000000.0,44756000000.0,109678000000.0,0.0,720562000000.0,0.0,24909000000.0,66058541312.32,46512541312.32,69.88757026858214,0.0,0.03810572859909214,0.6515997855036196,0.04688250425788369,69.88757026858214,0.03431942085977299,11.436728066537396,10.751715708385415,1.4759706254428455,0.41796875,0.0,0.009718652383870702,0.007547189534285095,0.0,0.002007008851222629,10.391464733729746,1.0,0.2419354838709677,0.3844228712986587,0.4409712756687565,0.5257060934726114,0.035868005738880916,0.23274478330658105,0.23036649214659685,0.3023779125388405,0.20255244015797214,0.1772048946829697,Banks—Diversified,Financial Services,BMO
2018Q2,2018,Q2,2018-04-30,2018-04-30,1246000000.0,5576000000.0,3629000000.0,1.86,5576000000.0,1.0,743569000000.0,43746000000.0,102229000000.0,0.0,699823000000.0,0.0,24119000000.0,62707002036.4242,48340002036.4242,67.95664047572444,0.0,0.03925930209570329,0.6673067251863027,0.03966360477554035,67.95664047572444,0.028482604123805606,11.245875544552403,12.581661724804215,1.4334339605089428,0.5176565008025682,0.0,0.010285932655899306,0.007498967816033213,0.0,0.0016757019187190428,-58.22377162156379,1.0,0.30069930069930084,0.3172799077861814,0.4304010555655725,0.5082599459968453,-0.010294639687610933,0.2805755395683453,0.02167792792792793,0.25823361560544733,0.2353803964345939,0.22135770279658173,Banks—Diversified,Financial Services,BMO
2018Q1,2018,Q1,2018-01-31,2018-01-31,973000000.0,5634000000.0,3552000000.0,1.43,5634000000.0,1.0,727909000000.0,42828000000.0,99725000000.0,0.0,685081000000.0,0.0,23902000000.0,65472329793.255005,47539329793.255005,66.12626800685534,0.0,0.04116723381631495,0.6996824507331653,0.02736470268355873,66.12626800685534,0.022718782105164845,11.620931805689564,16.822284119541365,1.5287272296921408,0.6485097636176773,0.0,0.009637659175907408,0.0077399784863217795,0.0,0.001336705549732178,8.156512992806155,1.0,-0.20994475138121552,-0.04983814872760467,0.3885842083650717,0.47961215507734606,0.0046362339514978606,-0.20700896495517523,0.12192040429564119,-0.012186600487169828,0.11566721320465846,0.1488413512754104,Banks—Diversified,Financial Services,BMO
2017Q4,2017,Q4,2017-10-31,2017-10-31,1227000000.0,5608000000.0,3166000000.0,1.81,5608000000.0,1.0,709580000000.0,44354000000.0,84748000000.0,90073000000.0,665226000000.0,0.0,23709000000.0,66289957804.46991,196776957804.4699,65.78995926736168,0.9408812851797986,0.23898080554694326,3.8232402939982864,0.012065554401702174,65.78995926736168,0.027663795824502863,11.820605885247844,13.506511370103892,1.4945654913755222,0.5167074164629177,0.0,0.009564042895758936,0.007903266721158996,0.9408812851797986,0.0017291919163448801,-14.617410761735371,1.0,-0.11707317073170721,0.14465408845641914,0.33296530027206883,0.5363979124249081,0.03832623588224403,-0.11535688536409516,-0.04031524704455896,0.15923566970630076,0.20695807565209695,0.29085143645662287,Banks—Diversified,Financial Services,BMO
2017Q3,2017,Q3,2017-07-31,2017-07-31,1387000000.0,5401000000.0,3299000000.0,2.05,5401000000.0,1.0,708617000000.0,42934000000.0,63611000000.0,0.0,665683000000.0,0.0,23183000000.0,62168773756.12021,50439773756.12021,65.89021775662638,0.0,0.03775241068165172,0.6230959146597103,0.036600818815511055,65.89021775662638,0.03230539898448782,11.51060428737645,11.205618917829886,1.4480079600344764,0.410958904109589,0.0,0.009168590042261953,0.0076218888341657055,0.0,0.0019573337924435907,-142.58893063330322,1.0,0.11413043478260855,0.44529470041108865,0.38015174423209924,0.520923069947809,-0.05295458530597931,0.11226944667201283,0.1522878099895215,0.23860542704586352,0.2701531646148102,0.28113322277199576,Banks—Diversified,Financial Services,BMO
2017Q2,2017,Q2,2017-04-30,2017-04-30,1247000000.0,5703000000.0,2863000000.0,1.84,5703000000.0,1.0,718943000000.0,44913000000.0,62230000000.0,0.0,674030000000.0,0.0,22703000000.0,62705034060.8118,47397034060.8118,68.98039926401249,0.0,0.036970942063557194,0.5918108342796072,0.033362654549148066,68.98039926401249,0.02776478970453989,10.995096275786743,12.571177638494747,1.396144413884884,0.32157177225340816,0.0,0.006395020846509824,0.00793247865268874,0.0,0.001734490773260189,-82.72431934144036,1.0,-0.1711711711711712,0.21833232417233717,0.42147281025912287,0.6445003971626956,0.10480433940333204,-0.16139878950907868,-0.08879694462126034,0.16298779493558263,0.39780870713870087,0.400590310688443,Banks—Diversified,Financial Services,BMO
2017Q1,2017,Q1,2017-01-31,2017-01-31,1487000000.0,5162000000.0,3142000000.0,2.22,5162000000.0,1.0,692360000000.0,42457000000.0,57364000000.0,0.0,649903000000.0,0.0,22077000000.0,63754126766.207985,49951126766.207985,65.54595642723051,0.0,0.037789589231035876,0.6162470264031844,0.03684810499514467,65.54595642723051,0.03502367100831429,12.350663844674154,10.71858217320242,1.501616382839296,0.27236045729657027,0.0,0.006352529954416453,0.007455658905771564,0.0,0.0021477266162112196,8.125685287561558,1.0,0.0990099009900991,0.347979968470951,0.23889956679029511,0.5480857275172375,-0.004243827160493827,0.10639880952380952,0.07455540355677155,0.4529493753166009,0.2823624998740076,0.3733905766825277,Banks—Diversified,Financial Services,BMO
2016Q4,2016,Q4,2016-10-31,2016-10-31,1344000000.0,5184000000.0,2924000000.0,2.02,5184000000.0,1.0,687911000000.0,42304000000.0,70275000000.0,86223000000.0,645607000000.0,0.0,21205000000.0,56405217144.57708,176538217144.5771,63.89666662007535,0.8150377509481229,0.22711513553352106,3.693149583963691,0.011638426460878386,63.89666662007535,0.03177004538577912,10.880636023259468,10.492041879571628,1.3333305868139438,0.40848214285714285,0.0,0.00973314221258666,0.007535858563099005,0.8150377509481229,0.001953741108951594,-5.619168872741291,1.0,0.08602150537634404,0.44845818177549374,0.2289010265683697,0.4541825277120751,-0.07146695325094035,0.07951807228915662,0.04465880671668453,0.26874999907486985,0.25477736737891993,0.3933860716379187,Banks—Diversified,Financial Services,BMO
2016Q3,2016,Q3,2016-07-31,2016-07-31,1245000000.0,5583000000.0,2799000000.0,1.86,5583000000.0,1.0,691655000000.0,40677000000.0,61126000000.0,0.0,650978000000.0,0.0,20456000000.0,53592271807.68641,13819271807.686409,63.12657905681811,0.0,0.006449747345135942,0.10966885463529759,0.048463431540638834,63.12657905681811,0.030606976915701748,9.599188932059182,10.761500362989239,1.3175079727533106,0.42811244979919677,0.0,0.009945463814496387,0.00807194338217753,0.0,0.0018000303619579126,78.92823535741739,1.0,0.2827586206896553,0.4371442145271346,0.5802718323426193,0.3786200722013073,0.08113865220759102,0.2795477903391572,0.2106401384083045,0.11522260486020972,0.384236923415069,0.37810780882684547,Banks—Diversified,Financial Services,BMO
2016Q2,2016,Q2,2016-04-30,2016-04-30,973000000.0,5164000000.0,2312000000.0,1.45,5164000000.0,1.0,681427000000.0,39001000000.0,65218000000.0,0.0,642426000000.0,0.0,19806000000.0,52442032849.4304,13588032849.430397,60.61873039656067,0.0,0.0068136425471840715,0.11904822953257609,0.04364416864926143,60.61873039656067,0.024948078254403733,10.155312325606197,13.474314709514491,1.3446330311897234,0.5960945529290853,0.0,0.011059830606972737,0.007578214540955965,0.0,0.0014278858923993326,-16.59558001564253,1.0,-0.08227848101265829,0.07531493148704811,0.4192143564648662,0.5424599325763906,0.029505582137161084,-0.0820754716981132,-0.0025884383088869713,0.02922519022526761,0.3254362124166335,0.3453991014605003,Banks—Diversified,Financial Services,BMO
2016Q1,2016,Q1,2016-01-31,2016-01-31,1060000000.0,5016000000.0,2318000000.0,1.58,5016000000.0,1.0,699254000000.0,41585000000.0,70057000000.0,0.0,657669000000.0,0.0,19409000000.0,47885801981.472,6741801981.472,64.67561876145062,0.0,0.0075080013843324455,0.12624744499218468,0.04208472758749887,64.67561876145062,0.025489960322231574,9.546611240325358,11.293821222045283,1.1515162193452448,0.5254716981132076,0.0,0.011631840273146406,0.007173359036916485,0.0,0.0015159012318842653,5.176283859201384,1.0,-0.13661202185792348,0.20520681745279767,0.3226624580074065,0.6682827808388895,0.006824568446407065,-0.12106135986733002,-0.07686180804460374,0.04267337114948181,0.24529021248407826,0.4471530685304978,Banks—Diversified,Financial Services,BMO
2015Q4,2015,Q4,2015-11-16,2015-10-31,1206000000.0,4982000000.0,2511000000.0,1.83,4982000000.0,1.0,641390000000.0,39422000000.0,72725000000.0,89704000000.0,601968000000.0,0.0,18930000000.0,50077027274.562904,154205027274.5629,59.81945277649565,0.8107219299027913,0.236681270365924,3.85076860636193,0.010655764019182735,59.81945277649565,0.030592055197605397,10.051591183172,10.380809965705412,1.2702812458668487,0.4560530679933665,0.0,0.01098308006552493,0.007767504950186314,0.8107219299027913,0.001880291242457787,-3.7862564096902243,1.0,0.01666666666666668,0.4048184447865659,0.3281679910897177,0.5509888199067073,0.03232490675507667,0.017721518987341773,-0.01490780698313064,0.15094339710760818,0.21141101736509632,0.39696822116445635,Banks—Diversified,Financial Services,BMO
2015Q3,2015,Q3,2015-08-24,2015-07-31,1185000000.0,4826000000.0,2549000000.0,1.8,4826000000.0,1.0,671958000000.0,38200000000.0,73913000000.0,0.0,633758000000.0,0.0,18281000000.0,46754621361.1272,-5556378638.872803,59.36737995589408,0.0,0.006597138511633168,0.11604712041884817,0.04825248688873456,59.36737995589408,0.031020942408376963,9.688069076072772,9.863844169014177,1.2239429675687747,0.4607594936708861,0.0,0.011677989984835086,0.007181996493828484,0.0,0.0017635030760851124,10.594747645847994,1.0,0.20805369127516782,0.5466378522152269,0.44956831678952375,0.5720841488919063,0.06628369421122404,0.1933534743202417,0.0921165381319623,0.25044106731522253,0.24883455735610477,0.37035846672696604,Banks—Diversified,Financial Services,BMO
2015Q2,2015,Q2,2015-05-20,2015-04-30,993000000.0,4526000000.0,2334000000.0,1.49,4526000000.0,1.0,632788000000.0,35916000000.0,63064000000.0,0.0,596872000000.0,0.0,17765000000.0,51240941511.168,8016941511.167999,55.640243902439025,0.0,0.007008666409603216,0.12348257044214278,0.04701756730741446,55.640243902439025,0.027647844971600402,11.321462994071586,12.900539151854984,1.4266884260821917,0.553877139979859,0.0,0.010733604492417982,0.007152474446418073,0.0,0.0015692459401884992,57.12479544165886,1.0,0.02054794520547947,0.15286173139190878,0.2839300773596334,0.5142608323475387,-0.104648862512364,0.007099391480730223,0.011703511053315995,-0.021420788950176923,0.13788181944071082,0.3264696083533191,Banks—Diversified,Financial Services,BMO
2015Q1,2015,Q1,2015-02-23,2015-01-31,986000000.0,5055000000.0,2307000000.0,1.46,5055000000.0,1.0,671875000000.0,37317000000.0,70017000000.0,0.0,634558000000.0,0.0,17489000000.0,47046482133.659996,1251482133.659996,57.55909458990475,0.0,0.007388279069767442,0.13302248305062037,0.0479047546330719,57.55909458990475,0.026422274030602676,9.306920303394659,11.928621230644016,1.2607251958533643,0.49594320486815413,0.0,0.010393975868604612,0.007523720930232558,0.0,0.0014675348837209301,4.84266414139578,1.0,-0.06410256410256415,0.2823963402705988,0.4279286438383974,0.5460498390327522,0.0894396551724138,-0.06717123935666983,-0.04983525535420099,-0.10698240667464541,0.2121319282052298,0.3594494257227391,Banks—Diversified,Financial Services,BMO
2014Q4,2014,Q4,2014-11-18,2014-10-31,1057000000.0,4640000000.0,2428000000.0,1.56,4640000000.0,1.0,587568000000.0,34313000000.0,46955000000.0,8763000000.0,553255000000.0,0.0,17237000000.0,54713847850.64351,47595847850.64351,50.966329206678196,5.358324774620564,0.0465954578874275,0.7978900125316936,0.03282343236985811,50.966329206678196,0.030804651298341736,11.791777554017997,12.940834401760528,1.5945515650232713,0.33774834437086093,0.0,0.006524856394208092,0.007896958309506303,5.358324774620564,0.0017989407183508972,-4.262530994908344,1.0,-0.06586826347305381,0.3443082527653726,0.27738032814165015,0.39797686041818414,0.10083036773428232,-0.047747747747747746,-0.01819652244237768,0.12023613095610713,0.08167748672174412,0.15990941866578484,Banks—Diversified,Financial Services,BMO
2014Q3,2014,Q3,2014-08-20,2014-07-31,1110000000.0,4215000000.0,2473000000.0,1.67,4215000000.0,1.0,585751000000.0,33219000000.0,44820000000.0,0.0,552532000000.0,0.0,16724000000.0,52551440361.01959,12449440361.019592,51.431199023985435,0.0,0.006740065317856905,0.11884764743068725,0.05637415149967883,51.431199023985435,0.03341461211957013,12.467720133100734,11.83590999122063,1.581969365755128,0.4243243243243243,0.0,0.008962646823080565,0.007195890403942973,0.0,0.0018950031668746618,392.1749280673104,1.0,0.0437499999999999,0.6881132619500359,0.19896549207990927,0.4273272963119071,0.04305864884929473,0.04519774011299435,0.03343083994985374,0.2782939501736727,0.1902508641254659,0.12320490625712864,Banks—Diversified,Financial Services,BMO
2014Q2,2014,Q2,2014-05-20,2014-04-30,1062000000.0,4041000000.0,2393000000.0,1.6,4041000000.0,1.0,580974000000.0,31761000000.0,42951000000.0,0.0,549213000000.0,0.0,16162000000.0,48719849235.9804,10533849235.9804,49.25094707395628,0.0,0.00682474602994282,0.12483863858190863,0.05608767639389378,49.25094707395628,0.0334372343440068,12.05638436921069,11.468891063083898,1.5339519925688863,0.487758945386064,0.0,0.010632216809436441,0.006955560834047651,0.0,0.001827964762622768,-497.1413187344939,1.0,0.012658227848101276,1.5007398749302834,0.28307296426966594,0.3569070221773338,-0.019650655021834062,0.013358778625954198,-0.029602595296025953,0.17094548839243198,0.10800045160129607,0.25320362214857883,Banks—Diversified,Financial Services,BMO
2014Q1,2014,Q1,2014-01-31,2014-01-31,1048000000.0,4122000000.0,2466000000.0,1.58,4122000000.0,1.0,624318000000.0,31656000000.0,41728000000.0,0.0,592662000000.0,0.0,15617000000.0,45196815544.11817,8481815544.118172,47.72564887226693,0.0,0.0063797615958533956,0.12582132928986606,0.05482799563735769,47.72564887226693,0.033105888299216575,10.964778152381895,10.781683097356435,1.4277487851945343,0.4818702290076336,0.0,0.011173353563085702,0.006602404543838237,0.0,0.0016786317229360679,4.95470462005242,1.0,-0.012500000000000011,2.652893273623451,0.32323479305464176,0.2880940489568911,-0.0038666022232962784,-0.012252591894439209,0.8185840707964602,0.1550716241301638,0.053637949294497556,0.23106480838839177,Banks—Diversified,Financial Services,BMO
2013Q4,2013,Q4,2013-10-31,2013-10-31,1061000000.0,4138000000.0,1356000000.0,1.6,4138000000.0,1.0,536227000000.0,30409000000.0,52896000000.0,8772000000.0,505818000000.0,0.0,15224000000.0,48163817813.75001,41920817813.75001,45.85711592836946,6.030095759233926,0.04915455581311646,0.8667828603374002,0.018739783938350484,45.85711592836946,0.03489098622118452,11.639395315067667,11.3486846875,1.5838672042405213,0.47879359095193214,0.0,0.010547336632748703,0.0077168810969981,6.030095759233926,0.0019786396432853997,-9.640475943504805,1.0,-0.04761904761904753,0.48442069851207614,0.15339656080097883,0.31356210179931615,0.021728395061728394,-0.05352363960749331,-0.4707259953161593,0.22825656292286883,0.09632820985829126,0.18897567291041684,Banks—Diversified,Financial Services,BMO
2013Q3,2013,Q3,2013-07-31,2013-07-31,1121000000.0,4050000000.0,2562000000.0,1.68,4050000000.0,1.0,548273000000.0,29639000000.0,41914000000.0,0.0,518634000000.0,0.0,14780000000.0,41583957031.77799,4987957031.777992,45.80670587053451,0.0,0.007321170292901529,0.13542967036674652,0.06048896740634672,45.80670587053451,0.03782178885927325,10.267643711550122,9.273853040093218,1.4030148463773404,0.4067796610169492,0.0,0.010965767390812037,0.007386831013017237,0.0,0.0020446018680474872,14.616505107830577,1.0,0.18309859154929578,0.676429450947796,0.14945957260095372,0.36214078459761506,0.0268762677484787,0.17136886102403343,0.10813148788927336,0.4549795580393013,0.20972704034083772,0.21298929252935092,Banks—Diversified,Financial Services,BMO
2013Q2,2013,Q2,2013-04-30,2013-04-30,957000000.0,3944000000.0,2312000000.0,1.42,3944000000.0,1.0,554187000000.0,29345000000.0,46203000000.0,0.0,524842000000.0,0.0,14336000000.0,41175232325.3824,570232325.3824005,45.056318478848326,0.0,0.007345895879910571,0.13872891463622422,0.05479992072949095,45.056318478848326,0.03261202930652581,10.439967628139554,10.756330283537723,1.4031430337496134,0.48693834900731453,0.0,0.011317483197605059,0.007116731356022425,0.0,0.0017268539319760298,16.509716249150923,1.0,-0.07189542483660137,0.14916062405340005,0.1603766370261794,0.3792740995677842,-0.03357020338152414,-0.070873786407767,-0.05901505901505902,0.10118538665045161,0.10887924878920835,0.22621709642264676,Banks—Diversified,Financial Services,BMO
2013Q1,2013,Q1,2013-01-31,2013-01-31,1030000000.0,4081000000.0,2457000000.0,1.53,4081000000.0,1.0,540846000000.0,29114000000.0,39059000000.0,0.0,511732000000.0,0.0,14068000000.0,41036312093.9684,7432312093.968399,44.69162258497303,0.0,0.007514153751714906,0.13958920107164938,0.05910871393366355,44.69162258497303,0.035378168578690666,10.055455058556333,9.960269925720487,1.4095044340856082,0.4524271844660194,0.0,0.011355796274599773,0.007545585989357414,0.0,0.0019044238101049097,3.9254172655412662,1.0,-0.03773584905660381,2.0941826439514415,0.5430779659805696,0.4389750973299829,-0.02274904214559387,-0.03195488721804511,-0.03038674033149171,0.33321316437735116,0.14727876143860993,0.2004267335318487,Banks—Diversified,Financial Services,BMO
2012Q4,2012,Q4,2012-10-31,2012-10-31,1064000000.0,4176000000.0,2534000000.0,1.59,4176000000.0,1.0,524014000000.0,28655000000.0,59524000000.0,9927000000.0,495359000000.0,0.0,13540000000.0,39417265746.59771,42709265746.59771,42.820911650110816,5.996172056008865,0.056437423427618344,1.0320711917640901,0.03670015370682745,42.820911650110816,0.037131390682254406,9.439000418246579,9.261575598354726,1.3755807275029737,0.3073308270676692,0.0,0.008295857000893699,0.007969252729888895,5.996172056008865,0.0020304801016766726,-2.769038689609955,1.0,0.11971830985915505,0.7566066779765607,0.41589420897626983,0.3969475692564946,0.07684373388344508,0.11882229232386961,0.07372881355932204,0.3614331992538077,0.15662763495419413,0.17455277946567258,Banks—Diversified,Financial Services,BMO
2012Q3,2012,Q3,2012-07-31,2012-07-31,951000000.0,3878000000.0,2360000000.0,1.42,3878000000.0,1.0,540826000000.0,27974000000.0,40728000000.0,0.0,512852000000.0,0.0,12977000000.0,37128487102.147,1648487102.1470032,43.32251844854154,0.0,0.007593939640475865,0.14681489954958177,0.061674051774251094,43.32251844854154,0.03399585329234289,9.574132826752708,9.760380415916666,1.327249842787839,0.334384858044164,0.0,0.008564852080428864,0.007170513251951644,0.0,0.0017584213776704522,10.945898320208432,1.0,-0.05960264900662257,0.11493605971425773,0.1750022307148103,0.4133361307154698,-0.020459712048497097,-0.05841584158415842,-0.019526381387619442,0.4466988961660818,0.10340752050895491,0.20229382748284688,Banks—Diversified,Financial Services,BMO
2012Q2,2012,Q2,2012-04-30,2012-04-30,1010000000.0,3959000000.0,2407000000.0,1.51,3959000000.0,1.0,524062000000.0,26950000000.0,43314000000.0,0.0,497112000000.0,0.0,12512000000.0,37578242013.5505,9133242013.550499,41.94611286383778,0.0,0.024199426785380354,0.47057513914656773,0.04935517432314048,41.94611286383778,0.037476808905380334,9.491851986246653,9.301545052859035,1.3943689058831352,0.3297029702970297,0.0,0.008861510867909204,0.007554449664352691,0.0,0.0019272528822925532,-10.736640575300143,1.0,-0.07361963190184043,0.17240440276954766,0.21997973902075804,0.36142250958464295,-0.03837745931503522,-0.07339449541284404,-0.07029741212823484,1.3871401054949455,0.26171288568190315,0.15565239816640933,Banks—Diversified,Financial Services,BMO
2012Q1,2012,Q1,2012-01-31,2012-01-31,1090000000.0,4117000000.0,2589000000.0,1.63,4117000000.0,1.0,536829000000.0,27099000000.0,48660000000.0,0.0,509730000000.0,0.0,11986000000.0,37110556998.4348,-4683443001.565201,42.34000434352604,0.0,0.009988283047301842,0.1978670799660504,0.06220167869083276,42.34000434352604,0.040222886453374664,9.013980325099539,8.511595641842844,1.3694437801555333,0.40458715596330275,0.0,0.011883410966281104,0.007669108785106617,0.0,0.002030441723528349,1.551314981959485,1.0,0.1811594202898551,0.4575541841503106,0.2518846243363621,0.35531313585798174,0.009563511525257478,0.21516164994425863,0.21037868162692847,2.9373500527829117,0.36965636491262016,0.14273789705133677,Banks—Diversified,Financial Services,BMO
2011Q4,2011,Q4,2011-10-31,2011-10-31,897000000.0,4078000000.0,2139000000.0,1.38,4078000000.0,1.0,477423000000.0,28123000000.0,51925000000.0,9934000000.0,449300000000.0,0.0,14275000000.0,38593705277.3249,20347705277.324898,43.93992184777972,5.226998188041071,0.011201806364586541,0.19016463392952387,0.05020408081689518,43.93992184777972,0.03189560146499307,9.463880646720181,10.75632811519646,1.3723182191560255,0.4927536231884058,0.0,0.011452644850342728,0.008541691539787568,5.226998188041071,0.0018788370061769122,26.147496800355622,1.0,0.08661417322834636,0.009710330744431712,0.3783628528964347,0.46204612410257884,0.26097711811997526,0.13114754098360656,0.10428497676819824,0.3002506966099134,0.17768304266709367,0.2586447038105193,Banks—Diversified,Financial Services,BMO
2011Q3,2011,Q3,2011-07-31,2011-07-31,793000000.0,3234000000.0,1937000000.0,1.27,3234000000.0,1.0,476557000000.0,27009000000.0,38061000000.0,0.0,449548000000.0,0.0,13863000000.0,35307451592.842,2930451592.842003,45.789685156709595,0.0,0.01192721961905921,0.21044836906216446,0.04858468696294853,45.789685156709595,0.029360583509200636,10.9175793422517,11.130974650959017,1.3072476431131106,0.5598991172761665,0.0,0.01257524913211277,0.00678617667980955,0.0,0.0016640192044183593,14.01645557476856,1.0,-0.0522388059701493,-0.052438961735950716,0.06813301823320231,0.5131844232175465,0.0052844264843021444,-0.00875,-0.0061570035915854285,0.30090773093744566,0.006867521019112914,0.36163464454577626,Banks—Diversified,Financial Services,BMO
2011Q2,2011,Q2,2011-04-30,2011-04-30,800000000.0,3217000000.0,1949000000.0,1.34,3217000000.0,1.0,413228000000.0,22355000000.0,27751000000.0,0.0,390873000000.0,0.0,13556000000.0,35334598718.5823,13191598718.582298,39.30003568735068,0.0,0.013571200402683264,0.25086110489823304,0.054350793863619386,39.30003568735068,0.03578617758890629,10.98371113415676,11.042062099556967,1.5806127809699082,0.48875,0.0,0.011065641444355076,0.007785048447830254,0.0,0.001935977232907741,14.39291190166285,1.0,0.030769230769230795,0.09706614445662154,0.14920093249594887,0.3287705821552817,-0.03855349671249253,0.030927835051546393,-0.022567703109327986,0.09990573668974834,0.08370184373540367,0.20306148317686357,Banks—Diversified,Financial Services,BMO
2011Q1,2011,Q1,2011-01-31,2011-01-31,776000000.0,3346000000.0,1994000000.0,1.3,3346000000.0,1.0,413244000000.0,21993000000.0,24239000000.0,0.0,391251000000.0,0.0,13192000000.0,32369645458.791203,11843645458.791203,38.76777936227858,0.0,0.008985006436875066,0.16882644477788386,0.058545755322173314,38.76777936227858,0.035283953985358975,9.6741319362795,10.428365160693042,1.4718158258896559,0.4961340206185567,0.0,0.011893859031917158,0.008096911267919196,0.0,0.0018778252073835312,-6.99128411636959,1.0,0.0,0.08790322541595061,0.19153987022509214,0.3279462978039181,0.03623412821306906,0.05006765899864682,0.0860566448801743,1.6769030855133062,0.45281199787760396,0.24823995761253445,Banks—Diversified,Financial Services,BMO
2010Q4,2010,Q4,2010-10-31,2010-10-31,739000000.0,3229000000.0,1836000000.0,1.3,3229000000.0,1.0,411640000000.0,21880000000.0,47699000000.0,7765000000.0,389760000000.0,0.0,12848000000.0,34010067099.456,17232067099.456,38.568590571848105,6.1428203477141015,0.009173063842192207,0.17257769652650823,0.05684427199027834,38.568590571848105,0.03377513711151737,10.532693434331373,11.50543541930176,1.5543906352585009,0.3721244925575101,0.0,0.008085841148028745,0.007844232824798368,6.1428203477141015,0.0017952579924205617,-26.343971417084433,1.0,0.15044247787610635,-0.005781045654341443,0.08866104817404033,0.3507711691890999,0.1107671138630891,0.10463378176382661,0.13966480446927373,0.43915739776567236,0.2914253736607537,0.25822400254415734,Banks—Diversified,Financial Services,BMO
2010Q3,2010,Q3,2010-07-31,2010-07-31,669000000.0,2907000000.0,1611000000.0,1.13,2907000000.0,1.0,397386000000.0,21217000000.0,18204000000.0,0.0,376169000000.0,0.0,12539000000.0,35124770918.5458,21467770918.5458,37.76348740475474,0.0,0.011442275268882144,0.2143092802941038,0.05411324269933475,37.76348740475474,0.031531319225149644,12.082824533383487,13.125848624269732,1.6555012922913608,0.452914798206278,0.0,0.008626390779961404,0.007315305521583548,0.0,0.0016835016835016834,5.856080513262054,1.0,-0.10317460317460327,0.09821491364842522,0.07123019175410736,0.3419252563247843,-0.0465726467694326,-0.10201342281879194,-0.04843473124630833,-0.09858546750263006,0.01228991672299965,0.2319805745908856,Banks—Diversified,Financial Services,BMO
2010Q2,2010,Q2,2010-04-30,2010-04-30,745000000.0,3049000000.0,1693000000.0,1.26,3049000000.0,1.0,390166000000.0,20515000000.0,16364000000.0,0.0,369651000000.0,0.0,12299000000.0,35233241422.4,23701241422.4,36.74416105459235,0.0,0.012384472250272961,0.23553497440896903,0.0525391687094469,36.74416105459235,0.03631489154277358,11.555671178222369,11.823235376644295,1.7174380415500854,0.40134228187919463,0.0,0.008486304067666813,0.007814622494015367,0.0,0.0019094436726931614,-5.591690433645454,1.0,0.1249999999999999,0.1115991837444796,0.13733755505492606,0.3286854499137343,0.007933884297520661,0.1339421613394216,0.058125,-0.0048324580013767,0.08120589243654425,0.19258554703055572,Banks—Diversified,Financial Services,BMO
2010Q1,2010,Q1,2010-01-31,2010-01-31,657000000.0,3025000000.0,1600000000.0,1.12,3025000000.0,1.0,398623000000.0,20625000000.0,15904000000.0,0.0,377998000000.0,0.0,11981000000.0,29037271797.760796,18025271797.760796,37.2297794914006,0.0,0.01227224721102395,0.23718787878787878,0.04969217818192694,37.2297794914006,0.031854545454545455,9.599098114962246,11.049190181796344,1.407867723527796,0.4535768645357686,0.0,0.010262672129651665,0.007588623837560803,0.0,0.0016481738384388257,-5.3074889047268865,1.0,-0.034482758620689495,-0.011827160887562723,0.13511117639441486,0.3795509524173652,0.012044161927065908,0.015455950540958269,-0.1927346115035318,0.014991612808685656,0.06269268435450494,0.1917336800534967,Banks—Diversified,Financial Services,BMO
2009Q4,2009,Q4,2009-10-31,2009-10-31,647000000.0,2989000000.0,1982000000.0,1.16,2989000000.0,1.0,388458000000.0,20197000000.0,70837000000.0,6943000000.0,368261000000.0,0.0,11748000000.0,27686669051.131195,18627669051.131195,36.45720515819723,10.202650151231456,0.01090465378496517,0.20973411892855376,0.06556527281462005,36.45720515819723,0.032034460563450017,9.26285347980301,10.698094687454095,1.3708307694772093,0.4899536321483771,0.0,0.011449553552815277,0.007694525534291996,10.202650151231456,0.0016655597258905725,4.829350959555415,1.0,0.19587628865979376,0.04126707694146097,0.18497880770554245,0.3855625646563865,0.0036937541974479517,0.1615798922800718,0.35013623978201636,-0.15859030696810633,0.16718884240269596,0.21306805419018188,Banks—Diversified,Financial Services,BMO
2009Q3,2009,Q3,2009-07-31,2009-07-31,557000000.0,2978000000.0,1468000000.0,0.97,2978000000.0,1.0,415361000000.0,19715000000.0,14567000000.0,0.0,395646000000.0,0.0,11525000000.0,29569110192.09,20401110192.09,36.03322038111322,0.0,0.012998331571813435,0.2738523966522952,0.048937773983194766,36.03322038111322,0.0282525995434948,9.929184080621223,13.271593443487433,1.4998280594516866,0.5816876122082585,0.0,0.010957380790128507,0.007169666868097871,0.0,0.0013410021643823083,22.921790846581395,1.0,0.5901639344262295,-0.2175334114470736,0.1436956264161668,0.32797201809112075,0.12165725047080979,0.5558659217877095,-0.08077645585472762,-0.2824761407098829,0.06036934036153038,0.19076834908256568,Banks—Diversified,Financial Services,BMO
2009Q2,2009,Q2,2009-04-30,2009-04-30,358000000.0,2655000000.0,1597000000.0,0.61,2655000000.0,1.0,432245000000.0,19732000000.0,14232000000.0,0.0,412513000000.0,0.0,11391000000.0,21423168786.291996,12720168786.291996,36.29647888101186,0.0,0.01279135675369293,0.2802047435637543,0.06033907273883441,36.29647888101186,0.01814311777822826,8.068990126663651,14.960313398248601,1.0857069119345224,0.851191751396648,0.0,0.014224163103031932,0.006142349824752166,0.0,0.0008282339876690303,-26.136377462539787,1.0,0.564102564102564,-0.45013381751516407,0.00743167681274818,0.36041294797270024,0.08712028186035745,0.5916327846726154,-0.18486875826573448,-0.4863101655643517,-0.007605032882193324,0.22721754648259732,Banks—Diversified,Financial Services,BMO
2009Q1,2009,Q1,2009-01-31,2009-01-31,224926254.0,2442232055.0,1959193708.0,0.39,2442232055.0,1.0,443173549656.0,19267453294.0,26390117994.0,16327433628.0,423906096362.0,0.0,11434365782.0,17030769404.4,11357219748.4,37.051369743471405,1.616305329745359,0.046745949423381894,1.0752105128730876,0.0717351448080305,37.051369743471405,0.011673896418373225,6.973444382376678,18.92928137726421,0.8839138802896946,1.6284152982870554,0.0,0.021506565223375705,0.005510780273091001,1.616305329745359,0.0005075353756436777,2.742179692844675,1.0,-0.6355140186915887,-0.5925140315211938,-0.004126825301880224,0.4355096302515344,-0.13193859534643798,-0.5987111227976992,-0.2411301324368592,-0.6559970271917723,-0.05122535172429138,0.2691526336760262,Banks—Diversified,Financial Services,BMO
2008Q4,2008,Q4,2008-10-31,2008-10-31,560509565.0,2813432370.0,2581725526.0,1.07,2813432370.0,1.0,414650072150.0,18154160654.0,29333814334.0,1655844156.0,396495911496.0,0.0,11631794132.0,22418064280.08,5627539990.080002,34.910504699819235,17.715323164748362,0.010405338392029024,0.2376631119020833,0.12602179862926488,34.910504699819235,0.030874992002260376,7.9682257583749925,9.998965976646625,1.234871978239353,0.6767169013431555,0.0,0.016919672067183776,0.006785076282302536,17.715323164748362,0.0013517652658148705,4.643518149379232,1.0,0.09183673469387764,0.051942794292687555,0.14425048935049076,0.40170732382804,0.024878234745092674,0.0758700290566326,0.01217730290824335,-0.17735184043081248,0.0347957143709941,0.2226556000927985,Banks—Diversified,Financial Services,BMO
2008Q3,2008,Q3,2008-07-31,2008-07-31,520982600.0,2745138178.0,2550665302.0,0.98,2745138178.0,1.0,375047082907.0,16952917093.0,22054247697.0,0.0,358094165814.0,0.0,11470829069.0,24176468251.616,6325905303.616001,33.62846659353651,0.0,0.01120841873083541,0.247962325654016,0.13606574425960974,33.62846659353651,0.030731147751269193,8.807013229924195,11.601379898107924,1.4260948790694357,0.7140611049198188,0.0,0.015387417513934605,0.007319449485441562,0.0,0.0013891125241179052,-85.75562020568869,1.0,-0.21600000000000003,0.019144660877028645,0.1729537760811878,0.34852824048853753,0.04774177210766539,-0.18844118964325898,-0.2127341888035095,-0.04685505925169227,0.12739600442157314,0.19498732120961557,Banks—Diversified,Financial Services,BMO
2008Q2,2008,Q2,2008-04-30,2008-04-30,641952984.0,2620052241.0,3239903557.0,1.25,2620052241.0,1.0,375157725537.0,16400442033.0,22237291541.0,0.0,358757283504.0,0.0,11327104682.0,25288339487.04,8399651522.040001,32.6666893063296,0.0,0.014256946377271106,0.3261255742520754,0.12426933292166922,32.6666893063296,0.03914241961944075,9.651845520984022,9.84820544390522,1.5419303599351954,0.5699832201418663,0.0,0.014469215315126604,0.0069838685508865975,0.0,0.0017111549097945666,-8.462190145000205,1.0,1.6595744680851066,0.5464243950054927,0.1946398286145506,0.34178641160689605,0.2931476866262872,1.5172644601162386,0.013487419400748917,0.06519206395563885,0.08686263875597823,0.18124223094074549,Banks—Diversified,Financial Services,BMO
2008Q1,2008,Q1,2008-01-31,2008-01-31,255020080.0,2026104418.0,3196787148.0,0.47,2026104418.0,1.0,376825301205.0,15500000000.0,26122489960.0,0.0,361325301205.0,0.0,11056224900.0,28238939129.021,6712834711.021,31.057954142429775,0.0,0.012197656386930029,0.2965410027096774,0.2478802237901094,31.057954142429775,0.016452908387096774,13.937553700660752,27.683054535373255,1.8218670405819999,1.4330708664196168,0.0,0.012941769707786824,0.005376773829997582,0.0,0.0006767594404741531,12.505995277415733,1.0,-0.4719101123595506,-0.3667999738045838,-0.12071831338359222,0.2716895941793555,-0.07887665562882407,-0.43546232667866513,-0.0725997007457975,-0.5742187228797865,-0.15604462427706897,0.15085371986209326,Banks—Diversified,Financial Services,BMO
2007Q4,2007,Q4,2007-10-31,2007-10-31,451732616.0,2199601639.0,3447041316.0,0.89,2199601639.0,1.0,366524000000.0,15298000000.0,55689000000.0,9653000000.0,351226000000.0,0.0,11166000000.0,31456834810.162,12469834810.161999,30.65319886908972,5.769087330363617,0.00940183998865013,0.22525820368675645,0.21548901209113505,30.65319886908972,0.029528867564387502,14.301150832231217,17.408990238908274,2.0562710687777486,0.7967137976151804,0.0,0.011441125916576176,0.006001248592179502,5.769087330363617,0.0012324775894620816,42.27970559316132,1.0,-0.3046875,0.11933223691523824,-0.03914716932699886,0.27235938546949634,-0.13895544049536732,-0.31577080719830025,-0.02964133717429925,-0.19298065661971148,-0.032004490774583665,0.16498027360247566,Banks—Diversified,Financial Services,BMO
2007Q3,2007,Q3,2007-07-31,2007-07-31,660206581.0,2554573529.0,3552337345.0,1.28,2554573529.0,1.0,359154509637.0,15319987222.0,25040996699.0,0.0,343834522415.0,0.0,11157491215.0,33329030066.723995,11733885779.723995,30.652664647163927,0.0,0.009594345384895063,0.22492527977122878,0.15881570678426443,30.652664647163927,0.04309446029118888,13.046807887252633,12.620682308347057,2.175525970339089,0.5293267487135213,0.0,0.010485303721721833,0.007112742456114293,0.0,0.0018382243944737753,-6.31622267489583,1.0,-0.007751937984496131,0.8799154619359884,0.1860471785721848,0.28441969850857557,0.010508133603964557,-0.01623763174036724,0.03471150745336097,0.015299074851406434,0.07400847621632706,0.1296764624651919,Banks—Diversified,Financial Services,BMO
2007Q2,2007,Q2,2007-04-30,2007-04-30,671103716.0,2528008874.0,3433166945.0,1.29,2528008874.0,1.0,356526899612.0,15420965058.0,19501941209.0,0.0,341105934554.0,0.0,11017193566.0,34810334361.27999,17703290545.27999,30.81050340252942,0.0,0.00671729789703473,0.15530139546990213,0.1546222896566826,30.81050340252942,0.04351891814007118,13.769862408038364,12.967568771918405,2.257338255443442,0.5255702771283716,0.0,0.01013239810739441,0.007090653963981887,0.0,0.0018823368355384872,-5.073327066571975,1.0,0.14159292035398244,1.1838104778743068,0.12898301875433743,0.3163953385578379,-0.018232170436748244,0.14613194845883243,0.038374283852762266,0.11958605218831253,0.041893965467850486,0.15479542519165349,Banks—Diversified,Financial Services,BMO
2007Q1,2007,Q1,2007-01-31,2007-01-31,585537919.0,2574955909.0,3306290418.0,1.13,2574955909.0,1.0,355744855967.0,15655496767.0,22872427984.0,0.0,340089359200.0,0.0,11073486185.0,35100527621.12,14973543494.120003,31.240016217154626,0.0,0.007717452019192867,0.17536612845062075,0.1413600229898421,31.240016217154626,0.037401426969359865,13.631506271014757,14.986445148192018,2.242057734961685,0.5702811246968961,0.0,0.009513282153601574,0.007238209817540864,0.0,0.001645949081704547,-11.822969797645586,1.0,-0.16911764705882368,0.5364519805998834,0.1547791347338149,0.3441671617485515,0.1115599751564725,-0.1582053793846226,0.053022775753353873,0.10075832304898232,0.08956049611527989,0.2103559042332436,Banks—Diversified,Financial Services,BMO
