Quarters,Year,Quarter,FillingDate,Date,NetIncome,Revenue,OperatingIncome,EPSDiluted,GrossProfit,GrossProfitRatio,TotalAssets,CommonStockEquity,CurrentAssets,CurrentLiability,TotalLiability,Inventory,RetainedEarnings,MarketCap,EnterpriseValue,bookValuePerShare,currentRatio,debtToAssets,debtToEquity,roic,shareholdersEquityPerShare,roe,priceToSalesRatio,peRatio,pbRatio,payoutRatio,inventoryTurnover,dividendYield,assetTurnover,quickRatio,returnOnAssets,priceToFreeCashFlowsRatio,grossProfitMargin,epsdilutedGrowth,fiveYNetIncomeGrowthPerShare,fiveYRevenueGrowthPerShare,fiveYShareholdersEquityGrowthPerShare,grossProfitGrowth,netIncomeGrowth,operatingIncomeGrowth,threeYNetIncomeGrowthPerShare,threeYRevenueGrowthPerShare,threeYShareholdersEquityGrowthPerShare,Industry,Sector,Symbol
2023Q4,2023,Q4,2023-04-27,2023-02-28,36180000.0,484583000.0,53713000.0,1.44,210058000.0,0.4334819835,2913715000.0,1488811000.0,892041000.0,412158000.0,1424904000.0,455485000.0,1164188000.0,2815559650.0,3763570650.0,59.58819291574945,2.1643180527855823,0.3353395922387742,0.6562847802709679,0.01950646782105344,59.58819291574945,0.024301271282923084,5.810273265880149,19.455221462133775,1.8911464584826414,0.0,0.6027092000834275,0.0,0.1663110496393779,0.9992163199549687,0.012417137571794084,21.649990772708747,0.43348198347857847,-0.3302325581395349,-0.3594755824084155,0.7259640631261405,0.5610231716120121,-0.18162196699340802,-0.30189480183691586,-0.3041726581425777,12.563330440482991,0.10459011808726414,0.2922624314765649,Household & Personal Products,Consumer Defensive,HELE
2023Q3,2023,Q3,2023-01-06,2022-11-30,51826000.0,558606000.0,77193000.0,2.15,256676000.0,0.4594938114,3129425000.0,1457073000.0,1122401000.0,522702000.0,1672352000.0,536793000.0,1128008000.0,2364073140.0,3443472140.0,60.73415030636489,2.1473057306074974,0.35940660025404025,0.7719146535554499,0.02378507239941569,60.73415030636489,0.035568567944090655,4.2320940698810965,11.40389543858295,1.6224809189381726,0.0,0.562470076919781,0.0,0.1785011623541066,1.0670668947124748,0.016560869808351374,25.860605802047782,0.45949381138047213,0.6796874999999999,2.9243733709686848,0.3934566990504982,0.672763398641289,0.15909070382847285,0.6896844027125717,0.6442934435308653,-0.2088172273324603,0.23404802732224392,0.31544547041919063,Household & Personal Products,Consumer Defensive,HELE
2023Q2,2023,Q2,2022-10-06,2022-08-31,30672000.0,521400000.0,46946000.0,1.28,221446000.0,0.4247142309,3225208000.0,1398346000.0,1237816000.0,583111000.0,1826862000.0,643192000.0,1076182000.0,2963287470.0,4139009470.0,58.33977220576578,2.122779367907654,0.37683523047195716,0.8691496954258817,0.014289154356278696,58.33977220576578,0.02193448545638919,5.6833284810126585,24.153034282081375,2.119137516751934,0.0,0.46635219343524176,0.0,0.16166399190377798,0.9603265930500368,0.009510084310841348,-40.34043685421403,0.4247142309167626,0.2549019607843137,2.905362082129322,0.5669866283684263,0.5332412050530517,0.048657249338214054,0.2470827403943891,0.3832464126815758,-0.3023551784652095,0.32045020862850154,0.3482840573347963,Household & Personal Products,Consumer Defensive,HELE
2023Q1,2023,Q1,2022-07-08,2022-05-31,24595000.0,508078000.0,33939000.0,1.02,211171000.0,0.4156271281,3144254000.0,1356422000.0,1176499000.0,603335000.0,1787832000.0,613625000.0,1045510000.0,4419559350.0,5523146350.0,56.837293107060546,1.949992955820564,0.3666500861571616,0.8499132275943623,0.011018399250830266,56.837293107060546,0.018132262673415795,8.69858437090368,44.92335179914616,3.258248059969538,0.0,0.48385740476675493,0.0,0.1615893626914365,0.8898953317808515,0.007822205203523634,-38.55499738288406,0.4156271281181236,-0.3780487804878048,3.7553204509974387,0.6029786398805895,0.5022139416468637,-0.1491010339519853,-0.3819420013067297,-0.32639329946014606,-0.36638572289733934,0.41535143000423347,0.37236156710910734,Household & Personal Products,Consumer Defensive,HELE
2022Q4,2022,Q4,2022-04-28,2022-02-28,39794000.0,582020000.0,50384000.0,1.64,248174000.0,0.4264011546,2823451000.0,1327339000.0,1082080000.0,602690000.0,1496112000.0,557992000.0,1021017000.0,4895008729.349999,5718588729.349999,55.76983152106664,1.7954172128291492,0.3035154497103013,0.6456233110004301,0.019096481198190966,55.76983152106664,0.02998028386116885,8.4103789033882,30.752178276561793,3.687836136322371,0.0,0.5982989003426572,0.0,0.20613780795204167,0.8236970913736746,0.014094099738228148,44.75763922709775,0.4264011545994983,-0.4709677419354839,0.27151463980627766,0.7622562896849163,0.48312918579858166,-0.09370309641277713,-0.4742016040590357,-0.44074945611153044,0.15091572706938022,0.6300203478059364,0.43543508637387685,Household & Personal Products,Consumer Defensive,HELE
2022Q3,2022,Q3,2022-01-07,2021-11-30,75683000.0,624884000.0,90092000.0,3.1,273833000.0,0.4382141325,2487405000.0,1354958000.0,1164989000.0,625308000.0,1132447000.0,585811000.0,1054902000.0,5803024500.0,6241743500.0,56.15475154378549,1.8630642819218688,0.19420359772534027,0.35651510969343697,0.041884581121696816,56.15475154378549,0.05585634388667398,9.286562786053091,19.168850666596196,4.2828076589827875,0.0,0.5992564154650561,0.0,0.25121924254393635,0.8857251146634938,0.03042648864981778,162.5087372931194,0.43821413254299996,0.46919431279620866,0.49632524516510296,0.6015934704358281,0.5750503546659894,0.3003257545539157,0.4748708954496736,0.33884174703897996,0.6227209777539721,0.5375453894923307,0.3909274536116409,Household & Personal Products,Consumer Defensive,HELE
2022Q2,2022,Q2,2021-10-08,2021-08-31,51315000.0,475228000.0,67291000.0,2.11,210588000.0,0.44313045527620426,2400165000.0,1267822000.0,1091767000.0,600235000.0,1132343000.0,606655000.0,980033000.0,5765756992.17,6242916992.17,52.595061601073255,1.8188992644547552,0.21204333868713193,0.40142780295656644,0.02974449198921373,52.595061601073255,0.04047492471340614,12.132612119172272,28.090017500584626,4.547765374137694,0.0,0.43622816922303453,0.0,0.19799805430043352,0.7740301715161562,0.021379780140115368,-386.93758755586873,0.44313045527620426,-0.08658008658008666,1.0904923774018016,0.4910339429112714,0.4766013789743053,-0.04535069268151157,-0.09929439022677806,0.037880774273154935,0.27582584223782974,0.3215141339816603,0.28978840131338285,Household & Personal Products,Consumer Defensive,HELE
2022Q1,2022,Q1,2021-07-09,2021-05-31,56972000.0,541223000.0,64835000.0,2.31,220592000.0,0.4075806091019783,2348092000.0,1202081000.0,1056074000.0,571735000.0,1146011000.0,540129000.0,928730000.0,5231626140.0,5743020140.0,49.368803646967024,1.8471389717264117,0.23370549365186713,0.456510002237786,0.03333995454571812,49.368803646967024,0.04739447674491153,9.666304166674365,22.957005809871518,4.352141111955018,0.0,0.5936193020556201,0.0,0.23049480173689957,0.7848303847062013,0.024263103830684658,-77.63093202356397,0.4075806091019783,1.5666666666666669,2.421115393679329,0.7771665544795641,0.4358718318834819,-0.042311733192091625,1.5695471766191593,1.6436289500509684,0.629362060441709,0.6492890622106842,0.2691656579458559,Household & Personal Products,Consumer Defensive,HELE
2021Q4,2021,Q4,2021-04-29,2021-02-28,22172000.0,509375000.0,24525000.0,0.9,230338000.0,0.45219730061349694,2263488000.0,1239347000.0,971937000.0,614892000.0,1024141000.0,481611000.0,965166000.0,5364909554.22,5701771554.22,50.78058721897854,1.5806629456880232,0.16875812904685158,0.3082123085786305,0.015171763190333672,50.78058721897854,0.01789006630104402,10.53233777515583,60.49194427904564,4.328819575324748,0.0,0.5793825307146224,0.0,0.22503985000141374,0.706285006147421,0.009795501456159697,-360.423886746389,0.45219730061349694,-0.7305389221556886,1.62790914362652,0.5007020152449079,0.5143399961704301,-0.19834195881347733,-0.7365337769591824,-0.7564765810404234,-0.598157237958151,0.8573140896065568,0.33029161379282107,Household & Personal Products,Consumer Defensive,HELE
2021Q3,2021,Q3,2021-01-08,2020-11-30,84155000.0,637737000.0,100709000.0,3.34,287327000.0,0.45054152417062204,2311744000.0,1210438000.0,1090068000.0,598505000.0,1101306000.0,383440000.0,942995000.0,5042680350.0,5365679350.0,48.48539955938313,1.8213181176431275,0.20748837241493867,0.3962697800300387,0.05007054481105364,48.48539955938313,0.06952442008595236,7.907147225266842,14.980334947418454,4.165996399650375,0.0,0.913858752347173,0.0,0.27586834874449767,1.0972857369612619,0.036403252263226375,85.06258813805202,0.45054152417062204,-0.026239067055393674,1.0270338326579525,0.6129232573740285,0.4090276859846726,0.24742550013892747,-0.0363894518681369,0.014444724250818433,4.002882593917724,0.5287845196300015,0.33540358006679627,Household & Personal Products,Consumer Defensive,HELE
2021Q2,2021,Q2,2020-10-09,2020-08-31,87333000.0,530852000.0,99275000.0,3.43,230336000.0,0.43389871376579536,2174193000.0,1308529000.0,951918000.0,500335000.0,865664000.0,350180000.0,1045673000.0,5237716500.0,5429487500.0,51.66945705824284,1.9025612839397603,0.15645805133214943,0.25996366912769986,0.05315251670732336,51.66945705824284,0.06674135613349036,9.866622900544785,14.993520490536223,4.002751563014653,0.0,0.8581757953052715,0.0,0.24416047701377017,1.1068224289725883,0.040168007164037414,61.86328041953086,0.43389871376579536,0.4472573839662447,3.010216046297527,0.6147268628098904,0.6122855581697718,0.28463310299440603,0.4486447931526391,0.7423085698239702,9.524417065187158,0.5099695275472058,0.35793709178363214,Household & Personal Products,Consumer Defensive,HELE
2021Q1,2021,Q1,2020-07-10,2020-05-31,60286000.0,420835000.0,56979000.0,2.37,179301000.0,0.4260600948115057,1975688000.0,1221752000.0,757036000.0,365929000.0,753936000.0,276327000.0,958340000.0,4563902880.0,4841203880.0,48.37855389245268,2.0688056972800735,0.18515980255991837,0.2994208317236231,0.039523293782775595,48.37855389245268,0.049343893032301155,10.844874784654317,18.926047838635835,3.7355395202954447,0.0,0.8740875846370424,0.0,0.2130068107919874,1.1795785521234994,0.030513927300261985,52.838238842257596,0.4260600948115057,19.23076923076923,2.3357447374362903,0.37618881738625126,0.4802076915869132,-0.06912234249669029,20.1080824088748,21.757377049180327,10.01490341430318,0.25470162292664617,0.2786488265207092,Household & Personal Products,Consumer Defensive,HELE
2020Q4,2020,Q4,2020-04-29,2020-02-29,-3155000.0,442365000.0,-2745000.0,-0.13,192615000.0,0.4354209758909498,1903883000.0,1161723000.0,682836000.0,338896000.0,742160000.0,256311000.0,898166000.0,4146893883.6,4502592883.6,46.111526160876465,2.014883622114159,0.1996792870150109,0.3272432412890164,-0.0009002615345010207,46.111526160876465,-0.0027157936960876218,9.374371579125835,-328.5969796830428,3.5696064239065595,0.0,0.9744021910881703,0.0,0.23234883656191058,1.0991277560077428,-0.001657139645660999,25.07751966038352,0.4354209758909498,-1.047970479704797,-1.089251034048569,0.3433959386112651,0.47321984163584696,-0.08266777157063052,-1.045924977073902,-1.034628921772698,-1.0952341180240928,0.2653228478378692,0.22627858800464798,Household & Personal Products,Consumer Defensive,HELE
2020Q3,2020,Q3,2020-01-09,2019-11-30,68699000.0,474737000.0,79269000.0,2.71,209973000.0,0.44229331187583865,1791089000.0,1161684000.0,729239000.0,317899000.0,629405000.0,333656000.0,901321000.0,4061488619.9999995,4327858620.0,46.170025038750445,2.293932978713365,0.15968329881987997,0.2462003436390619,0.04773454904511953,46.170025038750445,0.059137424635270865,8.555239258789603,14.780013610096214,3.4962077639013707,0.0,0.7935238688949098,0.0,0.26505494701826654,1.2116426915466862,0.0383559945932335,69.04827561585148,0.44229331187583865,0.48087431693989063,0.40095914100756375,0.23054051261501227,0.5272297598936602,0.17862375176114645,0.4903785660049897,0.4539435069699193,0.3025353107298449,0.16685634327582524,0.29499485462987973,Household & Personal Products,Consumer Defensive,HELE
2020Q2,2020,Q2,2019-10-10,2019-08-31,46095000.0,413995000.0,54520000.0,1.83,178151000.0,0.4303216222418145,1775953000.0,1087375000.0,711371000.0,317857000.0,688578000.0,370915000.0,832622000.0,3857737616.04,4184369616.04,43.269644766910766,2.238022129448148,0.19350906245829705,0.31604828141165653,0.033185869313487444,43.269644766910766,0.04239107943441775,9.318319342117658,20.922755266514805,3.5477527219588456,0.0,0.6358437917042988,0.0,0.23311146184611867,1.030048103392406,0.02595507876616104,221.81104048068076,0.4303216222418145,0.13664596273291924,1.765256915361938,0.46235849648721405,0.5326655273206667,0.15887905182563897,0.1327222686391114,0.1549134662232296,0.8012557319190347,0.24594223154900127,0.21479118353661153,Household & Personal Products,Consumer Defensive,HELE
2020Q1,2020,Q1,2019-07-10,2019-05-31,40694000.0,376335000.0,47207000.0,1.61,153727000.0,0.4084844619820107,1702831000.0,1036179000.0,635994000.0,289058000.0,666652000.0,335344000.0,786601000.0,3342788590.0000005,3689203590.0000005,41.415684080099126,2.2002297116841603,0.21422560430248216,0.35205307191132035,0.030201228598263238,41.415684080099126,0.039273137170315164,8.8824812733336,20.536126886027425,3.2260725125678094,0.0,0.663819838732764,0.0,0.22100549026885227,0.9717288571843713,0.023897850109611582,279.5441202542232,0.4084844619820107,0.10824298743761838,1.8869359932871312,0.4041929888379803,0.5457794919374318,-0.024141433377769313,0.09198733429936135,0.0705506168359942,1.3781969665001408,0.20264563760046286,0.2045585425575304,Household & Personal Products,Consumer Defensive,HELE
2019Q4,2019,Q4,2019-04-29,2019-02-28,37266000.0,384843000.0,44096000.0,1.45275,157530000.0,0.40933575510013176,1649535000.0,996637000.0,604859000.0,312031000.0,652898000.0,302339000.0,746366000.0,2875845720.0,3184758720.0,38.852214252300016,1.938458037823165,0.19446935045330957,0.32186643682704935,0.030822671693563192,38.852214252300016,0.037391748450037475,7.472776482877433,19.292691193044597,2.885549824058308,0.0,0.7518480910501126,0.0,0.23330393110785766,0.9362883816031099,0.02259182133146614,33.124230822391155,0.40933575510013176,-0.2272606382978723,3.2563752781087048,0.5492353918342833,0.21794527045938714,-0.13371277736533863,-0.2466949666464524,-0.280605586008875,3.202350049239001,0.07873408402112626,0.1586211425308567,Household & Personal Products,Consumer Defensive,HELE
2019Q3,2019,Q3,2019-01-09,2018-11-30,49470000.0,431081000.0,61296000.0,1.88,181845000.0,0.42183487558022736,1725369000.0,1033258000.0,673345000.0,335337000.0,692111000.0,300648000.0,780629000.0,3660613560.81,3981207560.81,40.37216419733159,2.0079651216537395,0.19690280745741925,0.32879493795354114,0.041567961737453536,40.37216419733159,0.04787768398599382,8.49170703605587,18.499158888265615,3.5427875330362797,0.0,0.8289960352305686,0.0,0.24984858311468444,1.068358099464121,0.02867212752750281,62.86581532930327,0.42183487558022736,0.1325301204819277,0.650796037881398,0.41775901532508614,0.28122257787202654,0.17188557287672468,0.12388395392689189,0.2099486774575602,0.1623256136936119,0.06349584184845644,0.17325004257184923,Household & Personal Products,Consumer Defensive,HELE
2019Q2,2019,Q2,2018-10-10,2018-08-31,44017000.0,393548000.0,50660000.0,1.66,155173000.0,0.39429243700895444,1694588000.0,1075740000.0,636367000.0,298007000.0,618848000.0,284828000.0,826825000.0,3137944535.7000003,3419105535.7000003,40.77805440606851,2.1354095709161194,0.1776691443583927,0.27987803744399203,0.03374884939173428,40.77805440606851,0.04091787978507818,7.973473466260788,17.822344410682238,2.9170101843382232,0.0,0.8369085904475684,0.0,0.23223816054403784,1.1196213511763147,0.025975045261739136,-6551.032433611692,0.39429243700895444,0.16901408450704225,1.2922014631086711,0.4962498444742515,0.34566092459647885,0.058782188621569614,0.16471740050804404,0.16924781314192075,0.9403428226851643,0.14919032088310724,0.2724319540469613,Household & Personal Products,Consumer Defensive,HELE
2019Q1,2019,Q1,2018-07-10,2018-05-31,37792000.0,354679000.0,43327000.0,1.42,146558000.0,0.4132130743573767,1602974000.0,1023697000.0,543968000.0,258863000.0,579277000.0,256268000.0,783217000.0,2363270730.7999997,2646464730.7999997,38.89862866827835,2.101374085906445,0.18722886335024772,0.2931756173946002,0.0306853820095538,38.89862866827835,0.03691717373402481,6.663125617248272,15.633406083298052,2.308564673726698,0.0,0.8121224655438838,0.0,0.22126310220876946,1.057968887017457,0.023576177779552256,97.06221171348776,0.4132130743573767,-0.36036036036036045,2.183766211658775,0.4121726713310264,0.31435828408892885,0.527520975558914,-0.37098250694895224,-0.7418214970980467,1.0066390189452483,0.1129987699546456,0.19015647873574223,Household & Personal Products,Consumer Defensive,HELE
2018Q4,2018,Q4,2018-04-30,2018-02-28,60081000.0,298635000.0,167818000.0,2.22,95945000.0,0.3212784837678102,1621320000.0,1014459000.0,555311000.0,297089000.0,606861000.0,251511000.0,780494000.0,2393135841.7,2662266841.7,38.17252299606474,1.8691738839203067,0.17878580415957368,0.28573752118124046,0.1125266720446469,38.17252299606474,0.05922467048939385,8.013581267098631,9.957956099682095,2.3590266750060866,0.0,0.8058892056411051,0.0,0.18419250980682406,0.9904607710147464,0.037056842572718525,19.483792990954758,0.3212784837678102,2.982142857142857,1.2889544408697982,0.09944676602977304,0.31415454203239057,-0.5244927493135885,2.974011039558418,11.736916186820217,0.6112409933393956,-0.14024752300991636,0.21957616598726581,Household & Personal Products,Consumer Defensive,HELE
2018Q3,2018,Q3,2018-01-09,2017-11-30,-30436000.0,453045000.0,-15630000.0,-1.12,201774000.0,0.4453729761944178,1774895000.0,984410000.0,622646000.0,359126000.0,790485000.0,285594000.0,754909000.0,2423902200.0,2828936200.0,36.30767528491867,1.7337814583182505,0.24012181002256472,0.4329405430664053,-0.017551004487359866,36.30767528491867,-0.030918011804024745,5.350246002052776,-19.90982882113287,2.4622892900315927,0.0,0.8798189037584824,0.0,0.25525171911577865,0.9009289218825705,-0.017148056645604388,44.40194541124748,0.4453729761944178,-4.4181147876191,-1.9456608076092412,0.41736829286972854,0.2958768349026649,0.2015148898667921,-4.407142057539461,-1.7773025661428288,-1.5759873599884358,0.08976912821718569,0.2009991799039327,Household & Personal Products,Consumer Defensive,HELE
2018Q2,2018,Q2,2017-10-10,2017-08-31,8933000.0,378462000.0,20108000.0,0.327666,167933000.0,0.44372486537618044,1798487000.0,1037339000.0,592702000.0,312781000.0,761148000.0,325562000.0,812871000.0,2461808174.7,2892354174.7,38.04996370662186,1.8949424677330144,0.24702208022632358,0.42827465274129284,0.007428713700848134,38.04996370662186,0.00861145681402126,6.504769764731994,68.89645624930034,2.37319543051982,0.0,0.6466633083713701,0.0,0.2104335477543068,0.8061263312029823,0.004966952777529112,550.8633194674424,0.44372486537618044,0.48939090909090915,-0.5464891982491018,0.5354383210729199,0.419093877600587,0.0734041125222916,0.5223244717109747,7.217687074829932,-0.506020920302559,0.2322833818861395,0.3477778244562516,Household & Personal Products,Consumer Defensive,HELE
2018Q1,2018,Q1,2017-07-10,2017-05-31,5868000.0,359605000.0,-3234000.0,0.22,156449000.0,0.4350579107631985,1774683000.0,1024439000.0,551144000.0,290798000.0,750244000.0,312025000.0,803997000.0,2463916000.0,2901249000.0,37.83568473925247,1.8952812605313654,0.2557307417719108,0.44301417653954994,0.0018585915720263557,37.83568473925247,0.0057280130881389715,6.85172898040906,104.9725630538514,2.405136860271817,0.0,0.6510888550596907,0.0,0.2026305543018105,0.7814531049044354,0.0033065060069882904,85.80289733946232,0.4350579107631985,-0.8307692307692308,-0.7070075343477618,0.4038333786686443,0.45094279439889384,-0.05672925032256509,-0.8356118332586284,-1.0796002756719503,-0.6153353109894838,0.23983346085123333,0.41216128219042913,Household & Personal Products,Consumer Defensive,HELE
2017Q4,2017,Q4,2017-05-01,2017-02-28,35696000.0,376697000.0,40628000.0,1.3,165858000.0,0.4402955160248157,1813096000.0,1020766000.0,556078000.0,289367000.0,792330000.0,289122000.0,798130000.0,2652164200.0,3114692200.0,37.60281441096294,1.9217049629017822,0.26783744490087674,0.4757358689454782,0.026031325758465614,37.60281441096294,0.03496981678464996,7.040576909293145,18.574659625728373,2.598209775795824,0.0,0.7292388680211122,0.0,0.20776450888425102,0.8821220111484723,0.019687870912516493,31.67481816770372,0.4402955160248157,-0.37198067632850235,0.42730792474063894,0.5009291684906619,0.5008484670052445,-0.1460082897819427,-0.3804068596820107,-0.3583600499060314,2.8526723126294193,0.43298408240182495,0.178778889418978,Household & Personal Products,Consumer Defensive,HELE
2017Q3,2017,Q3,2017-01-09,2016-11-30,57612000.0,444414000.0,63319000.0,2.07,194215000.0,0.43701368543745245,1889077000.0,979878000.0,620062000.0,327503000.0,909199000.0,301088000.0,762322000.0,2338888400.0,2887010400.0,35.652670644738755,1.893301740747413,0.29903598423992245,0.5765023809086437,0.03948927654124511,35.652670644738755,0.05879507448886494,5.262859405869302,10.149310907449836,2.3869179632566504,0.0,0.8309829684344776,0.0,0.23525457141238817,0.9365501995401568,0.030497433402661724,48.04125295265482,0.43701368543745245,1.0699999999999998,1.0141487107021578,0.5078590233073407,0.47387045492843766,0.1917370281282215,1.0318109680832304,0.6890922186357937,0.7902400359272901,0.36106251534047745,0.13144805337172583,Household & Personal Products,Consumer Defensive,HELE
2017Q2,2017,Q2,2016-10-11,2016-08-31,28355000.0,368170000.0,37487000.0,1.0,162968000.0,0.44264334410734174,1855515000.0,991811000.0,580317000.0,296359000.0,863704000.0,317497000.0,775038000.0,2515517300.0,3038270300.0,35.61899802478003,1.9581554803464716,0.2956386771327637,0.5530912643638758,0.020470977037818854,35.61899802478003,0.028589116273160915,6.832488524323003,22.17878063833539,2.536286953865202,0.0,0.6463116186924601,0.0,0.19841930676927969,0.8392456446404529,0.015281471720789107,64.69286338854027,0.44264334410734174,0.47058823529411753,0.3506181551897746,0.491408896734771,0.5355753448620805,0.06915441490024733,0.4903290234416062,0.6371298803388942,0.39892873748915575,0.32613702514366616,0.175413945401295,Household & Personal Products,Consumer Defensive,HELE
2017Q1,2017,Q1,2016-07-11,2016-05-31,19026000.0,347938000.0,22898000.0,0.68,152427000.0,0.43808667061373,1841516000.0,956471000.0,560409000.0,277386000.0,885045000.0,319249000.0,746719000.0,2860584067.25,3424960067.25,34.38245848322568,2.0203218619541,0.3190257374901983,0.6142277183521507,0.014547764455490275,34.38245848322568,0.019891873355282072,8.221533914806662,37.58782806751287,2.9907692624763325,0.0,0.6124091226597421,0.0,0.18894106811996203,0.8207299575321033,0.010331704964822462,78.19649191542288,0.43808667061373,1.0,-0.14228512100636256,0.4216858473953932,0.4919758083874561,-0.060003576780527514,0.9843554443053817,0.4304991566189792,0.5163206374673005,0.3105586164157625,0.16175995611959168,Household & Personal Products,Consumer Defensive,HELE
2016Q4,2016,Q4,2016-04-29,2016-02-29,9588000.0,385724000.0,16007000.0,0.34,162157000.0,0.42039644927461084,1869643000.0,930043000.0,772724000.0,268758000.0,939600000.0,301609000.0,728527000.0,2644812842.24,3042919842.24,33.533148003352004,2.8751665066714294,0.33370381404364363,0.6708367247535867,0.007532375965431715,33.533148003352004,0.010309200757384337,6.856749495079383,68.96153635377556,2.8437532912349215,0.0,0.7412477744364392,0.0,0.2063089049620703,1.6509238794752157,0.005128251757153639,25.353612951292693,0.42039644927461084,-0.7914110429447853,-0.5533775499959158,0.8479458500390746,0.5408003834964212,-0.1115853257653788,-0.7950318525802728,-0.7122750885265939,-0.6499879849583573,0.3607084874782505,0.1544361047812435,Household & Personal Products,Consumer Defensive,HELE
2016Q3,2016,Q3,2016-01-11,2015-11-30,46778000.0,445503000.0,55633000.0,1.63,182524000.0,0.4097031894285785,1782472000.0,967934000.0,680390000.0,293986000.0,814538000.0,339397000.0,766105000.0,2908819890.0,3362385890.0,34.41053716804721,2.3143619083901954,0.2663194709369909,0.4904332320178855,0.03401429503297859,34.41053716804721,0.04832767523405521,6.529293607450455,15.545875678737868,3.005184124124165,0.0,0.7748418518725858,0.0,0.24993548285751474,1.0552543318389311,0.026243329488485654,198.29708160065445,0.4097031894285785,0.9404761904761905,0.8837828142548589,1.3684257373274928,0.6082174200234639,0.2332286071416506,0.913054146900049,0.7153737049827331,0.40091809676229945,0.3434307521124434,0.22816505443277144,Household & Personal Products,Consumer Defensive,HELE
2016Q2,2016,Q2,2015-10-13,2015-08-31,24452000.0,369129000.0,32432000.0,0.84,148005000.0,0.40095738888031013,1746986000.0,911266000.0,633929000.0,311066000.0,835720000.0,348463000.0,719327000.0,2420955900.0,2880857900.0,32.04733602954106,2.0379244276134325,0.27436224445988694,0.5259792420654342,0.019084031774432797,32.04733602954106,0.026832999365717584,6.558563266500329,24.752125592998528,2.656695081348366,0.0,0.6345695238805842,0.0,0.2112947671017398,0.7926034989359171,0.013996677706633024,222.31,0.40095738888031013,0.20000000000000004,0.12219391410283688,1.2745826302605319,0.564692507952619,0.032696292885102465,0.19804017638412544,0.22186640545529895,0.19019443493587496,0.43582492472679935,0.19522264734817138,Household & Personal Products,Consumer Defensive,HELE
2016Q1,2016,Q1,2015-07-10,2015-05-31,20410000.0,345345000.0,26543000.0,0.7,143319000.0,0.4150023889154324,1687138000.0,932137000.0,565743000.0,268442000.0,755001000.0,299300000.0,742268000.0,2522594000.0,2946139000.0,32.6836255259467,2.1075055319212344,0.260089571807404,0.4707537625906921,0.016611050948386115,32.6836255259467,0.02189592302419065,7.3045621045621045,30.898995590396865,2.7062481158885445,0.0,0.6749949883060474,0.0,0.2046927992849429,0.856684125434917,0.012097409933271611,72.5258467023173,0.4150023889154324,-0.5017226160986306,0.19222427639016568,1.3160286443830025,0.651201611529789,-0.13078891826981393,-0.4966707768187423,-0.457752808988764,-0.03251478626080454,0.2799057776675567,0.2533689102897693,Household & Personal Products,Consumer Defensive,HELE
2015Q4,2015,Q4,2015-04-29,2015-02-28,40550000.0,377730000.0,48950000.0,1.40484,164884000.0,0.43651285309612686,1653755000.0,904565000.0,564760000.0,261865000.0,749190000.0,293081000.0,721858000.0,2214318000.0,2635230000.0,31.299826989619376,2.1566837874477307,0.2619535541842655,0.47891196320883517,0.03239704934715834,31.299826989619376,0.04482817707959074,5.862171392264316,13.65177558569667,2.447936853625776,0.0,0.7262360917289077,0.0,0.2284074726909367,0.8982147289633972,0.02451995609990597,19.508894038043046,0.43651285309612686,-0.26831249999999995,1.6186300534729154,1.6714107614432892,0.6674739785004464,-0.09110252410272807,-0.26774653737111076,-0.2474209369186538,0.522989764886115,0.41370084224073583,0.24927610049326196,Household & Personal Products,Consumer Defensive,HELE
2015Q3,2015,Q3,2015-01-09,2014-11-30,55377000.0,435674000.0,65043000.0,1.92,181411000.0,0.41639161391315527,1763696000.0,858990000.0,668556000.0,731942000.0,904706000.0,318823000.0,681386000.0,1834691979.9999998,2369342980.0,30.231224044485113,0.9134002420956852,0.3150809436546888,0.6469306976798332,0.04176793179979645,30.231224044485113,0.06446757238151783,4.211157838200122,8.282734619065677,2.13587117428608,0.0,0.7975051988093708,0.0,0.2470232965318286,0.42422077159119165,0.031398268182271774,41.44136203469461,0.41639161391315527,1.9538461538461538,1.3920987357763344,1.4575956853006267,0.6288922010525866,0.35640477329824144,1.939487233929614,1.6437019875624923,0.8726454897633502,0.42982278768933563,0.24974951748990604,Household & Personal Products,Consumer Defensive,HELE
2015Q2,2015,Q2,2014-10-10,2014-08-31,18839000.0,319949000.0,24603000.0,0.65,133744000.0,0.41801662139903545,1740985000.0,801810000.0,635081000.0,769021000.0,939175000.0,351823000.0,626010000.0,1653513439.28,2233394439.2799997,28.23162914256492,0.8258305039784349,0.3472786956808933,0.7540527057532334,0.015919136300586514,28.23162914256492,0.023495591224853767,5.168053156221773,21.94269121609427,2.062226012746162,0.0,0.5292576096503071,0.0,0.18377470225188614,0.31954003856851765,0.010820885877822038,125.66601605715154,0.41801662139903545,0.18181818181818177,0.2547652430720806,1.0905028318773478,0.5730666998656316,0.11900937081659974,0.14885961702646663,0.06400553561389093,-0.12022326744599449,0.2706934266894394,0.21709750584372903,Household & Personal Products,Consumer Defensive,HELE
2015Q1,2015,Q1,2014-07-10,2014-05-31,16398000.0,311778000.0,23123000.0,0.55,119520000.0,0.3833496911263784,1487655000.0,779803000.0,586294000.0,541471000.0,707852000.0,298450000.0,607170000.0,1686925800.0,2083462800.0,26.792750386531523,1.0827800565496581,0.2861597615038433,0.5459160839340192,0.01592081245547783,26.792750386531523,0.02102838793900511,5.410663356619133,25.718468715697036,2.163271749403375,0.0,0.644188306248953,0.0,0.20957681720560212,0.47003255945378425,0.01102271696058562,1468.1686684073106,0.3833496911263784,0.6176470588235294,0.187394065627968,1.276709606358878,0.5703166079240687,-0.04827882754831466,0.48869723104857016,0.38245844792538564,-0.2934325776228505,0.21762770217453825,0.16263167848718693,Household & Personal Products,Consumer Defensive,HELE
2014Q4,2014,Q4,2014-04-29,2014-02-28,11015000.0,312520000.0,16726000.0,0.34,125583000.0,0.40183988224753614,1533302000.0,1029487000.0,615476000.0,329354000.0,503815000.0,289255000.0,846490000.0,2107718215.89,2230298215.8900003,31.899803049151508,1.8687369820922168,0.12561582780169855,0.1870902692311802,0.01057633571037766,31.899803049151508,0.010699503733412856,6.744266657781902,47.83745383318203,2.047348063540385,0.0,0.6462705916924513,0.0,0.20382155635354288,0.870989877153458,0.007183842452432723,34.46630935342502,0.40183988224753614,-0.7068965517241378,1.1166925233222538,1.1033468192432474,0.8875511787649141,-0.1497484783447641,-0.7064545357637778,-0.6613690199016055,-0.5590464298533657,0.2867264615626435,0.4657505095161287,Household & Personal Products,Consumer Defensive,HELE
2014Q3,2014,Q3,2014-01-09,2013-11-30,37524000.0,380730000.0,49393000.0,1.16,147701000.0,0.38794158590076955,1559020000.0,1009822000.0,633999000.0,355162000.0,549198000.0,289890000.0,835577000.0,1561009370.0,1747643370.0,31.510656223671482,1.7850980679239332,0.1381694910905569,0.2133138315465498,0.03225882450204694,31.510656223671482,0.037159024065627405,4.100042996349119,10.400073086557935,1.5458262644307612,0.0,0.8038531856911242,0.0,0.2442111069774602,0.8685444951881114,0.024068966401970468,52.05620335478707,0.38794158590076955,0.611111111111111,1.343051982361146,0.9326655551759835,0.5895113092686279,0.19833678146931158,0.6092289218629385,0.6271247858742918,0.32637162035735917,0.7766142878640773,0.47268803180253005,Household & Personal Products,Consumer Defensive,HELE
2014Q2,2014,Q2,2013-10-10,2013-08-31,23318000.0,319387000.0,30356000.0,0.72,123255000.0,0.3859111360199382,1518171000.0,970723000.0,587903000.0,360673000.0,547448000.0,306854000.0,798099000.0,1287106230.9,1504656230.9,30.303365179676717,1.6300166632933433,0.14994819424162364,0.23451283218796712,0.02093090007382873,30.303365179676717,0.024021270743559184,4.029926800088921,13.799492140192125,1.325925347292688,0.0,0.639170419808769,0.0,0.21037616974635928,0.6746415728374455,0.015359271122949918,-177.0191487965892,0.3859111360199382,0.5999999999999999,1.0747039821267854,0.9614442603134312,0.5624408093262602,0.025714642366745723,0.6202056698165648,0.4717347037719383,-0.050065650016042705,0.7469865426537226,0.47954414740386325,Household & Personal Products,Consumer Defensive,HELE
2014Q1,2014,Q1,2013-07-10,2013-05-31,14392000.0,304516000.0,20626000.0,0.45,120165000.0,0.3946098070380538,1460561000.0,944322000.0,539547000.0,270863000.0,516239000.0,288382000.0,774836000.0,1265790360.0,1478495360.0,29.595148552087252,1.9919553427378416,0.1539374254139334,0.2380914560923075,0.014289755038820753,29.595148552087252,0.015240564129608333,4.156728579122279,21.987742495831018,1.340422398292108,0.0,0.6392597318834047,0.0,0.20849249021437652,0.8060827798554989,0.00985374797766064,42.429201220125364,0.3946098070380538,-0.5442853381402791,1.45219142313749,0.9887715109465329,0.5569532915693214,-0.08675330597355221,-0.5432126194179071,-0.4808718413369576,-0.2485743005948214,0.825369577467033,0.49516940658481284,Household & Personal Products,Consumer Defensive,HELE
2013Q4,2013,Q4,2013-04-29,2013-02-28,31507000.0,326042000.0,39732000.0,0.98746,131580000.0,0.40356763852509797,1474004000.0,926606000.0,545205000.0,308665000.0,547398000.0,280872000.0,761677000.0,1182852000.0,1427010000.0,29.047210031347962,1.7663324316006026,0.17435502210306078,0.2773562873540642,0.029290370178797362,29.047210031347962,0.03400258578079572,3.627912968267892,9.385628590471958,1.2765425650168465,0.0,0.692350964140249,0.0,0.221194786445627,0.7592729982343317,0.02137511160078263,21.52675256606246,0.40356763852509797,-0.16316949152542368,2.011863637429169,1.2270524740430755,0.6047165872315616,-0.1136588684634194,-0.16469153477027493,-0.15557255802091302,0.8433062769666969,1.0890070262361728,0.5474675592096258,Household & Personal Products,Consumer Defensive,HELE
2013Q3,2013,Q3,2013-01-09,2012-11-30,37719000.0,374599000.0,47052000.0,1.18,148453000.0,0.39629844180043194,1534347000.0,890267000.0,605660000.0,388627000.0,644080000.0,306290000.0,730210000.0,980576500.0,1282854500.0,28.01784421715185,1.558460940696349,0.20751498846088923,0.3576455153341638,0.033521066184225554,28.01784421715185,0.04236818841987853,2.617669828269696,6.499221214772396,1.1014409160397947,0.0,0.7383394821900813,0.0,0.24414229636451207,0.7056792245520769,0.024583096261797364,75.84318199396705,0.39629844180043194,0.6388888888888888,0.5958498083264977,0.721052820235986,0.5284795365029632,0.26850380244381783,0.6422413793103449,0.5256314646088,0.45699031255699146,0.8895666856338641,0.5096328176612623,Household & Personal Products,Consumer Defensive,HELE
2013Q2,2013,Q2,2012-10-10,2012-08-31,22968000.0,287411000.0,30841000.0,0.72,117030000.0,0.40718692047277244,1509062000.0,852360000.0,574149000.0,401088000.0,656702000.0,318697000.0,694049000.0,999453234.0,1313686234.0,26.812858759532514,1.431478877453327,0.22265486772577933,0.39419963395748275,0.021486507945469146,26.812858759532514,0.02694636069266507,3.4774355678801436,10.878757771682341,1.1725717232155428,0.0,0.5346175207171703,0.0,0.1904567207974225,0.5735673966810276,0.015220050600969344,-1514.323081818182,0.40718692047277244,-0.026617943487060192,0.20811351942000728,0.7473265215524673,0.5046033417840597,-0.033991481493710174,-0.02147239263803681,-0.009856170540644664,0.36673212107864556,0.6777566797396793,0.494012797838456,Household & Personal Products,Consumer Defensive,HELE
2013Q1,2013,Q1,2012-07-10,2012-05-31,23472000.0,300211000.0,31148000.0,0.739689,121148000.0,0.4035428415347872,1433278000.0,827470000.0,491950000.0,348747000.0,605808000.0,259989000.0,671146000.0,998931418.88,1314051418.88,26.076620584429925,1.4106214533745094,0.23442765464899343,0.406057017172828,0.022555868274726373,26.076620584429925,0.028365983056787558,3.327431103057516,10.639606966598501,1.2072116437816478,0.0,0.6887329848570517,0.0,0.20945762092211,0.5997012160678085,0.016376446160479684,176.7081936812312,0.4035428415347872,-0.19719442575267526,1.2148994652291505,1.0446887127892217,0.495050302117047,-0.01591298626398174,-0.19882581834317506,-0.14791410203802488,0.5589089226951106,1.0107377367549017,0.5283444137504233,Household & Personal Products,Consumer Defensive,HELE
2012Q4,2012,Q4,2012-04-30,2012-02-29,29297000.0,294004000.0,36555000.0,0.92138,123107000.0,0.4187255955701283,1435723000.0,796729000.0,488536000.0,378889000.0,638994000.0,246142000.0,648144000.0,1033500000.0,1360754000.0,25.05437106918239,1.2893908242255647,0.24315275300319072,0.4381665534956052,0.028119995453014374,25.05437106918239,0.03677159987900528,3.5152582958054994,8.819162371573881,1.2971788399819761,0.0,0.6943024758066482,0.0,0.20477766254354077,0.5730675738804769,0.020405746790989627,24.09427892012869,0.4187255955701283,-0.11405769230769236,2.0422165201576825,1.062645936541815,0.5248755943034727,-0.0756483608896097,-0.1089449192493689,-0.12606388065410729,1.3149832253444569,1.0081310797477743,0.48249842082039657,Household & Personal Products,Consumer Defensive,HELE
2012Q3,2012,Q3,2012-01-06,2011-11-30,32879000.0,338785000.0,41828000.0,1.04,133182000.0,0.39311657836090735,1300979000.0,764205000.0,540383000.0,311085000.0,536774000.0,251760000.0,619288000.0,943653040.0,1156234040.0,24.189826538364144,1.7370911487214105,0.19062567497246305,0.32452025307345544,0.03478443730470327,24.189826538364144,0.04302379597097637,2.785403840193633,7.175195717631316,1.2348166264287723,0.0,0.8166626946298061,0.0,0.26040773909494314,0.8599096709902438,0.025272506320240373,41.70289199222203,0.39311657836090735,0.4054054054054055,0.3759112327465146,0.5153350958591997,0.414826460994542,0.18613847277390855,0.3935913194591616,0.3782332202049491,1.0825798228271966,0.7445123192419062,0.2202222187645754,Household & Personal Products,Consumer Defensive,HELE
2012Q2,2012,Q2,2011-10-07,2011-08-31,23593000.0,277420000.0,30349000.0,0.74,112282000.0,0.40473650061278926,1283006000.0,725845000.0,528310000.0,341633000.0,557161000.0,257610000.0,586457000.0,939385840.0,1197247840.0,23.195864757765563,1.546425550224949,0.22057574165670307,0.3898904035985644,0.02685787676554572,23.195864757765563,0.03250418477774181,3.3861503856967774,9.954073665917857,1.294196198912991,0.0,0.6410387795504833,0.0,0.21622658039011508,0.7211422784098726,0.01838884619401624,47.157923694779114,0.40473650061278926,-0.05128205128205133,1.0828617557425297,0.809585811377741,0.4151719447405108,0.021553410424608555,-0.04112985165616745,-0.009949761858158804,1.1489145627340827,0.7440849803511359,0.1959782515986675,Household & Personal Products,Consumer Defensive,HELE
2012Q1,2012,Q1,2011-07-11,2011-05-31,24605000.0,271467000.0,30654000.0,0.78,109913000.0,0.4048853083431872,1239295000.0,711097000.0,466901000.0,316689000.0,528198000.0,228234000.0,584678000.0,999458230.0,1270549230.0,23.04491687461516,1.4743202321520483,0.23168656373179913,0.4037817625443505,0.027608258898070823,23.04491687461516,0.0346014678728781,3.6816932813196446,10.15503180247917,1.4055160266461537,0.0,0.7078437042684262,0.0,0.2190495402628107,0.6835823157735191,0.019854029912167805,418.70893590280684,0.4048853083431872,0.006971340046475693,2.5842463034920544,1.0248312930685954,0.43682853994101206,0.058912503131081526,0.009146091378886063,0.028071234530636886,3.3351334493420492,0.8333175676808242,0.21235611028358842,Household & Personal Products,Consumer Defensive,HELE
2011Q4,2011,Q4,2011-05-16,2011-02-28,24382000.0,237066000.0,29817000.0,0.7746,103798000.0,0.4378443133979567,1240524000.0,685549000.0,460451000.0,338941000.0,554975000.0,217230000.0,560300000.0,879795000.0,1157083000.0,21.763460317460318,1.3584989717974514,0.24544547304203707,0.4441418483580313,0.027618446554543867,21.763460317460318,0.035565656138365015,3.711181696236491,9.020947830366664,1.2833437143078028,0.0,0.6134880081020117,0.0,0.19110150226839626,0.6468057862577853,0.01965459757328355,16.843339587242028,0.4378443133979567,-0.09930232558139539,2.623176896686831,0.740087118202918,0.4238038774972619,0.11917623591568278,-0.09906514429294609,-0.0546290424857324,1.3603570773426072,0.6398582260544984,0.20232496440429226,Household & Personal Products,Consumer Defensive,HELE
2011Q3,2011,Q3,2011-01-10,2010-11-30,27063000.0,205001000.0,31540000.0,0.86,92745000.0,0.4524124272564524,923434000.0,655943000.0,393796000.0,174278000.0,267491000.0,152312000.0,535931000.0,724101262.74,785804262.74,21.396694712798947,2.259585260331195,0.14329773432643805,0.20173399213041376,0.03656380987414995,21.396694712798947,0.04125815810215217,3.5321840514924316,6.689033576654474,1.1039088194248587,0.0,0.7370134986081202,0.0,0.22199854023135385,1.2890611551658844,0.029306913109112293,34.83433216625776,0.4524124272564524,0.14666666666666664,0.1658989308152387,0.013773878257759222,0.36599599106760666,0.15532662315013204,0.15294167767221914,0.14048092569155668,0.18679014336563182,-0.023775477408956247,0.16727074944950562,Household & Personal Products,Consumer Defensive,HELE
2011Q2,2011,Q2,2010-10-06,2010-08-31,23473000.0,174823000.0,27655000.0,0.75,80276000.0,0.45918443225433725,889703000.0,627391000.0,356623000.0,168993000.0,262312000.0,167500000.0,508868000.0,681715160.0,765475160.0,20.48155523635414,2.110282674430302,0.14929588862800283,0.21171645752011106,0.03324736405346888,20.48155523635414,0.03741367026304171,3.8994592244727526,7.2606309376730715,1.0865874072149584,0.0,0.5644597014925373,0.0,0.19649590930906155,1.0141366802175238,0.02638296150513149,119.34789215686274,0.45918443225433725,0.27118644067796616,1.4237209528768302,0.3085651366929174,0.3775029140856566,0.10837118754055808,0.27660847337793004,0.2165669540735527,0.2813204291292563,0.10299574871625833,0.14932229830201585,Household & Personal Products,Consumer Defensive,HELE
2011Q1,2011,Q1,2010-07-09,2010-05-31,18387000.0,160153000.0,22732000.0,0.59,72427000.0,0.4522362990390439,851325000.0,606325000.0,315225000.0,100817000.0,245000000.0,135018000.0,486915000.0,750484000.0,838671000.0,19.793843039958215,3.126704821607467,0.15950547675682025,0.22395744856306438,0.027153517615180613,19.793843039958215,0.030325320578897457,4.686043970453254,10.204002828085061,1.2377586277986228,0.0,0.6497355908101142,0.0,0.18812204504742608,1.616523007032544,0.021598097083957362,184.48475909537856,0.4522362990390439,0.09873738314276129,0.6990615239826267,0.2252369839059572,0.3612279552624957,0.06149697351643681,0.10339654344695151,0.1048896665694566,0.797382023637621,0.12995532390219813,0.13483995831179446,Household & Personal Products,Consumer Defensive,HELE
2010Q4,2010,Q4,2010-05-13,2010-02-28,16664000.0,152161000.0,20574000.0,0.53698,68231000.0,0.44841319391959833,834733000.0,583772000.0,359354000.0,105294000.0,250961000.0,124021000.0,468528000.0,794294000.0,818086000.0,18.7708038585209,3.412863031131878,0.16053037318519814,0.22954167037816134,0.025714770776136344,18.7708038585209,0.02854539100881851,5.220089247573294,11.916316610657704,1.3606236681444126,0.0,0.676740229477266,0.0,0.18228703070323085,2.0943928428970313,0.01996326969222494,15.96314160536999,0.44841319391959833,-0.32877500000000004,0.4531164811388391,0.24599928942325844,0.45068241849376917,-0.18307751251167356,-0.32624428900659036,-0.3110768818644522,0.769346768407707,0.09154471480760992,0.14244099803100932,Household & Personal Products,Consumer Defensive,HELE
2010Q3,2010,Q3,2010-01-11,2009-11-30,24733000.0,189399000.0,29864000.0,0.8,83522000.0,0.4409843768974493,826169000.0,563407000.0,351697000.0,117812000.0,262762000.0,129757000.0,451864000.0,623836350.0,704186350.0,18.559376750008234,2.985239194649102,0.1686216742579303,0.24726352352739672,0.037750984934403764,18.559376750008234,0.04389899309025269,3.293767918521217,6.305708466421381,1.1072570095863206,0.0,0.8159636859668458,0.0,0.22924970556871535,1.7437697348317658,0.029936974154198475,13.711291705129895,0.4409843768974493,0.5686274509803922,-0.21975135679853303,-0.09554598764603112,0.3588134651300301,0.21232618225099428,0.5544591791842122,0.5125607779578606,0.07712692865969056,-0.11838197633397556,0.08550994707770533,Household & Personal Products,Consumer Defensive,HELE
2010Q2,2010,Q2,2009-10-08,2009-08-31,15911000.0,162193000.0,19744000.0,0.51,68894000.0,0.424765557083228,780204000.0,540165000.0,303890000.0,103978000.0,240039000.0,153996000.0,435070000.0,650718760.0,776576760.0,17.946873546415045,2.9226374810055975,0.17753561888941866,0.2564290540853258,0.026423094916243898,17.946873546415045,0.02945581442707321,4.012002737479422,10.224353591854692,1.2046666481538049,0.0,0.605853398789579,0.0,0.20788537356896403,1.2821846929158092,0.020393384294364037,16.5077439813288,0.424765557083228,0.08510638297872349,-0.16516537805872625,0.1357335934480949,0.4176944623529231,0.1774940607427917,0.09662967813081536,0.029030072444884557,0.4603953368539359,0.09994053128509775,0.0949327478808238,Household & Personal Products,Consumer Defensive,HELE
2010Q1,2010,Q1,2009-07-10,2009-05-31,14509000.0,143873000.0,19187000.0,0.47,58509000.0,0.40667116137148734,825347000.0,521722000.0,345100000.0,165725000.0,303625000.0,168305000.0,419159000.0,612783120.0,779379120.0,17.062005363333114,2.082365364308342,0.26158694464267757,0.4138219204863893,0.023341434007292165,17.062005363333114,0.02780982975607699,4.2591947064424875,10.55867254807361,1.174539544048363,0.0,0.5071982412881376,0.0,0.17431819586186173,0.9721345602655,0.01757927271802042,63.114957256154085,0.40667116137148734,1.1607612558532487,-0.03552066408964544,0.29426817405930644,0.3647545963139186,0.08969511854431676,1.1648019627665012,0.2984367598294647,1.1328316732691914,0.08291837825257425,0.0637997259025924,Household & Personal Products,Consumer Defensive,HELE
2009Q4,2009,Q4,2009-05-14,2009-02-28,-88039000.0,138580000.0,14777000.0,-2.92359,53693000.0,0.38745129167268005,821307000.0,508693000.0,396453000.0,172252000.0,312614000.0,169780000.0,410372000.0,302204000.0,417891000.0,16.900099667774086,2.301587209437336,0.26587134895964604,0.42926087050539324,0.020353589364654326,16.900099667774086,-0.17306902198378982,2.180718718429788,-0.8581537727597995,0.5940793366529518,0.0,0.49998233007421367,0.0,0.16873105915327644,1.224043842742029,-0.10719377772258121,16.922611714637696,0.38745129167268005,-7.0908125,-13.683055241064856,1.0452125306926203,0.5736604632620549,-0.26992004786250406,-6.834261100066269,-0.2611869406529673,-14.691132408327851,0.06450164087610734,0.10563426431605666,Household & Personal Products,Consumer Defensive,HELE
2009Q3,2009,Q3,2009-01-09,2008-11-30,15090000.0,185619000.0,20001000.0,0.48,73544000.0,0.3962094397664032,948734000.0,598609000.0,422779000.0,208995000.0,350125000.0,171724000.0,500564000.0,419422440.0,543865440.0,19.824115776924096,2.0229144237900427,0.22345567883094736,0.35415438124050924,0.021652203085406576,19.824115776924096,0.025208441570373982,2.2595878654663584,6.948681908548708,0.7006617675310596,0.0,0.6526461065430574,0.0,0.1956491492873661,1.12240962702457,0.015905406573391487,36.89500703729768,0.3962094397664032,0.4117647058823528,-0.4359585921972457,-0.02966455226892636,0.6553599275641592,0.12894510622620656,0.42385355727495755,0.34650599165208024,-0.33999959638967825,-0.06808234256955518,0.26560027337026293,Household & Personal Products,Consumer Defensive,HELE
2009Q2,2009,Q2,2008-10-09,2008-08-31,10598000.0,153543000.0,14854000.0,0.34,65144000.0,0.42427202803123554,911912000.0,585842000.0,363655000.0,181244000.0,326070000.0,166393000.0,486557000.0,726454300.0,880205300.0,19.394888432761704,2.006438833837258,0.23247857249383713,0.3618723136955015,0.01627438224772988,19.394888432761704,0.01809020179502323,4.731275929218525,17.13658945083978,1.240017444976632,0.0,0.5312663393291785,0.0,0.16837479932274166,0.9972799099556399,0.011621735430611726,92.31850298640234,0.42427202803123554,0.8888888888888891,-0.24278223617786862,0.24105445864636854,0.7142280684413018,0.033687183637200295,0.906801007556675,0.5367266708048831,0.10973700718180372,0.16549102630275833,0.30441829373750073,Household & Personal Products,Consumer Defensive,HELE
2009Q1,2009,Q1,2008-07-09,2008-05-31,5558000.0,145003000.0,9666000.0,0.18,63021000.0,0.43461859409805315,892792000.0,574376000.0,338775000.0,95962000.0,318416000.0,149724000.0,475959000.0,539977790.0,704681790.0,19.008372770294866,3.530303661866155,0.24081757004991083,0.37431926125047005,0.009548028884188079,19.008372770294866,0.009676588158279594,3.723907712254229,24.28831369197553,0.9401120346254023,0.0,0.5475541663327189,0.0,0.162415209813708,1.71918050895146,0.006225414206220485,-25.680210681504732,0.43461859409805315,-0.45126970094198704,-0.6504436231701088,0.2710920785936344,0.7617665243043715,-0.00571131060378966,-0.460231135282121,-0.2810175542993157,-0.47935610493345626,0.12456876182068681,0.3072109517460538,Household & Personal Products,Consumer Defensive,HELE
2008Q4,2008,Q4,2008-05-13,2008-02-29,10297000.0,144106000.0,13444000.0,0.32803,63383000.0,0.4398359540893509,911993000.0,568376000.0,395764000.0,119460000.0,343617000.0,144867000.0,473361000.0,495806000.0,652955000.0,18.101146496815286,3.312941570400134,0.23574742349996108,0.37827072219798163,0.015383754242532152,18.101146496815286,0.018116528495221475,3.440564584403148,12.03763232009323,0.872320435767872,0.0,0.5572214514002499,0.0,0.15801217772504833,1.9029549640046877,0.011290656836181856,9.782491170609475,0.4398359540893509,-0.5506438356164384,0.5081324106968496,0.33257809282353173,0.8563547591363804,-0.2962761469112226,-0.5492076000350232,-0.5618135002118575,-0.11067065003869275,0.168765128180864,0.39892863275484525,Household & Personal Products,Consumer Defensive,HELE
2008Q3,2008,Q3,2008-01-09,2007-11-30,22842000.0,210348000.0,30681000.0,0.73,90068000.0,0.4281856732652557,935332000.0,562894000.0,417476000.0,149205000.0,372438000.0,146413000.0,467643000.0,556736040.0,746309040.0,18.330532760192785,2.7980027478971885,0.24055629444945753,0.39972001833382487,0.03363506515320973,18.330532760192785,0.040579576261249896,2.6467379770665755,6.093337273443655,0.9890601782928934,0.0,0.8215117510057167,0.0,0.22489126855490885,1.6744345028651855,0.024421275012508927,15.96650434483352,0.4281856732652557,0.30357142857142844,0.24844508949171187,0.3499581452020078,0.8259232776890543,0.3201418813941899,0.2514107270037802,0.9796747967479674,-0.2876430422218712,-0.006987960893842928,0.34205879179353604,Household & Personal Products,Consumer Defensive,HELE
2008Q2,2008,Q2,2007-10-10,2007-08-31,18253000.0,157924000.0,15498000.0,0.56,68226000.0,0.4320179326764773,909676000.0,543901000.0,357888000.0,142221000.0,365775000.0,168255000.0,444801000.0,690995440.0,881484440.0,17.820549785393663,2.516421625498344,0.24734081145374837,0.4136782245298317,0.0309192549333167,17.820549785393663,0.033559416143746745,4.375493528532712,9.464135210650303,1.2704434078995994,0.0,0.5331074856616446,0.0,0.17360466803565225,1.1849023702547443,0.020065385917623416,53.79070839171727,0.4320179326764773,0.7500000000000001,0.8987339760998195,0.3129417207095186,0.8870835811359757,0.1367589723083075,0.8041909657012949,0.08370044052863436,-0.05555622443207425,0.09051433679339035,0.4077156492743978,Household & Personal Products,Consumer Defensive,HELE
2008Q1,2008,Q1,2007-07-10,2007-05-31,10117000.0,140170000.0,14301000.0,0.32,60018000.0,0.4281800670614254,902950000.0,528387000.0,349381000.0,123071000.0,374563000.0,156214000.0,435209000.0,827026200.0,1047857200.0,17.44196870667459,2.838857245004916,0.2768702585968215,0.47313805979329543,0.016245034542136463,17.44196870667459,0.01914695100371508,5.900165513305272,20.436547395472967,1.5651902866648877,0.0,0.5130910161701256,0.0,0.1552356165900659,1.3898725126146696,0.011204385624896174,217.6957620426428,0.4281800670614254,0.05897147395592032,0.42903692840156854,0.2733454964611801,0.913731072124856,-0.051758460517584606,0.04073654973768131,0.03946794592237244,-0.3211721497480461,0.27277753468490085,0.39514707997650617,Household & Personal Products,Consumer Defensive,HELE
2007Q4,2007,Q4,2007-05-14,2007-02-28,9721000.0,143882000.0,13758000.0,0.30218,63294000.0,0.4399021420330549,906272000.0,527417000.0,373218000.0,135087000.0,378855000.0,144070000.0,431003000.0,743436000.0,957981000.0,16.430436137071652,2.7627973084012525,0.27585537233854734,0.47400823257498337,0.01680339706042688,16.430436137071652,0.018431336115445653,5.166984056379533,19.119329287110382,1.4095791375704612,0.0,0.5593669743874505,0.0,0.15876249073125948,1.5344925862592256,0.010726360298012076,15.037744245317366,0.4399021420330549,-0.5803055555555555,1.058776475100062,0.28726895603023855,0.942830188064048,-0.30808837194048777,-0.5738833121465831,-0.527248986323964,0.3131707163451537,0.9911584314170971,0.5299275300941033,Household & Personal Products,Consumer Defensive,HELE
2007Q3,2007,Q3,2007-01-09,2006-11-30,22813000.0,213437000.0,29102000.0,0.72,91477000.0,0.4285901694645258,931975000.0,515657000.0,393811000.0,156759000.0,416318000.0,146155000.0,421282000.0,,,,,,,,,,,,,,,,,,,,,,,,,,,,,,,Household & Personal Products,Consumer Defensive,HELE
2007Q2,2007,Q2,2006-10-10,2006-08-31,10874000.0,147172000.0,16640000.0,0.35,66668000.0,0.45299377598999807,893217000.0,492381000.0,353190000.0,141805000.0,400836000.0,185324000.0,398469000.0,,,,,,,,,,,,,,,,,,,,,,,,,,,,,,,Household & Personal Products,Consumer Defensive,HELE
2007Q1,2007,Q1,2006-07-10,2006-05-31,6679000.0,130441000.0,10916000.0,0.21,57941000.0,0.444193160126034,868494000.0,481515000.0,323994000.0,125863000.0,386979000.0,164019000.0,387595000.0,,,,,,,,,,,,,,,,,,,,,,,,,,,,,,,Household & Personal Products,Consumer Defensive,HELE
