Quarters,Year,Quarter,FillingDate,Date,NetIncome,Revenue,OperatingIncome,EPSDiluted,GrossProfit,GrossProfitRatio,TotalAssets,CommonStockEquity,CurrentAssets,CurrentLiability,TotalLiability,Inventory,RetainedEarnings,MarketCap,EnterpriseValue,bookValuePerShare,currentRatio,debtToAssets,debtToEquity,roic,shareholdersEquityPerShare,roe,priceToSalesRatio,peRatio,pbRatio,payoutRatio,inventoryTurnover,dividendYield,assetTurnover,quickRatio,returnOnAssets,priceToFreeCashFlowsRatio,grossProfitMargin,epsdilutedGrowth,fiveYNetIncomeGrowthPerShare,fiveYRevenueGrowthPerShare,fiveYShareholdersEquityGrowthPerShare,grossProfitGrowth,netIncomeGrowth,operatingIncomeGrowth,threeYNetIncomeGrowthPerShare,threeYRevenueGrowthPerShare,threeYShareholdersEquityGrowthPerShare,Industry,Sector,Symbol
2023Q1,2023,Q1,2023-04-27,2023-03-31,1344900000.0,6960000000.0,1494000000.0,1.49,5333300000.0,0.7662787356,53163000000.0,11190400000.0,20811400000.0,16010000000.0,41868100000.0,4544800000.0,10639300000.0,310205447860.0,325543147860.0,12.38858696554679,1.2999000624609618,0.3552019261516468,1.6874821275378895,0.04367602732114154,12.38858696554679,0.1201833714612525,44.56974825574713,57.66329241207525,27.72067556655705,0.7563387612461893,0.357925541277944,0.003279117136779224,0.1309181197449354,0.7927170518425983,0.025297669431747643,375.05192583726273,0.766278735632184,-0.26960784313725494,0.2817228949564949,0.4166802185967597,-0.1062683871485485,-0.07306602707822793,-0.3059297104814987,-0.18645175343062514,-0.021782598905694724,0.2582945790588881,2.850525573714994,Drug Manufacturers—General,Healthcare,LLY
2022Q4,2022,Q4,2023-02-22,2022-12-31,1937700000.0,7301800000.0,1836400000.0,2.04,5753700000.0,0.7879837848,49489800000.0,10649800000.0,18034500000.0,17138200000.0,38714400000.0,4309700000.0,10042600000.0,347614582880.0,361786182880.0,11.208168540342797,1.0522983743917098,0.32812013788699895,1.5247798080715131,0.06312693624521265,11.208168540342797,0.18194707881838157,47.606697373250434,44.84886500490271,32.64047990384796,0.45641740207462456,0.35921293825556305,0.0025441970606431773,0.14754151360482362,0.6284615653919314,0.03915352254403938,339.43421822087686,0.7879837848201813,0.26708074534161486,2.2936707527889473,0.31109267394395235,0.016269998726510148,0.07295104895104895,0.33477991320520767,-0.09945076500588466,0.30552689151987306,0.20350604270750297,3.1168103071695414,Drug Manufacturers—General,Healthcare,LLY
2022Q3,2022,Q3,2022-11-01,2022-09-30,1451700000.0,6941600000.0,2039200000.0,1.61,5362500000.0,0.7725164227,47461500000.0,10070100000.0,17639900000.0,15652800000.0,37295600000.0,3831100000.0,10006500000.0,291241345000.0,304512345000.0,11.180304207838349,1.1269485331697844,0.3347639665834413,1.5777797638553739,0.07284571896127819,11.180304207838349,0.14415944230941102,41.95593883254581,50.15522232554936,28.921395517422866,0.6077013156988359,0.41217926966145496,0.0030291028905940535,0.14625749291531032,0.7070236634979046,0.030586896747890394,186.14428288380418,0.7725164227267489,0.5333333333333333,2.1941782900130953,0.499826957156256,-0.17324877063444993,0.06030647553138903,0.5240944881889764,0.1777752108120596,0.23471164256406438,0.3517616812100936,2.17502790679927,Drug Manufacturers—General,Healthcare,LLY
2022Q2,2022,Q2,2022-08-04,2022-06-30,952500000.0,6488000000.0,1731400000.0,1.05,5057500000.0,0.7795160296,47063600000.0,8544700000.0,17115200000.0,15620600000.0,38404400000.0,3899400000.0,8556000000.0,291904269000.0,306095169000.0,9.490947461957125,1.0956813438664328,0.3572569884156758,1.967746088218428,0.059614773067946596,9.490947461957125,0.11147260875162382,44.991410141800245,76.61529370078742,34.16202663639449,0.9277690288713911,0.36685131045801916,0.0030273623713259223,0.13785600761522707,0.6663700498060253,0.020238570785065316,789.5706491750068,0.779516029593095,-0.5,0.1555803810105625,0.3622688067442848,-0.2589478452499393,-0.11857996828107845,-0.4994482106258868,-0.27987355987189616,-0.2299850534551574,0.2349701596699204,2.297193719658234,Drug Manufacturers—General,Healthcare,LLY
2022Q1,2022,Q1,2022-04-29,2022-03-31,1902900000.0,7810000000.0,2404300000.0,2.1,5737900000.0,0.7346862996,46919300000.0,9330800000.0,16964700000.0,13386000000.0,37457300000.0,3893000000.0,9369400000.0,258792569000.0,272842169000.0,10.325107889786434,1.267346481398476,0.3518552067059824,1.769280233206156,0.08621899980173753,10.325107889786434,0.20393749732070132,33.136052368758,33.99975944610857,27.735303403781025,0.465342372168795,0.5322630362188544,0.00342165929810759,0.1664560212961404,0.7749887942626624,0.04055687105306345,157.6081419001218,0.7346862996158771,0.16022099447513813,21.969132905423113,0.8238738684484834,-0.18804020983174144,-0.03559843353446392,0.10242743757603846,0.2513922864727008,-0.5137005396204889,0.6625055861601782,3.077858945829331,Drug Manufacturers—General,Healthcare,LLY
2021Q4,2021,Q4,2022-02-23,2021-12-31,1726100000.0,7999900000.0,1921300000.0,1.81,5949700000.0,0.7437217965,48806000000.0,8979200000.0,18452400000.0,15052700000.0,39651200000.0,3886000000.0,8958500000.0,263418031660.00003,276484231660.0,9.415584075130052,1.2258531691988812,0.3459554153177888,1.8804236457590877,0.06969039136913792,9.415584075130052,0.19223316108339272,32.92766555331942,38.15219739007011,29.336470026282967,0.448004171253114,0.5275862068965518,0.002935638062158618,0.1639122239068967,0.7995774844380078,0.03536655329262796,149.47400082846283,0.7437217965224565,0.559703466764098,1.5817180335365455,0.6031420561041888,-0.26002262193587833,0.11375889180082366,0.5549049635168003,0.021316181160961088,0.7016118748060819,0.3779713579732052,0.013184747284633187,Drug Manufacturers—General,Healthcare,LLY
2021Q3,2021,Q3,2021-10-27,2021-09-30,1110100000.0,6772800000.0,1881200000.0,1.160477,5342000000.0,0.7887432081266241,48187000000.0,7757000000.0,17808300000.0,13682000000.0,40232900000.0,3907400000.0,9639400000.0,221019888450.0,234317088450.0,8.109020697499135,1.301586025434878,0.35456450909996473,2.2025783163594173,0.06750400408702276,8.109020697499135,0.14310944952945726,32.633458606484766,49.774769941897134,28.492959707361095,0.6939915322943879,0.3661769974919384,0.0034856591658007415,0.14055243115363064,0.7930346440578863,0.023037333720713055,187.99003865782086,0.7887432081266241,-0.2415183006535948,0.6466671839327589,0.505504254270489,-0.42576020283032256,0.11596231381478618,-0.20148180117968637,0.31699803976477176,0.03014460983228811,0.1918032098874243,-0.36723271188779066,Drug Manufacturers—General,Healthcare,LLY
2021Q2,2021,Q2,2021-08-03,2021-06-30,1390200000.0,6740100000.0,1428400000.0,1.53,4786900000.0,0.7102120146585362,47809000000.0,6444400000.0,17295500000.0,15093200000.0,41145500000.0,3824900000.0,8530100000.0,208243496000.0,221538596000.0,7.102832580182961,1.1459133914610553,0.34543914325754566,2.5627056048662404,0.05426297856617029,7.102832580182961,0.21572217739432686,30.896202726962507,37.4484779168465,32.31386878530197,0.5526542943461372,0.5106538733038772,0.003689430953464208,0.14097973184965173,0.6740783929186653,0.029078207032148758,167.37140009644753,0.7102120146585362,0.08316053501050948,1.2620722666285722,0.5172015714865256,-0.4643537279782088,-0.028435153237264057,0.025750756290120268,0.23638881675755216,7.073595364553433,0.20423700309889942,-0.36674318467613815,Drug Manufacturers—General,Healthcare,LLY
2021Q1,2021,Q1,2021-04-30,2021-03-31,1355300000.0,6805600000.0,1155300000.0,1.412533,4927000000.0,0.7239626190196309,46838300000.0,6898700000.0,16604500000.0,11714200000.0,39739000000.0,3660800000.0,9181300000.0,179250427240.0,192452527240.0,7.190025451233061,1.4174676887879667,0.34596686899396434,2.3489208111673214,0.045904370632409784,7.190025451233061,0.1964573035499442,26.338666280710004,33.064713945251974,25.983218177337758,0.5716815465210654,0.5131665209790209,0.004322444369756583,0.1452998934632555,0.8289085042085674,0.02893572140748063,148.71851592134738,0.7239626190196309,-0.36167086937266707,2.5428452757546474,0.6093213197382625,-0.4712412382232527,-0.13866648019300024,-0.3597411186696901,-0.4200592339741981,0.2159804478476625,0.3041153748274334,-0.48130056633219187,Drug Manufacturers—General,Healthcare,LLY
2020Q4,2020,Q4,2021-02-17,2020-12-31,2116800000.0,7440000000.0,1992100000.0,2.21286,5720200000.0,0.7688440860215053,46633100000.0,5641600000.0,17462100000.0,12481600000.0,40807900000.0,3980300000.0,7830200000.0,161510655600.0,174448855600.0,5.89761548834924,1.3990273682861172,0.3558695433072217,2.9415945830969936,0.07680297444207171,5.89761548834924,0.37521270561542824,21.708421451612903,19.074860119047617,28.62851949801475,0.31651549508692367,0.4320779840715524,0.004148333108493679,0.15954332866569024,0.8500753108575824,0.045392650284883485,162.2081506477855,0.7688440860215053,0.7515561578257483,4.112461173662397,0.5991432056961085,-0.5526521464823797,0.2958633500974129,0.7517378351539226,0.5583978721739811,2.403776635774166,0.32695854500146926,-0.4652498610044261,Drug Manufacturers—General,Healthcare,LLY
2020Q3,2020,Q3,2020-10-28,2020-09-30,1208400000.0,5740600000.0,1278300000.0,1.263368,4414200000.0,0.7689440128209595,43946000000.0,4826900000.0,16239900000.0,11976900000.0,38950000000.0,3555400000.0,7154000000.0,141579797820.0,154906597820.0,5.046466720544156,1.3559351752122837,0.38506576252673735,3.5057904659305144,0.04941820922068428,5.046466720544156,0.25034701361122047,24.66289200083615,29.290755921052632,29.3314130850028,0.5557762330354188,0.3730663216515723,0.004743614628224364,0.13062849861193282,0.7911145621988995,0.027497383152050244,101.74617162773986,0.7689440128209595,-0.14421500703124357,0.7505418439212318,0.34088259801985027,-0.6326309387872394,0.03198204516762519,-0.1441926345609065,0.06809826203208556,1.503757528368751,0.16798733123784623,-0.6268283503200953,Drug Manufacturers—General,Healthcare,LLY
2020Q2,2020,Q2,2020-07-31,2020-06-30,1412000000.0,5499400000.0,1196800000.0,1.476268,4277400000.0,0.7777939411572171,41967000000.0,4092900000.0,14581900000.0,11988500000.0,37695000000.0,3313900000.0,6617200000.0,157032587880.0,170995687880.0,4.279190269178413,1.2163239771447638,0.38907236638311055,3.9893962715922697,0.05034479653872445,4.279190269178413,0.3449876615602629,28.55449465032549,27.803220233711052,38.36707172909185,0.4774787535410765,0.3687498114004647,0.004293376356474524,0.13104105606786284,0.6809442382283021,0.03364548335597017,79.62305439610587,0.7777939411572171,-0.030082993004199688,1.7238727610192228,0.28021053112022476,-0.6766490190359452,-0.07907938079962107,-0.030552694816340542,-0.24767412622579835,0.6124549355117759,0.08688850081174133,-0.6658812850591586,Drug Manufacturers—General,Healthcare,LLY
2020Q1,2020,Q1,2020-05-01,2020-03-31,1456500000.0,5859800000.0,1590800000.0,1.522056,4644700000.0,0.7926379739922864,41102800000.0,3078800000.0,13994200000.0,12610200000.0,37905600000.0,3102400000.0,5879400000.0,132745190880.0,148276490880.0,3.2173755837684928,1.1097524226419881,0.41920015181447495,5.596433675457971,0.06791285107967043,3.2173755837684928,0.47307392490580746,22.65353610703437,22.78496238928939,43.11588634532935,0.4608994164092001,0.39166451779267664,0.005057057024437495,0.1425644968226009,0.6447082520499279,0.03543554210418755,1194.826200540054,0.7926379739922864,-0.025601038637786577,2.189969235598,0.46307670424866315,-0.7606902205029951,-0.038643043424266256,-0.02620846426422411,0.1361234109412941,16.157220244896266,0.29232315756319693,-0.7469876700781692,Drug Manufacturers—General,Healthcare,LLY
2019Q4,2019,Q4,2020-02-19,2019-12-31,1495700000.0,6114000000.0,1400200000.0,1.562046,4831400000.0,0.7902191691200523,39286100000.0,2606900000.0,13709600000.0,11775200000.0,36587000000.0,3190700000.0,4920400000.0,125847642180.0,138827342180.0,2.722537038158755,1.1642774645016645,0.3898885356398319,5.875637730637923,0.06839802210297291,2.722537038158755,0.5737465955732863,20.58352014720314,21.034907097011434,48.274825340442675,0.3925920973457244,0.40198075657379256,0.004665959487426289,0.15562756292938215,0.6776954956179089,0.03807198983864522,76.86760455655998,0.7902191691200523,0.19663725722270356,3.0486601150474106,0.38472288329739684,-0.8033120532433622,0.12316347405616515,0.1928383443655794,-0.02131823582861536,1.2280613931390068,0.2202608768445211,-0.7860338983642554,Drug Manufacturers—General,Healthcare,LLY
2019Q3,2019,Q3,2019-10-25,2019-09-30,1253900000.0,5476600000.0,1430700000.0,1.305363,4301600000.0,0.7854508271555345,37893100000.0,3382500000.0,12661800000.0,10828600000.0,34430800000.0,3101300000.0,4981900000.0,107421214080.0,121082714080.0,3.5213247051768937,1.1692924293075744,0.40179610535955096,4.5011973392461195,0.06683651057309864,3.5213247051768937,0.37070214338507024,19.614580958989155,21.417420464151846,31.75793468736142,0.46845840976154396,0.37887337568116597,0.005468193643413344,0.14452763167964616,0.6640655301701051,0.033090457101688696,91.89154326775021,0.7854508271555345,-0.04993617055344568,1.9033752664574761,0.3020092492539163,-0.7781039474069325,-0.04658894454541425,-0.05522905364677517,-0.04511780017353,0.8522528909777632,0.212323179687622,-0.7506376096569867,Drug Manufacturers—General,Healthcare,LLY
2019Q2,2019,Q2,2019-08-02,2019-06-30,1327200000.0,5636700000.0,1498300000.0,1.373974,4511800000.0,0.8004328773928008,38666400000.0,2780500000.0,13454500000.0,11855400000.0,35809100000.0,3181100000.0,4318100000.0,108901992180.0,122397992180.0,2.878492520888611,1.1348836816977916,0.4082666087352327,5.677468081280345,0.07113447238753623,2.878492520888611,0.4773242222621831,19.320168215445207,20.513485567359854,39.16633417730624,0.45057263411693793,0.3536198170444186,0.0054911759466400615,0.14577772950158277,0.6712468579718947,0.03432437465085966,142.13259224745497,0.8004328773928008,-0.6812125290023201,1.092914550966529,0.32099206284465476,-0.8211622929969059,0.14121664348046034,-0.6870992078460958,1.3225856456363354,1.0284237222315942,0.19177695077451518,-0.7829240981748051,Drug Manufacturers—General,Healthcare,LLY
2019Q1,2019,Q1,2019-05-02,2019-03-31,4241600000.0,5092200000.0,645100000.0,4.31,3953500000.0,0.7763834884725659,38006800000.0,2480300000.0,12597500000.0,11236100000.0,35441800000.0,3055200000.0,4879400000.0,126415353398.80002,140344053398.80002,2.531992407522221,1.1211630369968228,0.4200590420661566,6.43676168205459,0.02612154231365627,2.531992407522221,1.7101157118090553,24.82529228993363,7.450923790480008,50.96776736636698,0.1502263296869106,0.3727088242995549,0.0050405269840114895,0.13398128755906838,0.6510355016420288,0.11160108191165792,-1415.6254579932813,0.7763834884725659,3.0515705711210437,5.6591880889409625,0.2426113374229545,-0.8454342849620823,-0.18398728559928998,2.770311111111111,-0.32393628170194927,9.860291335530347,0.17944261382494034,-0.813795767579658,Drug Manufacturers—General,Healthcare,LLY
2018Q4,2018,Q4,2019-02-19,2018-12-31,1125000000.0,6438600000.0,954200000.0,1.063785,4844900000.0,0.7524772466064051,43908400000.0,9828700000.0,20549600000.0,11888100000.0,32999300000.0,4111800000.0,11395900000.0,122389985080.0,127162685080.0,9.293057461005125,1.7285857285857287,0.2908532308168824,1.2993478282987576,0.05059083449629925,9.293057461005125,0.11446071199650004,19.008788413630292,27.19777446222222,12.452306518664727,0.5089777777777778,0.38759180894012357,0.0046784873748102924,0.1466370899417879,1.2021517315634962,0.025621521166792685,148.35149706666667,0.7524772466064051,-0.050191964285714395,0.6328847341291194,0.1704180897590823,-0.41136607942856385,0.07674015468041603,-0.021313614615050023,-0.3802688835487433,1.4574862584931987,0.2516826909823274,-0.2950999745559592,Drug Manufacturers—General,Healthcare,LLY
2018Q3,2018,Q3,2018-11-06,2018-09-30,1149500000.0,6061900000.0,1539700000.0,1.12,4499600000.0,0.7422755241755885,44625100000.0,13076600000.0,20685900000.0,10826700000.0,30474200000.0,4118000000.0,14408700000.0,109795040000.0,113511940000.0,12.815170521364172,1.9106375904015074,0.2840755538923162,0.9694339507211355,0.04870592682406279,12.815170521364172,0.08790511294984935,18.112314620828453,23.878869073510224,8.396298732086322,0.49812962157459767,0.37938319572608065,0.005215171832898827,0.13584059195385556,1.3567107244127943,0.025759045918104385,60.26072447859495,0.7422755241755885,5.48,0.054934927546621604,0.1594598794182743,-0.14501560753153037,-0.032864051585169266,5.422854944209312,47.376506024096386,0.5609219699492121,0.32724981547729026,-0.06709041703392976,Drug Manufacturers—General,Healthcare,LLY
2018Q2,2018,Q2,2018-07-25,2018-06-30,-259900000.0,6355200000.0,-33200000.0,-0.25,4652500000.0,0.7320776686807654,42359200000.0,11555200000.0,18332700000.0,13055200000.0,30738400000.0,4155500000.0,14247300000.0,87907819300.0,93310119300.0,11.216353947253472,1.4042450517801335,0.2884757030349959,1.0574979230130157,0.07561122140529748,11.216353947253472,-0.022492038216560508,13.83242373174723,-84.55927212389379,7.607641520700637,-2.22893420546364,0.4097461196005294,0.006589857473577439,0.15003116206160644,0.9565996690973712,-0.006135621069330866,-258.02118960962724,0.7320776686807654,-1.2155172413793103,-1.2356381097106166,0.17207411708509357,-0.17012957884423804,0.12686802141109793,-1.2134877608017085,-1.022868163658906,-1.4654812317716344,0.3735329553164494,-0.15245202397116292,Drug Manufacturers—General,Healthcare,LLY
2018Q1,2018,Q1,2018-04-27,2018-03-31,1217400000.0,5700000000.0,1451800000.0,1.16,4128700000.0,0.7243333333333334,44355600000.0,14527000000.0,16261500000.0,11547000000.0,29767800000.0,4631300000.0,16608200000.0,81083760000.0,89697160000.0,13.861641221374045,1.408287866978436,0.2637254371488606,0.8052385213739932,0.046769807234216455,13.861641221374045,0.0838025745164177,14.225221052631579,16.65101034992607,5.581590142493289,0.4824215541317562,0.33927838835748064,0.007243127353738899,0.128506885263642,0.8712392829306314,0.027446365284203123,405.4188,0.7243333333333334,1.7341772151898736,-0.1546122512959346,0.0937683693937008,0.04464570781169418,-0.08977270222006659,1.7347456092703242,5.339737991266375,1.4346006671928728,0.2995039117063082,0.03103483500305797,Drug Manufacturers—General,Healthcare,LLY
2017Q4,2017,Q4,2018-02-20,2017-12-31,-1656900000.0,6160700000.0,229000000.0,-1.58,4535900000.0,0.7362637362637363,44981000000.0,11592200000.0,19202100000.0,14535900000.0,33313100000.0,4458300000.0,13894100000.0,88775145860.0,95886045860.0,11.028731099400527,1.3210121148329308,0.30339698984015473,1.1772657476579078,-0.05291554101584198,11.028731099400527,-0.14293231655768535,14.409912162578928,-13.394765203090106,7.658179280895775,-0.3309191864324944,0.3644438463091313,0.006176278221662165,0.1369622729596941,0.9147214826739314,-0.03683555278895534,71.020116688,0.7362637362637363,-4.130963445010968,-3.184561943197542,0.12798776746813928,-0.14363753932591433,0.10850705051443095,-3.9821814254859613,-0.6218001651527663,-5.08576497800801,0.27109424882273075,-0.20323637663375813,Drug Manufacturers—General,Healthcare,LLY
2017Q3,2017,Q3,2017-10-27,2017-09-30,555600000.0,5658000000.0,605500000.0,0.504637,4091900000.0,0.7232060798868858,43010400000.0,14890300000.0,17428400000.0,12666500000.0,28049800000.0,4406900000.0,16145500000.0,94187641578.94,103928041578.94,13.523178207328616,1.37594442032132,0.31305684206610496,0.9042598201513737,0.020054810728795985,13.523178207328616,0.037312881540331626,16.646808338448217,42.38104822666487,6.325436128146512,0.9857811375089993,0.3553745263110123,0.005814987941289143,0.1315495787065454,0.9440334741246595,0.012917805926008594,65.70925183405889,0.7232060798868858,-0.4476081742741769,-0.5741398020587974,0.05692818688438916,-0.05750068692118372,-0.04231516371381094,-0.4488095238095238,-0.5211167352103765,0.1223015494895532,0.17347284853422165,-0.14783778436925693,Drug Manufacturers—General,Healthcare,LLY
2017Q2,2017,Q2,2017-07-28,2017-06-30,1008000000.0,5824300000.0,1264400000.0,0.913549,4272700000.0,0.7335988874199475,40946500000.0,14100800000.0,15746500000.0,11294500000.0,26776800000.0,4346000000.0,15590100000.0,90611390091.2,99853590091.2,12.807394730750357,1.3941741555624418,0.30068748244660715,0.8731490411891524,0.038281247511476386,12.807394730750357,0.07148530579825259,15.55747301670587,22.47306301865079,6.425975128446613,0.544345238095238,0.35701794753796595,0.006055530098895245,0.1422417056402867,0.9199344813847448,0.024617488674245663,63.38677166225953,0.7335988874199475,10.097190826619931,0.10892417930766597,0.056639085663019756,0.001191663528915544,0.09539558016715377,10.097472924187725,26.427331887201735,0.3946026711496105,0.1975505646883631,-0.20429006165219174,Drug Manufacturers—General,Healthcare,LLY
2017Q1,2017,Q1,2017-05-01,2017-03-31,-110800000.0,5228300000.0,46100000.0,-0.100421,3900600000.0,0.7460551230801599,37624300000.0,14031000000.0,12976200000.0,10448000000.0,23520600000.0,4035100000.0,15876700000.0,92806027173.73,100435927173.73,12.716279814357323,1.24197932618683,0.2723452662242221,0.730297199059226,-0.0034377946726337626,12.716279814357323,-0.007896799942983394,17.750708102773366,-209.39988080715253,6.614355867274607,-4.94043321299639,0.3290376942331045,0.0058983238122593505,0.13896072485069488,0.7771343797856048,-0.0029449052872744476,-140.42370581590254,0.7460551230801599,-1.143237780621014,-1.110931656813889,-0.055227498184782994,-0.04250333124327159,-0.09172196996157876,-1.143560507903602,-0.9473864414517233,-1.154434596262211,0.13267058957809902,-0.2237335008236474,Drug Manufacturers—General,Healthcare,LLY
2016Q4,2016,Q4,2017-02-21,2016-12-31,771800000.0,5760500000.0,876200000.0,0.701079,4294500000.0,0.745508202412985,38805900000.0,14007700000.0,15101400000.0,10986600000.0,24725400000.0,3561900000.0,16046300000.0,80969356250.0,86692456250.0,12.72415124332917,1.3745289716563813,0.2655575569694299,0.7356810896863868,0.031182175023917895,12.72415124332917,0.0550982673815116,14.055959769117264,26.22744112788287,5.780346255987778,0.7010883648613631,0.41157809034504056,0.006682775127040732,0.1484439221870901,0.983461671490725,0.019888728260393392,49.009960807457176,0.745508202412985,-0.005293625232332174,-0.08844575969566376,-0.03436012128969301,0.0484793835533117,0.13287432731877177,-0.007969151670951156,-0.07133015368309487,0.07623528893956183,0.006026008987010667,-0.1940362938964688,Drug Manufacturers—General,Healthcare,LLY
2016Q3,2016,Q3,2016-10-28,2016-09-30,778000000.0,5191700000.0,943500000.0,0.70481,3790800000.0,0.730165456401564,37590300000.0,15589200000.0,13385900000.0,8272800000.0,21974500000.0,3881200000.0,16601600000.0,88602884939.8,94462684939.8,14.121314366344878,1.6180615994584664,0.248702457814915,0.5996972262848639,0.03032318749447843,14.121314366344878,0.04990634541862315,17.066256705857427,28.471364055205658,5.683606916313859,0.6913881748071979,0.3609450685355045,0.006070908417547223,0.13811275781252078,1.0574654288753504,0.020696828703149484,61.88648804903262,0.730165456401564,0.04051729864991556,-0.3650755781721755,-0.14798135504597726,0.044354299796970406,-0.03781917863850957,0.04052427444162097,0.021878046138849777,-0.3400393595380327,-0.08213610017596586,-0.05787415280679182,Drug Manufacturers—General,Healthcare,LLY
2016Q2,2016,Q2,2016-07-28,2016-06-30,747700000.0,5404800000.0,923300000.0,0.677365,3939800000.0,0.7289446417998816,36475300000.0,14637300000.0,12977300000.0,8401000000.0,21819100000.0,3759900000.0,15824100000.0,86927671215.0,93020971215.0,13.260304329895536,1.5447327699083442,0.25582517484434675,0.6375014517704768,0.03049478573358641,13.260304329895536,0.051081825200002734,16.083420517873,29.06502314263742,5.938777726424955,0.7238197137889528,0.3896380222878268,0.006225865624093839,0.14817698552170921,1.003201999761933,0.02049880329976724,75.17093671307506,0.7289446417998816,0.6999402706392548,-0.36980350189592287,-0.12771846814910703,0.0346219449115716,0.11227802715902996,0.6989320608952511,0.2898854428611344,-0.3673188288614788,-0.06969841799898446,-0.018902720915062274,Drug Manufacturers—General,Healthcare,LLY
2016Q1,2016,Q1,2016-04-29,2016-03-31,440100000.0,4865100000.0,715800000.0,0.398464,3542100000.0,0.7280631436147252,34691800000.0,15009900000.0,11714600000.0,7340900000.0,19662400000.0,3740200000.0,16155000000.0,79487302514.02,85305602514.02,13.59793155402848,1.5957988802462912,0.2342311439590912,0.5413693628871611,0.024023080673142284,13.59793155402848,0.02932064837207443,16.338266944979548,45.15297802432402,5.295658366412835,1.2231311065666894,0.3537243997647185,0.006772150808678586,0.14023775070766004,0.9784086419921263,0.012685994961345332,-165.18558294684124,0.7280631436147252,-0.07941326642592948,-0.580115745062759,-0.160657079637632,0.08486383953869849,-0.1114539434075858,-0.08005852842809365,0.7899474868717179,-0.7098448017730236,-0.11366354901813883,0.02477193040673507,Drug Manufacturers—General,Healthcare,LLY
2015Q4,2015,Q4,2016-02-19,2015-12-31,478400000.0,5375600000.0,399900000.0,0.432837,3986400000.0,0.7415730337078652,35568900000.0,14571300000.0,12573600000.0,8229600000.0,20978600000.0,3445800000.0,16011800000.0,93129797420.0,97441897420.0,13.183511314460668,1.5278506853310003,0.22431112573062423,0.5475489489613143,0.019082286955359466,13.183511314460668,0.032831662240157024,17.324540036461045,48.66732724707358,6.391317001228443,1.1147575250836121,0.40315746706135,0.005726416407789497,0.15113202826064343,1.035700398561291,0.013449952064865656,372.37024158336664,0.7415730337078652,-0.40000332686904194,-0.5884784650526785,-0.12585075928158668,0.18033414106053847,0.07080691952293973,-0.40177566587470304,-0.5840008322063872,-0.40016424358186714,-0.06400314783101468,0.02367752806937638,Drug Manufacturers—General,Healthcare,LLY
2015Q3,2015,Q3,2015-10-30,2015-09-30,799700000.0,4959700000.0,961300000.0,0.721399,3722800000.0,0.7506099159223341,36304700000.0,15221400000.0,12567000000.0,8303300000.0,21063800000.0,3417700000.0,16856700000.0,92734926385.81,97575026385.81,13.736776591596291,1.5134946346633267,0.22253041617201078,0.530759325686205,0.031488076469973154,13.736776591596291,0.0525378743085393,18.697688647662158,28.990535946545577,6.092404534787208,0.6581217956733775,0.36191005647072594,0.005675315876247169,0.13661316578845165,1.0100682861031156,0.022027450991193978,118.70830310523553,0.7506099159223341,0.3324990579769039,-0.39124303850704273,-0.13010649688282683,0.21620216500155673,-0.009972608568465283,0.3310585885486019,0.19713574097135741,-0.3909024909456149,-0.07935360326685498,-0.042613925291589194,Drug Manufacturers—General,Healthcare,LLY
2015Q2,2015,Q2,2015-07-30,2015-06-30,600800000.0,4978700000.0,803000000.0,0.541388,3760300000.0,0.7552774820736337,36036600000.0,14670300000.0,12346000000.0,8232000000.0,21331200000.0,3288400000.0,16114900000.0,92552049768.09,97235949768.09,13.233886770407254,1.499757045675413,0.22197987601494037,0.5452785559940833,0.031309953774637085,13.233886770407254,0.040953491066985676,18.589601656675438,38.51200473039697,6.30880416679209,0.8984687083888149,0.3705145359445323,0.005832393786551357,0.13815676284666145,1.0116010689990282,0.016671939084153334,157.21428532034992,0.7552774820736337,0.1359498106358648,-0.5565047441037011,-0.13764691406895985,0.4263110108065741,0.08931054461181924,0.13465533522190745,0.5289413556740289,-0.34354853441688615,-0.10292186808490043,0.034531798946207615,Drug Manufacturers—General,Healthcare,LLY
2015Q1,2015,Q1,2015-04-30,2015-03-31,529500000.0,4644700000.0,525200000.0,0.476595,3452000000.0,0.7432126940383663,35653900000.0,14919800000.0,11742700000.0,8342900000.0,20707400000.0,2980200000.0,16706800000.0,80622693821.0,85778593821.0,13.444396591442938,1.4075081806086613,0.23056944682068442,0.5509926406520195,0.019449110692435934,13.444396591442938,0.03548975187334951,17.35799810988869,38.0654833904627,5.403738241866513,0.9969782813975449,0.40020803972887725,0.006547784190541355,0.13027186366708832,0.9547639310072037,0.014851110257222912,-170.30564812209548,0.7432126940383663,0.23528451238666936,-0.5781793131592534,-0.1581150573281149,0.418270985410354,-0.10759526394705547,0.23570595099183198,0.3953241232731137,-0.472905401188247,-0.16549051790711128,0.012321617460532699,Drug Manufacturers—General,Healthcare,LLY
2014Q4,2014,Q4,2015-02-19,2014-12-31,428500000.0,5121300000.0,376400000.0,0.385818,3868200000.0,0.7553160330384863,37178200000.0,15373200000.0,12179800000.0,11207500000.0,21790100000.0,2740000000.0,16482700000.0,76622156730.0,80806956730.0,13.8419109205881,1.0867544055320097,0.2166968815058287,0.5240548486977337,0.013403263380018161,13.8419109205881,0.02787318190097052,14.961466176556733,44.703708710618436,4.984138418156271,1.2256709451575263,0.45733576642335766,0.006854414211423099,0.13775007934757466,0.7698683917019853,0.011525571437024923,86.02465109464467,0.7553160330384863,-0.1388779151907973,-0.534944622477104,-0.1426013601308862,0.6037007160848105,0.07193925622124923,-0.14402716739912105,-0.3302491103202847,-0.4983528493721274,-0.14904810245848604,0.14058359977658275,Drug Manufacturers—General,Healthcare,LLY
2014Q3,2014,Q3,2014-10-29,2014-09-30,500600000.0,4875600000.0,562000000.0,0.448041,3608600000.0,0.7401345475428666,34648800000.0,17669300000.0,12110500000.0,7574600000.0,16966300000.0,2844500000.0,17406900000.0,72205923632.45,74645723632.45,15.869253481649846,1.598830301270034,0.16178338066541986,0.31725082487704664,0.018440243056672894,15.869253481649846,0.028331626040646773,14.809648788343997,36.059690187999394,4.0865186301919145,1.0487415101877746,0.44542098787133066,0.007270871607049982,0.1407148299508208,1.1148443482164074,0.014447830805107248,64.90420101793258,0.7401345475428666,-0.31621013625708144,-0.47597383025266493,-0.13579275914760008,0.7587463952917871,-0.036653407725780185,-0.31751874573960465,-0.3661177532145274,-0.5949402030561807,-0.20667080253409115,0.17362468380617185,Drug Manufacturers—General,Healthcare,LLY
2014Q2,2014,Q2,2014-07-28,2014-06-30,733500000.0,4935600000.0,886600000.0,0.655232,3745900000.0,0.7589553448415592,35018400000.0,17983700000.0,13156700000.0,7417400000.0,17023600000.0,3190300000.0,17204300000.0,69463058876.1,71008658876.1,16.095557078680333,1.7737616954728073,0.15167169259589244,0.29533966869998945,0.029686056514976432,16.095557078680333,0.04078693483543431,14.07388339332604,23.67520752423313,3.8625565860251228,0.7183367416496251,0.37291163840391184,0.007585326769726942,0.1409430470838188,1.197265888316661,0.020946131176752793,92.2851851681945,0.7589553448415592,0.00796859328176834,-0.37825756578474157,-0.08428379206885103,1.0623124450041226,0.08250491272685238,0.007693364473141915,0.062050790608528986,-0.38922230445038786,-0.2130421873939522,0.25583969680359886,Drug Manufacturers—General,Healthcare,LLY
2014Q1,2014,Q1,2014-04-28,2014-03-31,727900000.0,4683100000.0,834800000.0,0.650052,3460400000.0,0.7389122589737567,34756900000.0,18338100000.0,13039300000.0,6631700000.0,16408200000.0,2969000000.0,17665300000.0,65890888332.12,67267288332.12,16.381332735406932,1.9662077596996246,0.15146345042279374,0.2870744515516875,0.028901204640718357,16.381332735406932,0.03969331610144999,14.069929818308387,22.630474080272013,3.593114244775631,0.7200164857810138,0.41182216234422364,0.007954058797299834,0.1347387137518018,1.350860262074581,0.020942604202331048,1454.5449962940397,0.7389122589737567,-0.0020969638542381224,-0.4566813510769257,-0.09054582538871458,1.327884765870805,-0.21751124980213915,0.000549828178694158,-0.07326820603907638,-0.31522202483009637,-0.2033254662389315,0.3069278557171146,Drug Manufacturers—General,Healthcare,LLY
2013Q4,2013,Q4,2014-02-19,2013-12-31,727500000.0,5808800000.0,900800000.0,0.651418,4422300000.0,0.7613104255612174,35248700000.0,17631400000.0,13104700000.0,8916600000.0,17608000000.0,2928800000.0,16992400000.0,56956545000.0,58339245000.0,15.7874990486168,1.4696969696969697,0.14788914201091105,0.2956600156538902,0.031527523297347225,15.7874990486168,0.041261612804428464,9.805217084423633,19.57269587628866,3.2304039951450254,0.7270103092783505,0.47340207593553674,0.009286026741966177,0.16479473001841202,1.0564677119081265,0.020639059029127316,48.202898612051456,0.7613104255612174,-0.3899826570325171,1.1969293741939813,0.09526538296482234,1.5718296076109977,-0.03327139578095967,-0.3953121103815144,-0.4168446947627371,-0.3806614171413385,-0.06515673030326954,0.4134720018485082,Drug Manufacturers—General,Healthcare,LLY
2013Q3,2013,Q3,2013-10-30,2013-09-30,1203100000.0,5772600000.0,1544700000.0,1.067868,4574500000.0,0.7924505422166788,33965600000.0,16887100000.0,13202200000.0,8076100000.0,17069500000.0,2974100000.0,17811000000.0,56704275122.95,57618275122.95,14.988777145235167,1.63472468146754,0.15553677838754504,0.312836425437168,0.055389373200670305,14.988777145235167,0.07124373042144595,9.82300438674947,11.782951359602276,3.357845640930059,0.43861690632532624,0.40284455801755154,0.009306176630523987,0.16995430671031866,1.1607954334394077,0.03542113196881551,32.629920084560936,0.7924505422166788,-0.002637546558674145,3.4833869734961755,0.06495453240912066,0.18106395669031516,-0.03987826634484206,-0.002570054717293981,0.027744510978043913,-0.09925997259021506,-0.004220834207362078,0.32704955148742837,Drug Manufacturers—General,Healthcare,LLY
2013Q2,2013,Q2,2013-07-26,2013-06-30,1206200000.0,5929700000.0,1503000000.0,1.070692,4764500000.0,0.8034976474357893,33226000000.0,15227400000.0,12639300000.0,8408500000.0,17989600000.0,2725400000.0,16608600000.0,56512154355.35999,58039654355.35999,13.515789527276363,1.5031575191770232,0.15993499066995726,0.34897618766171506,0.058259170861711874,13.515789527276363,0.07921247225396325,9.530356401733645,11.7128491036644,3.7112149385554987,0.44188360139280386,0.4275335730534967,0.009431599380345454,0.17846565942334316,1.0614259380388893,0.036302895322939864,37.65468707046908,0.8034976474357893,-0.21864466274198152,0.21661261746185861,0.11340400675515398,-0.0008096722634985271,0.07219209217543938,-0.22080103359173125,0.05703635980026725,-0.12391625338953242,0.010576349549341772,0.45669369527975884,Drug Manufacturers—General,Healthcare,LLY
2013Q1,2013,Q1,2013-04-26,2013-03-31,1548000000.0,5602000000.0,1421900000.0,1.370301,4443700000.0,0.7932345590860407,32300100000.0,14948600000.0,12326100000.0,7593600000.0,17344500000.0,2576700000.0,16462400000.0,63774644477.04,65297644477.04,13.269227181731472,1.6232221871049304,0.16902734047263013,0.36522483710849174,0.055278440194364,13.269227181731472,0.10355484794562701,11.384263562484827,10.299522686860465,4.2662620230014845,0.34308785529715763,0.4495284666433811,0.008327761046025202,0.17343599555419334,1.1538005689001265,0.047925548218116974,287.92164549453724,0.7932345590860407,0.8992259235902732,0.4165905189214895,0.13488593730041656,-0.023539929732791454,-0.056358964557983476,0.8711471050404932,0.3358699736941,0.2147856734291695,0.00024173931378311382,0.3997920830932833,Drug Manufacturers—General,Healthcare,LLY
2012Q4,2012,Q4,2013-02-21,2012-12-31,827300000.0,5957400000.0,1064400000.0,0.721505,4709100000.0,0.7904622822036459,34398900000.0,14765200000.0,13038700000.0,8389500000.0,19625000000.0,2643800000.0,16088200000.0,56545034760.0,58057534760.0,12.878578412602605,1.5541689016031945,0.16079874647154416,0.37461734348332565,0.042850086723582155,12.878578412602605,0.056030395795519196,9.491562554134354,17.087221914662155,3.8296152276975595,0.6626374954671824,0.47216128300173993,0.00969492727923473,0.1731857704752187,1.1410215149889744,0.024050187651349315,49.0842315625,0.7904622822036459,-0.3885550847457627,-0.07333511726902245,0.09861062941762226,0.03411702427172021,0.11071538080524565,-0.37637569727121967,-0.020069968698213956,-0.13021144571613444,-0.03382420313627621,0.4920906181910092,Drug Manufacturers—General,Healthcare,LLY
2012Q3,2012,Q3,2012-10-26,2012-09-30,1326600000.0,5443300000.0,1086200000.0,1.18,4239700000.0,0.7788841327870961,34321000000.0,16064500000.0,14038900000.0,6960700000.0,18264100000.0,2553400000.0,17062200000.0,53260180690.0,53460980690.0,14.348210146862721,2.0168804861580014,0.16083447451997318,0.34361480282610724,0.03561033171918732,14.348210146862721,0.08257960098353512,9.784538917568387,10.036970580808081,3.3153961025864485,0.4102216191768431,0.47137150466045274,0.01021776480946445,0.15859969115119024,1.5365408651428736,0.03865271990909356,42.259922788225026,0.7788841327870961,0.4216867469879518,0.39396408103970315,0.15508972594832626,0.20771559310121107,-0.04811405478221823,0.43633607622347337,-0.09648976875727833,0.3810057505343792,-0.04049892392746395,0.5901732809211082,Drug Manufacturers—General,Healthcare,LLY
2012Q2,2012,Q2,2012-07-27,2012-06-30,923600000.0,5600700000.0,1202200000.0,0.83,4454000000.0,0.7952577356401879,31812600000.0,14310400000.0,12307300000.0,6609700000.0,17504700000.0,2320800000.0,15736200000.0,48002816259.99999,49166316259.99999,12.7921507911961,1.8620058399019623,0.17317980925796697,0.38498574463327373,0.047248578983306116,12.7921507911961,0.0645404740608229,8.570860117485314,12.993399810524034,3.3544007337321107,0.5959289735816371,0.4940968631506377,0.011465993932915136,0.17605288470605987,1.366658093408173,0.02903252170523629,42.61235353750554,0.7952577356401879,-0.08791208791208799,0.35346143602125857,0.17607730268408386,0.20382200655963617,0.011330351263595287,-0.08653941252101671,-0.12966046477955548,-0.21808571252814937,0.03783446664205992,0.6390493131795381,Drug Manufacturers—General,Healthcare,LLY
2012Q1,2012,Q1,2012-04-30,2012-03-31,1011100000.0,5602000000.0,1381300000.0,0.91,4404100000.0,0.7861656551231703,32238200000.0,14834100000.0,12602600000.0,6553700000.0,17415600000.0,2424200000.0,15906700000.0,44974474930.0,46266074930.0,13.280756194033458,1.9229748081236553,0.16793121204037445,0.36495641798289075,0.051656298847247956,13.280756194033458,0.06816052204043387,8.028288991431632,11.120184682523984,3.0318303725874842,0.5386213035308081,0.4941423974919561,0.012109090786443562,0.17376900695448258,1.351282481651586,0.031363413590088776,62.308776572457745,0.7861656551231703,0.18181818181818182,0.926006969507516,0.28448434854275784,0.24626529765754085,-0.0678956168384516,0.17816359822885108,0.29262586561856635,-0.24361360320312614,0.09032808869018306,0.8872744069542171,Drug Manufacturers—General,Healthcare,LLY
2011Q4,2011,Q4,2012-02-24,2011-12-31,858200000.0,6046600000.0,1068600000.0,0.77,4724900000.0,0.7814143485595211,33659800000.0,13541700000.0,14248200000.0,8930900000.0,20124200000.0,2299800000.0,14897800000.0,46374559760.0,47439059760.0,12.135814440343918,1.5953823242898253,0.20757699095062954,0.5159618068632447,0.042880306290763656,12.135814440343918,0.06337461323172128,7.669526636456852,13.509251852714987,3.4245744448629054,0.633768352365416,0.5747021480128707,0.011728413225156619,0.17963861936196887,1.2467948359067955,0.025496289342182663,27.909580982185844,0.7814143485595211,-0.30630630630630634,5.291993784714389,0.3815368485854584,0.1961971979216978,-0.017651461599234895,-0.3058319178192995,-0.3261870231414339,1.2325065613929747,0.14107286401361524,0.9769595421058226,Drug Manufacturers—General,Healthcare,LLY
2011Q3,2011,Q3,2011-10-28,2011-09-30,1236300000.0,6147900000.0,1585900000.0,1.11,4809800000.0,0.782348444184193,33042200000.0,15060600000.0,14572700000.0,8219300000.0,17984300000.0,2513300000.0,15125900000.0,41177925400.0,41660225400.0,13.521574401608877,1.7729855340479117,0.21427144681649526,0.4701007927970997,0.05893805528404665,13.521574401608877,0.08208836301342576,6.697884708599685,8.326847326700639,2.734149064446304,0.4375151662217908,0.5324075916126209,0.013135678758600111,0.18606206608518802,1.3239448614845546,0.0374157895055414,23.874029104823748,0.782348444184193,0.03738317757009349,0.3874548849903933,0.5598615899351335,0.13105312619645754,-0.04278777264766757,0.03257328990228013,-0.001888098684624583,3.581311414711783,0.14725578605743297,0.06545343951046524,Drug Manufacturers—General,Healthcare,LLY
2011Q2,2011,Q2,2011-07-29,2011-06-30,1197300000.0,6252800000.0,1588900000.0,1.07,5024800000.0,0.8036079836233367,32779300000.0,14276800000.0,14950300000.0,8620500000.0,18502300000.0,2870200000.0,13888200000.0,41805905490.0,42421005490.0,12.81656975778615,1.7342729540049882,0.2052697891657235,0.47129608875938583,0.059143675301286495,12.81656975778615,0.08386333071836827,6.6859495729913,8.729204353545478,2.928240606438418,0.46112085525766305,0.4278447494948087,0.013206268194144548,0.1907545310607609,1.250078301722638,0.03652610031330748,27.90595119818437,0.8036079836233367,0.12631578947368433,0.4142634577712253,0.5700401249717822,0.16210185880692357,0.07849155416282115,0.13391419642011554,0.23640183643296242,0.2214093508189403,0.1874623857881335,-0.05250133476140933,Drug Manufacturers—General,Healthcare,LLY
2011Q1,2011,Q1,2011-04-29,2011-03-31,1055900000.0,5839200000.0,1285100000.0,0.95,4659100000.0,0.7979003973147006,31695300000.0,13938100000.0,15354300000.0,7651800000.0,17761100000.0,2767200000.0,13785300000.0,39109145510.0,39275045510.0,12.534228774562658,2.006625891946993,0.21051386167665237,0.47870943672380023,0.05168183858834814,12.534228774562658,0.07575637999440382,6.697688983079874,9.25967078085046,2.805916553188742,0.5144426555545033,0.4264599595258745,0.013889334397784442,0.18422920748502145,1.4240048093259103,0.033314087577653466,59.51779867600061,0.7979003973147006,-0.09678278898768818,0.2331789582416426,0.5325525007699518,0.16203394639864746,-0.05967950270444821,-0.09721272229822162,-0.15896596858638742,-0.02108474420991086,0.19842647091346508,-0.07762722407789402,Drug Manufacturers—General,Healthcare,LLY
2010Q4,2010,Q4,2011-02-22,2010-12-31,1169600000.0,6187000000.0,1528000000.0,1.0517957235726882,4954800000.0,0.8008404719573299,31001400000.0,12420300000.0,14840000000.0,7101400000.0,18588600000.0,2517700000.0,12732600000.0,38964585120.0,39897885120.0,11.169304399358635,2.0897287858732083,0.2234253936918978,0.5576757405215655,0.06553234073184344,11.169304399358635,0.09416841783209745,6.297815600452561,8.328613440492475,3.1371694017052727,0.4652017783857729,0.48941494220915915,0.013963962360290107,0.19957163224886618,1.5328104317458529,0.037727328443231595,19.94297528918006,0.8008404719573299,-0.10864769188755229,0.6276198692628296,0.5550161246515064,0.12206994486416423,0.06162152896811793,-0.10231023102310231,-0.12810271041369473,0.3507111625402784,0.17633928280848735,-0.10313332274725848,Drug Manufacturers—General,Healthcare,LLY
2010Q3,2010,Q3,2010-10-29,2010-09-30,1302900000.0,5654800000.0,1752500000.0,1.18,4667200000.0,0.8253519134186885,29904000000.0,12413000000.0,14184000000.0,6097000000.0,17491000000.0,2680000000.0,12647000000.0,40146470000.0,41374470000.0,11.29481346678799,2.326390027882565,0.2386637239165329,0.5749617336663175,0.06988241996712057,11.29481346678799,0.10496253927334247,7.099538445214685,7.7032907360503495,3.2342278256666397,0.41852789930155804,0.36850746268656714,0.013582763316426076,0.1890984483681113,1.6426111202230604,0.043569422150882824,25.47364847715736,0.8253519134186885,-0.03278688524590167,0.6240168520592738,0.5548938672930516,0.07976005433322116,-0.012190992211310531,-0.03410186077544666,-0.0166647963191561,0.3947438849656441,0.22248205129376675,-0.049294496986996617,Drug Manufacturers—General,Healthcare,LLY
2010Q2,2010,Q2,2010-07-30,2010-06-30,1348900000.0,5748700000.0,1782200000.0,1.22,4724800000.0,0.8218901664724199,27723100000.0,10241500000.0,12466400000.0,6324600000.0,17487800000.0,2174400000.0,11343700000.0,36977300000.0,38702700000.0,9.278401884399347,1.9710969863706795,0.24848952678452266,0.6726456085534346,0.08081535822932186,9.278401884399347,0.1317092222818923,6.43228903926105,6.853232263325673,3.610535566079188,0.3978797538735266,0.4708885209713024,0.014514310130809983,0.20736137012094608,1.3992347342124403,0.04865617481450487,27.241270075143657,0.8218901664724199,0.07964601769911513,6.31326563613074,0.5558157191610708,-0.010001246918972327,0.08292459316983727,0.08076275939427931,0.042527054694355075,1.0033624519630306,0.22343532700473803,-0.12684390948303156,Drug Manufacturers—General,Healthcare,LLY
2010Q1,2010,Q1,2010-04-30,2010-03-31,1248100000.0,5485500000.0,1709500000.0,1.13,4363000000.0,0.7953696107920882,27197800000.0,10459600000.0,12252400000.0,5657600000.0,16735500000.0,2471100000.0,11077200000.0,39965148000.0,41921348000.0,9.479427224941091,2.1656532805429864,0.24565957540683436,0.638781597766645,0.07288620264736041,9.479427224941091,0.11932578683697273,7.285598031173093,8.005197500200305,3.820905961987074,0.43201666533130356,0.45425114321557203,0.01349175536645079,0.20168910720720057,1.5003358314479638,0.04588974108199928,51.04757695746583,0.7953696107920882,0.3620734105309153,0.6634413415545097,0.5397873090086684,-0.1146208645639115,-0.031068866730329343,0.36344767314835047,0.2825418260934804,1.4066810912108643,0.2732314288184206,-0.11045116561798374,Drug Manufacturers—General,Healthcare,LLY
2009Q4,2009,Q4,2010-02-22,2009-12-31,915400000.0,5934200000.0,1332900000.0,0.8296175457676274,4502900000.0,0.7588048936672172,27460900000.0,9523700000.0,12486500000.0,6568100000.0,17935600000.0,2849900000.0,9830400000.0,39402414000.0,41601614000.0,8.631230741344934,1.9010825048339703,0.24260311934423126,0.6995285445782626,0.06628838759222631,8.631230741344934,0.09611810535821162,6.639886421084561,10.760982630544024,4.137301048962063,0.5895783264146821,0.5022281483560826,0.013697130333182124,0.21609634061520197,1.2681597417822505,0.0333346685651235,23.568856322526617,0.7588048936672172,-0.03532843515392166,375.4462525404809,0.5985929021086663,-0.1437967591568954,-0.0015964169308884503,-0.028031429178169462,-0.20952437433281937,5.787064307658415,0.37114913432424335,-0.14924094479481528,Drug Manufacturers—General,Healthcare,LLY
2009Q3,2009,Q3,2009-10-30,2009-09-30,941800000.0,5562000000.0,1686200000.0,0.86,4510100000.0,0.8108773822366055,27127900000.0,9904600000.0,11810000000.0,6067500000.0,17222900000.0,3128200000.0,9992700000.0,36257031000.0,39801031000.0,9.0230481916735,1.946435929130614,0.27249436926559006,0.7463400844052258,0.08584622818892486,9.0230481916735,0.09508713123195282,6.518703883495146,9.624397695901465,3.660625466954748,0.5697600339774899,0.3362636660060098,0.01479988805481618,0.20502877111755793,1.2215904408735063,0.03471702564518448,32.046164928407286,0.8108773822366055,-0.1886792452830189,0.22567966803928827,0.6664199583860132,-0.13929443030767563,0.03790214939936484,-0.18705222270176952,0.13031237431291057,0.07246970939236583,0.4319293854568489,-0.24523975079416135,Drug Manufacturers—General,Healthcare,LLY
2009Q2,2009,Q2,2009-07-31,2009-06-30,1158500000.0,5292800000.0,1491800000.0,1.06,4345400000.0,0.821002116082225,26931500000.0,8563100000.0,10935300000.0,6989300000.0,18371500000.0,2999700000.0,9049500000.0,38006453760.0,42407053760.0,7.804616181059877,1.5645772824174096,0.2867608562464029,0.9018813280237298,0.07230276672570733,7.804616181059877,0.13528978991253168,7.180784038694075,8.201651652999569,4.4383989162803195,0.4652567975830816,0.31583158315831583,0.014181801948785659,0.1965282290254906,0.9758201822786259,0.04301654196758443,50.91968617363344,0.821002116082225,-0.11666666666666659,0.7309588255409483,0.46075390141779327,-0.1994936741774377,0.027135630879780645,-0.1177366537202041,-0.14953537426600536,0.38932221463666716,0.34927757284429195,-0.29234115346859185,Drug Manufacturers—General,Healthcare,LLY
2009Q1,2009,Q1,2009-05-01,2009-03-31,1313100000.0,5047000000.0,1754100000.0,1.2,4230600000.0,0.8382405389340202,26596800000.0,7721000000.0,10260400000.0,7357700000.0,18872000000.0,2549000000.0,8967900000.0,36657452000.0,41817952000.0,7.0370032810791106,1.3945118719164957,0.31859471816158336,1.0974744204118638,0.08448791670804845,7.0370032810791106,0.17006864395803653,7.263216168020606,6.979181326631634,4.74775961662997,0.40880359454725457,0.3202824637112593,0.014643680089930965,0.18975967033628105,0.9062886499857292,0.04937060097455333,-530.4985817655572,0.8382405389340202,1.362770705901802,2.234523257735247,0.474082024897945,-0.2787632064541683,-0.015017112523573375,1.3617953380724086,0.16227140206732044,0.5542514355446045,0.34250365010101985,-0.3476075121488352,Drug Manufacturers—General,Healthcare,LLY
2008Q4,2008,Q4,2009-02-27,2008-12-31,-3629400000.0,5210500000.0,1509200000.0,-3.3078745898651114,4295100000.0,0.824316284425679,29212600000.0,6735300000.0,12453300000.0,13109700000.0,22477300000.0,2493200000.0,7654900000.0,44184244000.0,49149544000.0,6.138625592417061,0.9499302043525023,0.3581331343324456,1.5533086870666488,0.09543619203672192,6.138625592417061,-0.5388624114738765,8.479847231551675,-3.043495068055326,6.560100366724571,-0.14195183776932827,0.3671586715867159,0.011660265138858096,0.17836481518248976,0.7020297947321449,-0.12424090974442535,20.992134169517293,0.824316284425679,-6.692731604337468,-5.790761131950338,0.48292792274670604,-0.3197005219975239,0.05939373011370643,-6.795103092783505,0.03932236071895875,-6.118828957780992,0.3272549110109532,-0.3833127799417231,Drug Manufacturers—General,Healthcare,LLY
2008Q3,2008,Q3,2008-11-03,2008-09-30,-465600000.0,5209500000.0,1452100000.0,-0.43,4054300000.0,0.7782512717151359,27707100000.0,13741600000.0,12945800000.0,6509800000.0,13965500000.0,2111600000.0,12336300000.0,47675274432.94,47933774432.94,12.690910649104966,1.9886632461826783,0.1664591386323361,0.3356304942655877,0.15823512425287545,12.690910649104966,-0.03388251731967165,9.151602732112487,-25.59883721699957,3.4694121814737735,-1.1174828178694158,0.54707330933889,0.010913413843728442,0.1880203991034789,1.4405665304617654,-0.01680435700596598,24.95173205261946,0.7782512717151359,-1.4886363636363638,-1.651515151063896,0.6588319151887533,0.448250889770081,0.026535004430940624,-1.4856070087609512,0.11880730410663379,-1.5890410956688041,0.4538939184253789,0.21322396446025785,Drug Manufacturers—General,Healthcare,LLY
2008Q2,2008,Q2,2008-08-06,2008-06-30,958800000.0,5150400000.0,1297900000.0,0.88,3949500000.0,0.7668336439888164,27752000000.0,14738000000.0,12677100000.0,5258800000.0,13014000000.0,2546400000.0,12800400000.0,50293418202.799995,52038918202.799995,13.526741754890805,2.4106450140716515,0.16625108100317093,0.31305468856018454,0.05330802135305217,13.526741754890805,0.065056317003664,9.764953829372475,13.113636369107216,3.4124995387976655,0.5294117647058824,0.47160697455230915,0.010092771939922356,0.18558662438743154,1.6443295048299993,0.03454886134332661,61.74759754794352,0.7668336439888164,-0.09278350515463915,0.3749999994263663,0.6555481194540012,0.6844184709313322,0.06850093336579823,-0.09912618622568825,0.0230156853472058,4.826086955229199,0.4121294341515991,0.4432935366927025,Drug Manufacturers—General,Healthcare,LLY
2008Q1,2008,Q1,2008-05-06,2008-03-31,1064300000.0,4807600000.0,1268700000.0,0.97,3696300000.0,0.768845161827107,27220200000.0,14910200000.0,12494200000.0,4164300000.0,12310000000.0,2594400000.0,13033800000.0,56605398977.05,58181298977.05,13.589113969709324,3.000312177316716,0.1734483949419916,0.31664900537886814,0.06511517886614986,13.589113969709324,0.07138066558463334,11.774149050888179,13.296391754451284,3.7964211732270527,0.48257070374894295,0.42834566759173603,0.009073339456687392,0.17661883454199453,2.114304925197512,0.0390996392385067,37.2796357857284,0.768845161827107,0.2456694758309925,1.552631579591098,0.6241986414254121,0.667658495325764,-0.05629595588235294,0.2456694756554307,0.05077025012423389,0.42647058787932574,0.3571051376314863,0.2692241516647629,Drug Manufacturers—General,Healthcare,LLY
2007Q4,2007,Q4,2008-02-29,2007-12-31,854400000.0,5189600000.0,1207400000.0,0.7786977354911165,3916800000.0,0.7547402497302297,26787800000.0,13664400000.0,12256900000.0,5268300000.0,13123400000.0,2523700000.0,11967200000.0,58580388668.05,60367088668.05,12.453695384883911,2.3265379724009643,0.18692091175833775,0.36644126342905653,0.05250386878143527,12.453695384883911,0.06252744357600773,11.288035430100587,17.14079724603523,4.287080930597026,0.5428370786516854,0.504338867535761,0.007917325414622225,0.1937299815587693,1.6202570089023025,0.03189511643360037,31.444116300617285,0.7547402497302297,-0.08388501706927463,0.13272614305337524,0.7139837963208827,0.6121837193127738,0.10888398165449295,-0.07762064126093059,-0.0020662864699561947,352.4636960174391,0.405886425725091,0.23538515752261163,Drug Manufacturers—General,Healthcare,LLY
2007Q3,2007,Q3,2007-11-05,2007-09-30,926300000.0,4586800000.0,1209900000.0,0.85,3532200000.0,0.7700793581581931,24973500000.0,12946900000.0,10453700000.0,4071600000.0,12026600000.0,2498000000.0,12090100000.0,63522384712.74,66001184712.74,11.88045449510089,2.567467334708714,0.1991831341221695,0.3842078026400142,0.05306905086367462,11.88045449510089,0.07154608439085805,13.84895454625011,17.144117648909642,4.906377952462751,0.5001619345784303,0.422177742193755,0.0072934919256436685,0.18366668668788916,1.5975292268395718,0.037091316795803554,52.307629045405136,0.7700793581581931,0.39344262295081966,0.32812499985662036,0.6146222816954271,0.5366918139108172,-0.027504749318576032,0.3958710066305003,-0.0343974461292897,0.2142857143154143,0.3842489525628936,0.13327260779187045,Drug Manufacturers—General,Healthcare,LLY
2007Q2,2007,Q2,2007-08-06,2007-06-30,663600000.0,4631000000.0,1253000000.0,0.61,3632100000.0,0.7843014467717555,24055600000.0,11560000000.0,9561300000.0,4545200000.0,12495600000.0,2330000000.0,11163100000.0,60790111449.76,63607811449.76,10.626280896587339,2.1036038018129015,0.20943979780175925,0.4358304498269896,0.05405766617331333,10.626280896587339,0.05740484429065744,13.126778546698338,22.901639334599157,5.258660160013841,0.6986136226642555,0.42871244635193134,0.007626240336524836,0.19251234639751244,1.2801636891665933,0.02758609221969105,177.5930804842536,0.7843014467717555,0.29787234042553196,6.801035146646226e-10,0.655883948952359,0.48074162974745277,0.0994369778423538,0.30450167092588953,0.10630407911001236,5.132790368066825e-10,0.28904855379261996,0.08991971934876537,Drug Manufacturers—General,Healthcare,LLY
2007Q1,2007,Q1,2007-05-03,2007-03-31,508700000.0,4226100000.0,1132600000.0,0.47,3303600000.0,0.7817136366863066,23733300000.0,11533900000.0,9246000000.0,4152300000.0,12199400000.0,2277800000.0,11427200000.0,58132504280.46,60999304280.46,10.65644387193942,2.226717722707897,0.2257671710213076,0.4645609897779589,0.047411556984975185,10.65644387193942,0.04410476941884358,13.75559127338681,28.569148948525655,5.040142907469286,0.9099665814822095,0.4049960488190359,0.0079628429177374,0.17806626132901873,1.461960840979698,0.02143401886800403,89.10561661627835,0.7817136366863066,2.8450491324263036,-0.1896551729187946,0.6539031471501596,0.5012732170978824,0.023959334221864054,2.8450491307634165,0.07101654846335698,0.2702702695305601,0.2512671241209988,0.09220062884781115,Drug Manufacturers—General,Healthcare,LLY
