Quarters,Year,Quarter,FillingDate,Date,NetIncome,Revenue,OperatingIncome,EPSDiluted,GrossProfit,GrossProfitRatio,TotalAssets,CommonStockEquity,CurrentAssets,CurrentLiability,TotalLiability,Inventory,RetainedEarnings,MarketCap,EnterpriseValue,bookValuePerShare,currentRatio,debtToAssets,debtToEquity,roic,shareholdersEquityPerShare,roe,priceToSalesRatio,peRatio,pbRatio,payoutRatio,inventoryTurnover,dividendYield,assetTurnover,quickRatio,returnOnAssets,priceToFreeCashFlowsRatio,grossProfitMargin,epsdilutedGrowth,fiveYNetIncomeGrowthPerShare,fiveYRevenueGrowthPerShare,fiveYShareholdersEquityGrowthPerShare,grossProfitGrowth,netIncomeGrowth,operatingIncomeGrowth,threeYNetIncomeGrowthPerShare,threeYRevenueGrowthPerShare,threeYShareholdersEquityGrowthPerShare,Industry,Sector,Symbol
2023Q1,2023,Q1,2023-05-05,2023-03-31,5386000.0,22952000.0,10110000.0,0.26,18828000.0,0.8203206692,771143000.0,313716000.0,26509000.0,10814000.0,456442000.0,2783000.0,-36344000.0,470386020.0,881130020.0,15.29277566539924,2.4513593489920473,0.5417412853387763,1.3316502824210432,0.013503164827243369,15.29277566539924,0.017168394343928903,20.494336876960613,21.83373653917564,1.4994007956240676,1.760675826216116,1.4818541142651815,0.020160037919494292,0.029763610640309256,81.91658960606621,0.006984437387099409,31.972948613376836,0.8203206692227257,-0.4693877551020408,-0.17451478209802967,0.05366462980544076,-0.05842104705224091,-0.19583137573143125,-0.39367330856692556,-0.2539846517119244,-0.35046293392947175,0.01991482398750246,0.035669566392879354,REIT—Diversified,Real Estate,OLP
2022Q4,2022,Q4,2023-03-14,2022-12-31,8883000.0,27715000.0,13552000.0,0.49,23413000.0,0.8447771965,783255000.0,315965000.0,22797000.0,21068000.0,466318000.0,-23764000.0,-32102000.0,452399200.0,871911200.0,15.518909626719058,1.082067590658819,0.5441778220375229,1.3489785261025746,0.018366869744841856,15.518909626719058,0.0281138733720507,16.323261771603825,12.73216255769447,1.4318016235975501,1.0649555330406395,-0.18103012960781012,0.020910735474333288,0.03538438950278006,1.082067590658819,0.01134113411341134,48.24562226724965,0.8447771964640086,0.4000000000000001,0.8618091008692523,0.22781873596070965,-0.061627866485217814,0.33765640175969835,0.23306496390893947,0.15169541939321832,0.7315807155198119,0.1576183009114624,0.018891622297427118,REIT—Diversified,Real Estate,OLP
2022Q3,2022,Q3,2022-11-04,2022-09-30,7204000.0,21473000.0,11767000.0,0.35,17503000.0,0.8151166581,767347000.0,314292000.0,44066000.0,38776000.0,452096000.0,0.0,-31450000.0,427546800.0,829673800.0,15.451917404129793,1.1364245925314627,0.539138095281535,1.3163109465083425,0.015723743705362732,15.451917404129793,0.02292135975462309,19.910902063055932,14.83713214880622,1.360348974838685,1.3132981676846196,0.0,0.022128571655781307,0.02798342861834346,0.6927996698989065,0.00938819074030393,38.758661952678814,0.815116658128813,-0.573170731707317,-0.10271340760900023,-0.007020177287106816,-0.05763433812418884,-0.023433576968141495,-0.5703465139858055,-0.26538893744537395,0.3280672875305043,-0.007543979737429296,0.01974493081973222,REIT—Diversified,Real Estate,OLP
2022Q2,2022,Q2,2022-08-04,2022-06-30,16767000.0,21472000.0,16018000.0,0.82,17923000.0,0.8347149776,780653000.0,315160000.0,52152000.0,54205000.0,464551000.0,0.0,-29150000.0,529056720.0,938300720.0,15.476330779807503,0.9621252651969375,0.5468088894809858,1.3544485340779286,0.028155390563888383,15.476330779807503,0.05320154841985023,24.63937779433681,7.888362855609233,1.6786924736641706,0.5668276972624798,0.0,0.017964047408754208,0.027505178357093357,0.5986532607693017,0.021478172760496662,35.3694825511432,0.8347149776453056,0.673469387755102,0.47168607161927284,0.02068100003175795,-0.054222756178187566,0.0030219933963848006,0.6530612244897959,0.25052697322195333,2.8090631943186533,-0.0319013207653904,0.003491149505689303,REIT—Diversified,Real Estate,OLP
2022Q1,2022,Q1,2022-05-06,2022-03-31,10143000.0,21556000.0,12809000.0,0.49,17869000.0,0.8289571349,750129000.0,308918000.0,42166000.0,32096000.0,440279000.0,0.0,-36423000.0,627469410.0,1018853410.0,15.158643701849943,1.3137462612163509,0.5370089677908733,1.3039900556134638,0.019579525026518097,15.158643701849943,0.03283395593652685,29.108805437001298,15.465577491866311,2.0311843596035195,0.9289164941338854,0.0,0.015015871451008266,0.028736390674137382,0.7978564307078764,0.013521674272025212,71.05304155814744,0.828957134904435,0.5312499999999999,2.083768400332033,0.01646916739820244,-0.06581393999563132,0.018989507299270073,0.5587828492392808,2.774837189968131,1.3681411268054353,-0.05529505866199048,-0.025510235951233112,REIT—Diversified,Real Estate,OLP
2021Q4,2021,Q4,2022-03-11,2021-12-31,6507000.0,21066000.0,-7217000.0,0.32,17536000.0,0.8324314061,752953000.0,305332000.0,45110000.0,39924000.0,446675000.0,0.0,-36187000.0,708634080.0,1100298080.0,15.201234690829434,1.1298968039274622,0.5416380570898848,1.3356870554019886,-0.010360164403240476,15.201234690829434,0.021311228433311936,33.63875818855027,27.225836791147998,2.3208641085768935,1.4442907637928384,0.0,0.013262133822296551,0.02797784191045125,0.7638012223224125,0.008641973669007229,59.047919340054996,0.8324314060571537,0.07069813500577651,0.23597513626559383,-0.07387887148718314,-0.12145704454223426,0.017346405987120728,0.07393959399240799,-1.7756878761822872,39.1166733047894,-0.03891080391809064,-0.04975017539473278,REIT—Diversified,Real Estate,OLP
2021Q3,2021,Q3,2021-11-05,2021-09-30,6059000.0,20436000.0,9304000.0,0.2988704187836038,17237000.0,0.8434625171266392,751973000.0,304172000.0,43341000.0,32720000.0,446874000.0,0.0,-33264000.0,613306350.0,1005948350.0,15.121650509569973,1.3246026894865526,0.5404209991582145,1.3360269847323225,0.013094008337156642,15.121650509569973,0.01991965072393251,30.011076042278333,25.305592919623695,2.0163142892836947,1.5398580623865323,0.0,0.01521262579459678,0.02717650766716358,0.8621638141809291,0.00805747014852927,64.975776035597,0.8434625171266392,-0.7413820933608551,0.18027847205851777,-0.05034034988014865,-0.06547920243566407,0.011857939536248899,-0.7402803377770157,-0.6787736500483359,-0.44648558558075235,-0.03201035537737724,-0.0787693694470763,REIT—Diversified,Real Estate,OLP
2021Q2,2021,Q2,2021-08-05,2021-06-30,23329000.0,20422000.0,28964000.0,1.155644721850696,17035000.0,0.8341494466751542,753310000.0,303765000.0,50031000.0,29344000.0,448349000.0,0.0,-29907000.0,568169070.0,960768070.0,15.178384050367262,1.7049822791712104,0.5423796312275159,1.3450529191974059,0.040660073419480726,15.178384050367262,0.07679949961318783,27.821421506218783,6.088656500492949,1.870423090217767,0.39988855073085,0.0,0.016419408398982364,0.027109689238162243,1.0302958015267176,0.030968658321275436,36.26302463620117,0.8341494466751542,6.8269374628787345,0.5534131212750456,-0.01828931023071543,-0.047962964697946316,-0.005545826036193812,6.87609723160027,2.783176593521421,3.7791577825531406,-0.043263084948610864,-0.06389956497105549,REIT—Diversified,Real Estate,OLP
2021Q1,2021,Q1,2021-05-06,2021-03-31,2962000.0,20816000.0,7656000.0,0.14764966851104133,17130000.0,0.8229246733282091,768166000.0,287241000.0,45589000.0,44662000.0,479727000.0,0.0,-43906000.0,445466810.0,873565810.0,14.359896015597661,1.0207558998701356,0.5719388777946434,1.5295309513614004,0.010382720419214543,14.359896015597661,0.010311898371054272,21.400211856264413,37.59848160027009,1.5508468846717565,3.12660364618501,0.0,0.02078942761190222,0.02709830947998219,0.5963906676816981,0.0038559373885332076,38.89520736924823,0.8229246733282091,-0.1723101369056009,-0.26172838601134085,0.04344544108887831,-0.07877027424481127,0.1272703342984996,-0.1707726763717805,-0.11337579617834395,-0.5344318929839553,-0.01998130197538039,-0.11585861516316448,REIT—Diversified,Real Estate,OLP
2020Q4,2020,Q4,2021-03-12,2020-12-31,3572000.0,18732000.0,8635000.0,0.17838767284045098,15196000.0,0.8112321161648516,776137000.0,290767000.0,48810000.0,43284000.0,484177000.0,0.0,-37539000.0,392789970.0,822313970.0,14.85703336569414,1.1276684225117826,0.5697821389780412,1.520905054562588,0.011626081040621064,14.85703336569414,0.012284750332740648,20.96892857142857,27.49089935610302,1.350875340048905,1.9319708846584547,0.0,0.017569185893417796,0.0241349143256925,0.650194067091766,0.004602280267530088,41.57827564306129,0.8112321161648516,-0.7441355389772591,-0.43846153035983426,-0.17348848949463141,-0.08911234425420417,5.4033613445378155,-0.7397449908925319,-0.5269011615165461,-0.2211538207997941,-0.13668700307018336,-0.10164912146510438,REIT—Diversified,Real Estate,OLP
2020Q3,2020,Q3,2020-11-05,2020-09-30,13725000.0,21071000.0,18252000.0,0.6971959768363304,-3451000.0,0.0,786730000.0,292304000.0,47465000.0,48181000.0,493212000.0,0.0,-31850000.0,321310400.0,756877400.0,14.883095723014257,0.9851393702911936,0.5716827882500986,1.5386720674366412,0.024206671821349137,14.883095723014257,0.04695454047840604,15.248939300460348,5.852648451730419,1.0992336745306255,0.33056466302367943,0.0,0.014120302361828313,0.02678301323198556,0.6374089371328947,0.017445629377295897,42.50137566137566,-0.16377960229699587,4.953943751397821,1.9543416932450424,0.06660070618032961,-0.06688214787213931,-0.04417549167927383,5.009194395796848,1.2182790471560525,0.7704321703398687,0.009118834107204616,-0.09232505035065257,REIT—Diversified,Real Estate,OLP
2020Q2,2020,Q2,2020-08-07,2020-06-30,2284000.0,20861000.0,8228000.0,0.11709817995385799,-3305000.0,0.0,799590000.0,281718000.0,54623000.0,59940000.0,516666000.0,0.0,-36377000.0,342620900.0,798820900.0,14.487940344561585,0.9112946279612947,0.593768056128766,1.6852703767597386,0.010702699608989851,14.487940344561585,0.008107398178320164,16.423992138440152,37.50228765323993,1.2161839144108648,3.957092819614711,0.0,0.026379009570052497,0.026089620930726996,0.5764431097764431,0.0028564639377681063,42.466646008924144,-0.15842960548391735,-0.7101124280058722,-0.4933163343622013,0.07968650322719573,-0.10626762226458059,0.011071214841412328,-0.7081523128034756,-0.3699364423003293,-0.790052331666233,0.03850309679105415,-0.11462448802062065,REIT—Diversified,Real Estate,OLP
2020Q1,2020,Q1,2020-05-08,2020-03-31,7826000.0,21239000.0,13059000.0,0.4039434293382884,-3342000.0,0.0,805751000.0,285886000.0,47121000.0,58683000.0,518656000.0,0.0,-29592000.0,269698730.0,725958730.0,14.766076132431175,0.8029753080108379,0.5927637694523494,1.6706659297762045,0.016825529349010878,14.766076132431175,0.027374547896714074,12.69827816752201,8.61547182468694,0.9433785844707331,1.1455405060056223,0.0,0.0332407942744113,0.026359259870605188,0.6243886645195372,0.009712677986127228,26.83302457466919,-0.15735204105654693,0.6026500761625052,-0.18827769222588378,0.12920906615052483,-0.09043138860163896,-1.1766571519188074,0.6270270270270271,0.2189862783534024,1.5044378359799793,0.054180999007505976,-0.09000681359131156,REIT—Diversified,Real Estate,OLP
2019Q4,2019,Q4,2020-03-16,2019-12-31,4810000.0,22448000.0,10713000.0,0.2520471781996967,18918000.0,0.8427476835352815,774629000.0,290763000.0,36965000.0,34384000.0,482645000.0,0.0,-28382000.0,519057100.0,954694100.0,15.231168150864328,1.0750639832480224,0.5766257137287656,1.5362030244563443,0.015815725140692526,15.231168150864328,0.016542682528382223,23.12264344262295,26.978019750519753,1.7851552639090944,1.8592515592515593,0.0,0.017229318315846176,0.028979033834261304,0.7582305723592369,0.00620942412432274,61.92520878072059,0.8427476835352815,-0.0525330868730042,-0.6614588936921746,0.20216698100290548,-0.06777411186308761,0.13132400430570507,-0.06017975771785854,0.021355705977690913,-0.038694263625208544,0.03836704445884022,-0.11972706464382528,REIT—Diversified,Real Estate,OLP
2019Q3,2019,Q3,2019-11-08,2019-09-30,5118000.0,20414000.0,10489000.0,0.26602214252300016,16722000.0,0.8191437248946801,785141000.0,290796000.0,36403000.0,45506000.0,493173000.0,0.0,-24225000.0,528328230.0,971282230.0,15.152727841175551,0.799960444776513,0.5781063528716498,1.560870851043343,0.013851564161042097,15.152727841175551,0.01759996698716626,25.880681395120995,25.807357854630716,1.816834585069946,1.743454474404064,0.0,0.016889122127734874,0.026000425401297347,0.5525205467410891,0.0065185743707181255,55.386123283363034,0.8191437248946801,0.2375334543585773,0.5929998198105745,0.09615723308822985,-0.04618946395200228,5.762745656508117,0.2446498054474708,0.07535370104572484,0.04497583207236555,-0.0056881079381301755,-0.06355861759607685,REIT—Diversified,Real Estate,OLP
2019Q2,2019,Q2,2019-08-07,2019-06-30,4112000.0,20719000.0,9754000.0,0.21496157666370433,-3511000.0,0.0,797662000.0,293382000.0,41424000.0,56354000.0,503051000.0,0.0,-20401000.0,550906080.0,999670080.0,15.422488566472165,0.7350676083330376,0.584389127224313,1.588867074326305,0.012633520405453888,15.422488566472165,0.014015856460178198,26.589414547034124,33.49380350194553,1.8777773687547294,2.14761673151751,0.0,0.016029955596060946,0.025974660946616487,0.5638463995457288,0.005155065679448187,54.031588858375834,-0.16945798542400695,0.028145360255284895,-0.2770772948173445,0.07893462546111661,-0.04218189919991103,-0.050882969170906914,0.03550742885922941,0.05826190734512314,-0.7119438581625009,0.04782130854805852,-0.03265194482618789,REIT—Diversified,Real Estate,OLP
2019Q1,2019,Q1,2019-05-09,2019-03-31,3971000.0,21155000.0,9217000.0,0.20907702837887643,-3341000.0,0.0,776696000.0,293905000.0,38170000.0,28753000.0,481312000.0,0.0,-15591000.0,542068860.0,974017860.0,15.555467344130411,1.327513650749487,0.5726088456744981,1.5132202582467125,0.012252901373250203,15.555467344130411,0.013511168574879637,25.62367572677854,34.126722488038276,1.8443676017760842,2.1969277260135986,0.0,0.016093896262552327,0.027237168724958027,0.9315201891976489,0.0051126824394615135,66.79838077634011,-0.15792956747813755,3.0410138122390737,-0.013929255116206012,0.19383529806551136,-0.0369591773144063,-1.2003117692907248,25.473333333333333,0.46697437529842434,0.04785750254997303,0.12268189830572415,-0.002070843698193055,REIT—Diversified,Real Estate,OLP
2018Q4,2018,Q4,2019-03-18,2018-12-31,150000.0,20270000.0,6283000.0,0.05173875618678708,16679000.0,0.8228416378885052,780912000.0,297146000.0,38055000.0,49506000.0,482317000.0,0.0,-10730000.0,449886500.0,883168500.0,15.997092866756393,0.7686947036722821,0.5743105497162292,1.5093119207393,-0.001732744834390631,15.997092866756393,0.000504802353052035,22.194696595954614,749.8108333333333,1.5140250920422955,57.96666666666667,0.0,0.019327096945562935,0.025956829962915155,0.5842928129923646,0.00019208310283360994,34.56145809326266,0.8228416378885052,-0.9046246738470629,-0.9934997843699409,0.17165200725863808,-0.07287910437912973,-0.013135317436838058,-0.9852173056075687,-0.5046515294859666,-0.9751547416288622,-0.05767068834216218,-0.019215070634882286,REIT—Diversified,Real Estate,OLP
2018Q3,2018,Q3,2018-11-08,2018-09-30,10147000.0,19570000.0,12684000.0,0.5424752739909116,16901000.0,0.8636177823198774,742437000.0,306067000.0,42137000.0,16645000.0,434931000.0,0.0,-2155000.0,503069080.0,888874080.0,16.41461975758876,2.5315109642535294,0.5427773669685104,1.3166332861759027,0.017510799292610096,16.41461975758876,0.03315287175683756,25.7061359223301,12.394527446535923,1.6436567156864346,0.852665812555435,0.0,0.0171984332648709,0.026359138889899075,1.8371883448483028,0.013667152903209296,46.45143859649123,0.8636177823198774,1.232951686808284,-0.540064259223086,0.23613004036020485,0.031073075319677238,-0.015093240093240094,1.2464024795218065,0.4434960737453056,1.3006038081156603,0.04343007183544744,0.029139032413256497,REIT—Diversified,Real Estate,OLP
2018Q2,2018,Q2,2018-08-06,2018-06-30,4517000.0,19752000.0,8787000.0,0.24294089173344807,17160000.0,0.8687727825030377,751902000.0,300276000.0,36116000.0,41988000.0,450204000.0,0.0,-3608000.0,489086790.0,887592790.0,16.21448242345699,0.8601505191959607,0.5471870004335672,1.3701761046503884,0.012064685497113922,16.21448242345699,0.01504282726558233,24.761380619684083,27.069226809829534,1.6287908124525439,1.8997121983617444,0.0,0.01754494330137193,0.026269380850163983,0.6559493188530057,0.006007431819572232,55.22036694140228,0.8687727825030377,-0.2345970948189401,-0.5319771644572194,0.29486525817818704,-0.03491725170493689,0.022036926742108397,-0.22799521449324903,0.024603544776119403,0.05215884539093232,0.07340605824010325,0.0002393428894188792,REIT—Diversified,Real Estate,OLP
2018Q1,2018,Q1,2018-05-07,2018-03-31,5851000.0,19534000.0,8576000.0,0.31740262558316157,16790000.0,0.8595269786014129,750358000.0,298781000.0,36373000.0,43770000.0,450109000.0,0.0,527000.0,406551600.0,802742600.0,16.241628614916287,0.8310029700708248,0.545920747163354,1.3710242619175919,0.011821236874098865,16.241628614916287,0.01958290520481557,20.812511518378212,17.37103059306102,1.36070098165546,1.4515467441462997,0.0,0.020890337167532975,0.0260329069590782,0.6354123829106694,0.007797611273552091,40.89233554616777,0.8595269786014129,0.27981669833331874,0.35262347517261156,0.2873598260548906,0.005278195110028237,-0.003265063817156426,0.39143876337693223,-0.02111631092341057,-0.3612923468264818,0.09303950552147268,0.00046047803256167423,REIT—Diversified,Real Estate,OLP
2017Q4,2017,Q4,2018-03-14,2017-12-31,4205000.0,19894000.0,8761000.0,0.24800631683936383,16845000.0,0.84673770986227,742586000.0,296760000.0,34964000.0,33376000.0,444084000.0,0.0,3257000.0,465108480.00000006,853275480.0,16.538118591172537,1.0475790987535953,0.5412612141893329,1.354404232376331,0.012423911310066331,16.538118591172537,0.014169699420407062,23.37933447270534,27.652109393579074,1.5672883137889204,1.9148632580261593,0.0,0.017312090289129965,0.0267901630248887,0.8356603547459253,0.005662643788059565,32.27006730035385,0.84673770986227,-0.36893649512472076,1.15056674196865,0.5711986844905826,0.006188374695717915,0.028953637529778267,-0.40816326530612246,0.05401828681424447,-0.6851389055839939,0.13343318292951892,0.012217982170626432,REIT—Diversified,Real Estate,OLP
2017Q3,2017,Q3,2017-11-08,2017-09-30,7105000.0,19137000.0,8312000.0,0.39299740029868907,16371000.0,0.8554632387521555,737582000.0,295145000.0,35327000.0,25641000.0,440724000.0,0.0,7544000.0,438480000.0,826345000.0,16.396944444444443,1.3777543777543777,0.5460965696017528,1.3647224245709735,0.011610138477999124,16.396944444444443,0.024072913313794915,22.91268223859539,15.428571428571429,1.485642650222772,1.1166783954961295,0.0,0.01809432585294654,0.025945589778492425,1.121836121836122,0.009632827265307451,44.18824952131412,0.8554632387521555,-0.2930618364863734,-0.6904000730120802,0.3021808146766169,0.003372814791276859,0.025430629502035704,-0.28750501403931006,0.08540088796030296,1.3577873197625105,0.0955790039726959,0.03212956333883917,REIT—Diversified,Real Estate,OLP
2017Q2,2017,Q2,2017-08-08,2017-06-30,9972000.0,18413000.0,7658000.0,0.5559148177054298,15965000.0,0.8670504534839516,751639000.0,291665000.0,46094000.0,44550000.0,458264000.0,0.0,8492000.0,417616320.0,824236320.0,16.363610861759426,1.0346576879910214,0.5601146294963406,1.4434505340030515,0.010474641601205856,16.363610861759426,0.03418990965662661,22.68051485363602,10.469723225030084,1.431835564774656,0.7934215804251905,0.0,0.018945619749726257,0.02449713226695262,0.6298092031425365,0.013267007167004373,39.85649169688872,0.8670504534839516,2.466463601503492,0.3989678401373819,0.2687388558518673,0.07155022622071279,0.01746223950035052,2.480628272251309,0.058465791292328956,0.8710907996966508,0.02335125848026527,0.016266772401138017,REIT—Diversified,Real Estate,OLP
2017Q1,2017,Q1,2017-05-09,2017-03-31,2865000.0,18472000.0,7235000.0,0.16036943744752308,15691000.0,0.8494478129060199,723934000.0,288038000.0,34562000.0,22615000.0,434109000.0,0.0,6454000.0,414663360.0,798220360.0,16.226578784293842,1.5282776917974796,0.54811350205958,1.377589068109069,0.010281749787543664,16.226578784293842,0.009946604267492484,22.44821134690342,36.18353926701571,1.439613384345121,2.724607329842932,0.0,0.01882490895747336,0.025516138211494416,1.192925049745744,0.003957543090944754,42.56013137637278,0.8494478129060199,-0.4202736489490317,-0.28444448546185835,0.27732861930472874,0.06393175873231513,-0.013640935378425948,-0.34812286689419797,-0.18359286842699166,-0.24275938340649894,0.10954876094574054,0.0045894113040241885,REIT—Diversified,Real Estate,OLP
2016Q4,2016,Q4,2017-03-10,2016-12-31,4395000.0,18989000.0,8862000.0,0.27662954626229114,15908000.0,0.8377040547656661,733445000.0,290133000.0,38754000.0,27340000.0,441518000.0,0.0,11501000.0,421212160.0,807754160.0,17.302779103053435,1.4174835405998536,0.5507734049587903,1.3923338606776892,0.012536738877085505,17.302779103053435,0.015148225124339528,22.181903207119912,23.959736063708764,1.4517899032512676,1.6484641638225257,0.0,0.017200358128312346,0.02589014854556238,1.1418068763716167,0.0059922693589839725,44.32878972847821,0.8377481699931539,0.0914608894396329,1.4788628980121747,0.3305812172293832,0.09396272946487604,0.020135949724252918,0.022330774598743892,0.07980991836237358,-0.7890191969155161,0.2158907199884448,0.0027927069229826025,REIT—Diversified,Real Estate,OLP
2016Q3,2016,Q3,2016-11-08,2016-09-30,4299000.0,18021000.0,8207000.0,0.2534488857446056,15594000.0,0.8653237889129349,739327000.0,272572000.0,37850000.0,48508000.0,465005000.0,0.0,14912000.0,406975200.0,808426200.0,16.181181359453845,0.7802836645501773,0.566861483484304,1.537560717902059,0.011534963998037918,16.181181359453845,0.015771979513669782,22.58338604960879,23.66685275645499,1.4930924673113892,1.648755524540591,0.0,0.01741629465382657,0.024374870659396992,0.6384101591490063,0.005814747736793057,39.63529411764706,0.8653237889129349,-0.6600716897729693,-0.7278678242178082,0.07067644964018191,-0.17420300366064445,0.057005354843082764,-0.6544489992765855,0.07901656586905074,-0.7843042398438371,0.2599893849597712,0.016409802541068413,REIT—Diversified,Real Estate,OLP
2016Q2,2016,Q2,2016-08-05,2016-06-30,12441000.0,17233000.0,7606000.0,0.7455951096727795,14753000.0,0.8560900597690477,681790000.0,264320000.0,54521000.0,49645000.0,415738000.0,0.0,17857000.0,395409150.0,736629150.0,15.94306049822064,1.0982173431362674,0.5526291086698251,1.4254577784503633,0.011606171443569074,15.94306049822064,0.04706794794188862,22.944881912609528,7.9456866409452624,1.4959486607142858,0.5623342175066313,0.0,0.01769306552465971,0.025276111412605055,0.9721824957196092,0.0182475542322416,65.40012404895799,0.8560900597690477,2.741585437801186,-0.06020534303470685,0.30178292126701217,0.01927042635182169,0.06228398617511521,2.784910252509887,0.08378455400398974,0.43989705395364104,0.2619251327575589,-0.05107223036621595,REIT—Diversified,Real Estate,OLP
2016Q1,2016,Q1,2016-05-10,2016-03-31,3287000.0,16344000.0,7018000.0,0.19927250682024855,13888000.0,0.8497307880567793,647338000.0,255452000.0,30414000.0,53981000.0,390052000.0,0.0,12506000.0,367255080.0,707865080.0,15.58774713204784,0.5634204627554139,0.5424476857530378,1.3746104943394453,0.011302783499675477,15.58774713204784,0.012867388002442729,22.47033039647577,27.932391238211135,1.4376676635923775,2.0994828110739276,0.0,0.018790754371593717,0.02524801571976309,0.44476760341601673,0.0050777182862739405,65.71033816425121,0.8497307880567793,-0.36941512623834416,-0.7676888489450905,0.15512426310965702,-0.06591159507395655,-0.12895132965378825,-0.3667886727027548,-0.2685773840541949,-0.14700993657430494,0.20910653392950262,-0.035193903624588095,REIT—Diversified,Real Estate,OLP
2015Q4,2015,Q4,2016-03-15,2015-12-31,5191000.0,18495000.0,9595000.0,0.31601218981279944,15944000.0,0.8620708299540416,650378000.0,260495000.0,43879000.0,39003000.0,387952000.0,0.0,16215000.0,342737660.0,682679660.0,16.310500281760692,1.125016024408379,0.5422661898157687,1.3538762740167758,0.020854192087796642,16.310500281760692,0.01992744582429605,18.531368477967018,16.506340782122905,1.315716846772491,1.2479291080716626,0.0,0.01890075342172786,0.028437308765056627,0.6746404122759788,0.007981512289776099,32.33374150943396,0.8620708299540416,0.3443031749322731,-0.8910591682148797,0.2454866600967536,0.043625152667308445,0.09761806416081509,0.3703801478352693,0.2504887267040271,1.2088340123376622,0.6411583236758076,-0.007660050415971509,REIT—Diversified,Real Estate,OLP
2015Q3,2015,Q3,2015-11-09,2015-09-30,3788000.0,16108000.0,7673000.0,0.23507508998386495,14526000.0,0.9017879314626273,655396000.0,255421000.0,33367000.0,57469000.0,397897000.0,0.0,17925000.0,341578620.0,689033620.0,15.949856375671288,0.5806086759818336,0.5513475822250975,1.414727058464261,0.012148530950808978,15.949856375671288,0.014830417232725579,21.205526446486218,22.54346752903907,1.3373161173122021,1.6948257655755017,0.0,0.0187950873506076,0.024577507339074392,0.48031112425829575,0.005779711807823057,38.535494133574005,0.9017879314626273,0.020425085065755973,-0.04576582278980941,0.08050073980925379,0.0174819754469093,0.012053229290043894,0.028788701792504073,-0.03094215711038141,-0.814467746934097,0.23200292095163014,-0.023985697981906827,REIT—Diversified,Real Estate,OLP
2015Q2,2015,Q2,2015-08-06,2015-06-30,3682000.0,15782000.0,7918000.0,0.23036976787837077,14353000.0,0.909453808135851,624557000.0,257473000.0,36242000.0,48064000.0,365009000.0,0.0,20613000.0,337990240.0,653372240.0,16.210602531007996,0.7540362849533955,0.532415776302243,1.2914907582542636,0.013094789206639016,16.210602531007996,0.014300528599115247,21.4161855278165,22.948821292775666,1.3127211008532933,1.7330255296034764,0.0,0.01887924337696852,0.02526911074569655,0.6343625166444741,0.005895378644383139,41.63979795490945,0.909453808135851,-0.5344513193944738,0.106726377653683,0.0693638762297259,0.030545750582184332,0.050193897709811953,-0.5313136456211812,0.06039908932636936,-0.4203285875792822,0.2203442637126733,0.0615306704627901,REIT—Diversified,Real Estate,OLP
2015Q1,2015,Q1,2015-05-11,2015-03-31,7856000.0,15326000.0,7467000.0,0.4948349710254472,13667000.0,0.8917525773195877,624688000.0,256110000.0,41919000.0,46657000.0,366493000.0,0.0,23352000.0,385249920.0,695154920.0,16.234153144016226,0.8984503932957542,0.5331589529493123,1.3004490258092225,0.012358572383795986,16.234153144016226,0.03067431962828472,25.137016834138066,12.259735234215887,1.5042361485299287,0.8044806517311609,0.0,0.016404935269032632,0.024533847296570446,0.7720813597102257,0.012575877878236816,60.81293133385951,0.8917525773195877,-0.32398674321408694,1.3438192522661332,0.09571069354813777,0.019325301690341603,0.02605105105105105,-0.3217646550979884,0.03092641170785586,1.2077307561838433,0.1924590408664347,0.06442838848821332,REIT—Diversified,Real Estate,OLP
2014Q4,2014,Q4,2015-03-12,2014-12-31,11583000.0,15223000.0,7243000.0,0.7319900402221797,13320000.0,0.8749917887407213,590439000.0,254276000.0,49252000.0,32023000.0,334535000.0,0.0,21876000.0,368376210.0,653331210.0,16.33849514875024,1.5380195484495518,0.5170711961777592,1.2006599128506033,0.012775657335563592,16.33849514875024,0.045552863817269425,24.198660579386456,7.950794483294484,1.4487258333464426,0.515928515928516,0.0,0.016222545967341375,0.025782510979118926,1.0354745027011836,0.01961760656054224,43.833437648738695,0.8749917887407213,3.3058237660128214,-0.1293608875272435,0.058986677146709125,-0.0339019373482257,-0.04461339836465356,3.420992366412214,0.03397573162027123,2.3597570345788164,0.14928434051174583,0.032996181816900276,REIT—Diversified,Real Estate,OLP
2014Q3,2014,Q3,2014-11-06,2014-09-30,2620000.0,15187000.0,7005000.0,0.17,13942000.0,0.9180219924935801,590737000.0,248624000.0,62045000.0,37867000.0,340789000.0,0.0,16614000.0,316599500.0,617342500.0,15.886517571884983,1.63849790054665,0.5332356023069488,1.2669814659888023,0.01222948484277125,15.886517571884983,0.0105380011583757,20.84674392572595,30.209875954198477,1.2734068311989188,2.269847328244275,0.0,0.018783984181908058,0.02570856404796043,0.7051258351599018,0.004435137802440003,46.18519328956966,0.9180219924935801,-0.4333333333333333,-0.4562025410505981,0.13058293801130788,0.024836025657526527,-0.04657047117554537,-0.4353448275862069,-0.1910151287677561,-0.8214867677414589,-0.028801439891492406,-0.18924099534362976,REIT—Diversified,Real Estate,OLP
2014Q2,2014,Q2,2014-08-07,2014-06-30,4640000.0,15665000.0,8659000.0,0.3,14623000.0,0.9334822853495053,598215000.0,249866000.0,38852000.0,53429000.0,347016000.0,0.0,19970000.0,331154120.0,634039120.0,16.10168836190231,0.7271706376686818,0.5369691498875823,1.2855810714542995,0.014921515139504706,16.10168836190231,0.01856995349507336,21.13974593041813,17.842355603448276,1.325326855194384,1.2655172413793103,0.0,0.017731924941776354,0.026186237389567296,0.6118400119785136,0.0077564086490643,35.61179911818475,0.9334822853495053,0.41668194317140234,-0.25870610874168853,-0.09774881001129483,0.04055863292609395,13.035390946502057,0.41765963947448825,0.1801826359547499,-0.6255289520384907,0.2642433117062596,0.029411809824846653,REIT—Diversified,Real Estate,OLP
2014Q1,2014,Q1,2014-05-08,2014-03-31,3273000.0,14402000.0,7337000.0,0.21176242236024845,-1215000.0,0.0,567380000.0,248037000.0,34756000.0,26234000.0,318243000.0,0.0,21278000.0,327389920.0,608974920.0,16.152448554311018,1.324845620187543,0.524785857802531,1.2004378379032161,0.01327012675078134,16.152448554311018,0.013195611944992077,22.73225385363144,25.00686831652918,1.3199237210577455,1.7739077299113963,0.0,0.017734205133743887,0.025383340970777962,1.1529694289852863,0.0057686206775000885,45.18839475500345,-0.08436328287737814,-0.6149774138904573,-0.1408463654950035,-0.06080819078988363,0.03895947141956146,0.9652231158943241,-0.817385482341126,1.8817449825742099,-0.7531323347519101,0.08627806749251181,-0.03207212832402456,REIT—Diversified,Real Estate,OLP
2013Q4,2013,Q4,2014-03-17,2013-12-31,17923000.0,13437000.0,-8321000.0,0.55,-34937000.0,-0.9305862610872866,571898000.0,248932000.0,41241000.0,36846000.0,321808000.0,0.0,23877000.0,290415510.0,575079510.0,17.254592084286408,1.1192802475166912,0.5268334563156367,1.21035061783941,-0.014961810615937394,17.254592084286408,0.07199958221522343,21.61312123241795,4.05087750376611,1.1666459515048286,0.3039111755844446,0.0,0.01875588531755759,0.02349544848906623,0.8243499972860012,0.031339504596973586,39.62553008595989,-2.600059537099055,-0.5338983050847457,2.0460211178879284,-0.13409760378647295,0.07152621554681202,-42.1320987654321,-0.02666449440642989,-2.3451341739411573,-0.5836041037851951,0.0017126073415348224,0.10403273885549219,REIT—Diversified,Real Estate,OLP
2013Q3,2013,Q3,2013-11-12,2013-09-30,18414000.0,13214000.0,6186000.0,1.18,-810000.0,0.0,569629000.0,247762000.0,37298000.0,37501000.0,320722000.0,0.0,26203000.0,315617640.0,597019640.0,15.919938315234852,0.9945868110183729,0.5271940157541136,1.212070454710569,0.011156338426967102,15.919938315234852,0.07432132449689621,23.885094596639927,4.285022808732486,1.273874282577635,0.2951015531660693,0.0,0.017217035144170015,0.023197554899768096,0.860857043812165,0.03232630361164898,49.50864941176471,-0.06129862267292266,1.269230769230769,3.6235742168624214,-0.14001226333427733,-0.05385209708540368,0.1509433962264151,1.3802998965873836,-0.03764779091474798,3.7730902108533635,-0.08793822029525737,0.015573426146061796,REIT—Diversified,Real Estate,OLP
2013Q2,2013,Q2,2013-08-08,2013-06-30,7736000.0,12227000.0,6428000.0,0.52,-954000.0,0.0,495815000.0,249396000.0,59496000.0,11512000.0,245250000.0,0.0,28440000.0,329833680.0,516755680.0,16.801131770412287,5.1681723419041,0.45955245404031747,0.9136193042390415,0.013304797426800847,16.801131770412287,0.031018941763300133,26.975846896213298,10.659051189245087,1.3225299523649137,0.6866597724922441,0.0,0.016105086660646663,0.02466040761171001,4.688498957609451,0.015602593709347237,50.70463950807071,-0.07802404514598839,1.226504347826087,0.6406857234316788,-0.13097373813686145,0.0074921400932032875,0.04695304695304695,1.24231884057971,-0.00015554518587649713,1.488023786970431,-0.11352810189448304,0.06808706942573377,REIT—Diversified,Real Estate,OLP
2013Q1,2013,Q1,2013-05-08,2013-03-31,3450000.0,12102000.0,6429000.0,0.23354995938261575,-1001000.0,0.0,486512000.0,237046000.0,33335000.0,15636000.0,248065000.0,0.0,26139000.0,314861120.0,528378120.0,16.15635223555071,2.1319391148631364,0.4725515506297892,0.9698623895783941,0.013592684602780274,16.15635223555071,0.014554137171688195,26.017279788464716,22.816023188405797,1.3282701247859066,1.5223188405797101,0.0,0.016680370062839133,0.024875028776268623,1.8697237145049885,0.0070912947676521855,48.232401960784316,-0.08271360105767642,-0.3024668614421434,-0.14100064237820426,-0.10898708581584106,-0.04217279801384722,0.9726689419795221,1.1536474570232476,0.6104709418837675,0.10674945508155875,-0.06968117970508997,0.014440264953908837,REIT—Diversified,Real Estate,OLP
2012Q4,2012,Q4,2013-03-15,2012-12-31,-22454000.0,10180000.0,3992000.0,0.33482274385626776,-36625000.0,-1.04225953329539,481166000.0,237128000.0,30947000.0,11836000.0,243107000.0,0.0,28001000.0,292723830.0,504117830.0,16.436403964788244,2.614650219668807,0.46963210201884587,0.9529494618939982,-0.03879334031078265,16.436403964788244,-0.09469147464660436,28.75479666011788,-3.259150151420682,1.2344549357309131,-0.2196045248062706,0.0,0.01684522917044369,0.02115693960088618,2.2985806015545793,-0.04666580764226899,12.292606139503633,-3.5977406679764243,-0.7355638555500325,-1.6453855534864177,-0.20995197153218165,-0.033525356247975945,-43.9938574938575,-2.219398283914413,-0.3918342474101158,-2.820656940638524,-0.2360669264768955,-0.02811257201012847,REIT—Diversified,Real Estate,OLP
2012Q3,2012,Q3,2012-11-09,2012-09-30,18414000.0,11792000.0,6564000.0,1.2661761672282197,-814000.0,0.0,469058000.0,236025000.0,33611000.0,17167000.0,232555000.0,0.0,28319000.0,271095110.0,477399110.0,16.34182649034134,1.9578843129259627,0.47273045124483537,0.9394682766656075,0.014189180425675412,16.34182649034134,0.07801715919923737,22.98974813432836,3.6805570489844683,1.1485864209299863,0.26501574888671664,0.0,0.01800106243155769,0.025139748176131738,1.9578843129259627,0.03925740526757885,59.3595598861397,-0.06902985074626866,2.1881214868052457,3.9821149025153955,-0.10931024822634818,-0.0389124283258149,0.07394766780432309,2.202434782608696,0.005977011494252874,3.141340618856161,-0.04879344314210539,0.054207911618426516,REIT—Diversified,Real Estate,OLP
2012Q2,2012,Q2,2012-08-08,2012-06-30,5750000.0,11707000.0,6525000.0,0.397154303080536,-879000.0,0.0,471961000.0,219566000.0,49523000.0,30238000.0,251923000.0,0.0,14836000.0,270737740.0,496669740.0,15.270969536792322,1.6377736622792514,0.5112392761266291,1.0989178652432525,0.014007977570061355,15.270969536792322,0.026188025468424074,23.126141624669,11.77120608695652,1.2330585791971433,0.8453913043478261,0.0,0.017954644963794113,0.024805015668667538,1.6377736622792514,0.012183210053373054,-543.6500803212851,-0.07508328350559494,0.7730850968122348,0.588136177418678,-0.15089365367224103,-0.14566992509669013,-0.09057071960297766,0.7840521253490537,0.013828464885021752,-0.008534621018488358,-0.27225379243208,-0.013125901613009137,REIT—Diversified,Real Estate,OLP
2012Q1,2012,Q1,2012-05-09,2012-03-31,3223000.0,11641000.0,6436000.0,0.22399054833553408,-806000.0,0.0,474201000.0,217929000.0,33400000.0,37555000.0,255872000.0,0.0,13966000.0,261488700.0,489708700.0,15.251522149905522,0.8893622686726135,0.5175379216829994,1.1261328230754053,0.013740070152067308,15.251522149905522,0.014789220342405096,22.462735160209604,20.2830204778157,1.1998802362237242,1.4908470369221223,0.0,0.01837555504310511,0.024548661854361335,0.8893622686726135,0.006796695915866901,-43.53791208791209,-0.06923803796924663,0.1199527416776702,-0.282960338702518,-0.1506681004284265,-0.15362883068076189,-1.0791593007267728,1.4266613714588297,-0.012580546179809757,-0.09079587156695386,-0.18417305268968767,-0.018990010218579326,REIT—Diversified,Real Estate,OLP
2011Q4,2011,Q4,2012-03-14,2011-12-31,-7554000.0,11746000.0,6518000.0,0.20000000000000004,10182000.0,0.8836240562353553,460736000.0,218285000.0,28487000.0,35940000.0,241789000.0,0.0,15605000.0,227716500.0,446063500.0,15.816607492210709,0.7926265998887034,0.5014042748992915,1.058318253659207,-0.035118403980646286,15.816607492210709,-0.03460613418237625,19.38672739656053,-7.536288721207307,1.0432072748929153,-0.6333068572941488,0.0,0.02100857864932932,0.025493992221141824,0.7926265998887034,-0.016395506320322266,-345.025,0.8668482887791589,-0.7860309573858206,-1.222521252194712,-0.05148112210865324,-0.12796819428094622,15.60832137733142,-1.721765717561628,0.07398253419014665,0.5391366163228754,-0.20873474363024766,-0.0177739649752605,REIT—Diversified,Real Estate,OLP
2011Q3,2011,Q3,2011-11-08,2011-09-30,10466000.0,11151000.0,6069000.0,0.9347146557113513,-697000.0,0.0,451902000.0,218676000.0,23535000.0,35430000.0,233226000.0,0.0,17325000.0,163605600.0,378245600.0,19.594623655913978,0.6642675698560542,0.4936247239445721,1.0200936545391355,0.013576573755089258,19.594623655913978,0.04786076204064461,14.67183212267958,3.9080259889164917,0.7481644076167481,0.45499713357538696,0.0,0.029106583148743075,0.02467570402432386,0.6642675698560542,0.023159888648423773,-11.579418217849813,-0.06250560487848623,0.17893286973361247,0.6249440178992729,0.1525230749068579,0.2261601233568256,-0.12057877813504823,-0.06894404412418824,-0.02787121576165305,2.664709446716727,0.012047495542227173,0.1645404469125455,REIT—Diversified,Real Estate,OLP
2011Q2,2011,Q2,2011-08-08,2011-06-30,11241000.0,11241000.0,6243000.0,0.7928480744815912,-622000.0,0.0,437346000.0,220203000.0,26646000.0,13585000.0,217143000.0,0.0,19343000.0,217364320.0,413975320.0,15.641639437420087,1.961428045638572,0.47572859932410494,0.9448463463258902,0.014396568621798937,15.641639437420087,0.05104835083990681,19.33674228271506,4.834185570678765,0.987108804148899,0.42149274975535983,0.0,0.021797505680785145,0.025702761657817836,1.961428045638572,0.025702761657817836,47.962118270079436,-0.05533315541321947,2.7754670213409107,1.4839929148770492,-0.07394237511241047,-0.003231319662560784,-0.10088495575221239,-0.007417218543046358,-0.06021375884389583,1.5137603434154419,-0.15758145005920668,-0.06203766468132982,REIT—Diversified,Real Estate,OLP
2011Q1,2011,Q1,2011-05-09,2011-03-31,11325000.0,11325000.0,6643000.0,0.21,-565000.0,0.0,451620000.0,218892000.0,26400000.0,19374000.0,232728000.0,0.0,18963000.0,197804360.0,409434360.0,16.687657238697874,1.362650975534221,0.4945617997431469,1.0203844818449281,0.014790060402579967,16.687657238697874,0.05173784331999342,17.466168653421633,4.366542163355408,0.903661897191309,0.33607064017660043,0.0,0.0192412341163764,0.025076391656702536,1.362650975534221,0.025076391656702536,74.78425708884689,-0.04988962472406181,0.4999999999999989,1.7825131322482524,0.12636014187791855,0.060210752641906694,-1.060215282958542,-0.6689177337309244,0.22158881941890402,2.154036787357056,-0.06734749605604823,-0.010674451286427921,REIT—Diversified,Real Estate,OLP
2010Q4,2010,Q4,2011-03-16,2010-12-31,34206000.0,10660000.0,5438000.0,0.1400000000000001,9383000.0,0.898840885142255,444623000.0,179183000.0,24088000.0,45150000.0,265440000.0,0.0,20969000.0,191465500.0,440223500.0,15.628696031399913,0.5335105204872647,0.5768707421793294,1.4314415988123874,0.009575007615929663,15.628696031399913,0.1908998063432357,17.961116322701688,1.3993561071157106,1.0685472394144533,0.10071332514763492,0.0,0.017992797658063723,0.023975367895947803,0.5335105204872647,0.076932592331031,-21.44070548712206,0.8802063789868668,-0.43340829234012607,7.282116540772338,0.21235754538042856,-0.011341948206249078,-0.07474608026821812,11.018973998594518,-0.12978076492238758,6.071069040525829,0.04103395047434529,-0.0810192751641522,REIT—Diversified,Real Estate,OLP
2010Q3,2010,Q3,2010-11-05,2010-09-30,2846000.0,10688000.0,6249000.0,0.24709150894252474,10141000.0,0.9488211077844312,416915000.0,179974000.0,25239000.0,35863000.0,236941000.0,0.0,23135000.0,182662710.0,403740710.0,15.675812211479837,0.7037615369600981,0.5489800079152825,1.2717281385088957,0.015104235905492779,15.675812211479837,0.015813395268205407,17.090448166167665,16.04556482782853,1.014939435696267,1.2073085031623332,0.0,0.018810626427254912,0.02563592099108931,0.7037615369600981,0.006826331506422172,-46.60952028578719,0.9488211077844312,0.17963278529334545,0.41248742043648046,0.2904905121751434,-0.0032393061346369222,0.023103309120258275,0.18632763651521467,0.06857045143638851,-0.0313247785786581,0.015577625648399868,-0.0780817369921172,REIT—Diversified,Real Estate,OLP
2010Q2,2010,Q2,2010-08-06,2010-06-30,2399000.0,10642000.0,5848000.0,0.2094647690561425,9912000.0,0.9314038714527344,425435000.0,180157000.0,34724000.0,34476000.0,245278000.0,0.0,23734000.0,170764230.0,390084230.0,15.730114380511656,1.007193409908342,0.5589620035963191,1.3199709142581193,0.013826856919930488,15.730114380511656,0.013316163124385952,16.04625352377373,17.7953553563985,0.947863419128871,1.4322634431012922,0.0,0.020121309948810708,0.025014397028923337,1.007193409908342,0.005638934267279373,-30.874024588681973,0.9314038714527344,-0.002548718780273761,-0.8448134613956563,0.2746233007515157,-0.008505485123647256,0.00690776107273466,-0.009087154068566708,0.02416812609457093,-0.16817999492120345,-0.03101078869761141,-0.11998319657685821,REIT—Diversified,Real Estate,OLP
2010Q1,2010,Q1,2010-05-07,2010-03-31,2421000.0,10103000.0,5710000.0,0.21,9844000.0,0.9743640502820944,427163000.0,181481000.0,45048000.0,33776000.0,245682000.0,0.0,24771000.0,189840700.0,403405700.0,15.926371215445371,1.3337280909521554,0.5592853313606282,1.3164243088808194,0.013431786051172517,15.926371215445371,0.013340239474104728,18.790527566069485,19.603541924824455,1.0460637752712405,0.1020239570425444,0.0,0.0013010908619700621,0.0236513930279542,1.3337280909521554,0.0056676257072827,-124.48570491803278,0.9743640502820944,-0.7548426385415722,-0.23574681217335564,0.21869392371525537,0.07042052790859778,0.21756338899196043,-0.7341021416803953,0.22584800343495062,-0.32459360416997346,-0.07567434697497491,-0.116178615082544,REIT—Diversified,Real Estate,OLP
2009Q4,2009,Q4,2010-03-12,2009-12-31,9105000.0,9838000.0,4658000.0,0.8565926748057713,8085000.0,0.985254691689008,408686000.0,180128000.0,47975000.0,33213000.0,228558000.0,0.0,25786000.0,93515780.0,287824780.0,16.911839263918882,1.4444645169060308,0.5440484871025677,1.2343722241961272,-0.0017974000843744983,16.911839263918882,0.05054738852371647,9.5055682049197,2.567704008786381,0.5191629285841179,0.012520593080724876,0.0,0.001219045598507546,0.024072270642987528,1.4444645169060308,0.02227871764631037,20.07207125992702,0.8218133767025818,3.2829633740288564,1.0743262875879753,0.0784269544717616,0.12595128740651465,-0.13278987450391505,1.6468023255813953,-0.16418446079310964,-0.6524681309622256,0.02939717426612693,-0.06758375722426964,REIT—Diversified,Real Estate,OLP
2009Q3,2009,Q3,2009-11-06,2009-09-30,3440000.0,9591000.0,5573000.0,0.2,9323000.0,0.9720571368991763,420862000.0,173214000.0,30040000.0,31358000.0,247648000.0,0.0,19138000.0,100566000.0,333217000.0,15.501521388938608,0.9579692582435104,0.5780754736707044,1.40456314154745,0.013223960211849123,15.501521388938608,0.01985982657290981,10.485455114169534,7.308575581395349,0.5805881741660605,0.07877906976744187,0.0,0.0026947477278603106,0.02278894269380462,0.9579692582435104,0.008173700642966103,19.09722749715154,0.9720571368991763,-0.5348837209302325,0.20100161059591187,0.3183987908413172,0.04436150803885485,-0.22842009434743027,-0.2257483682196714,-0.31986819624115204,-0.4665771159821288,-0.009954322492902602,-0.02997129660396893,REIT—Diversified,Real Estate,OLP
2009Q2,2009,Q2,2009-08-06,2009-06-30,4443000.0,12324000.0,8194000.0,0.43,12083000.0,0.9804446608244076,432324000.0,170447000.0,31300000.0,31705000.0,261877000.0,0.0,18099000.0,63336250.0,302289250.0,15.474080798910576,0.9872259895915471,0.5948594109973075,1.5088091899534752,0.018939140041927753,15.474080798910576,0.026066753888305455,5.139260791950665,3.5638223047490434,0.37158911567818736,0.07089804186360567,0.0,0.004973455169827706,0.02850639797929331,0.9872259895915471,0.01027701446137619,9.763565592723909,0.9804446608244076,0.8695652173913042,0.7654450165475714,0.754795691345824,0.038585559058305706,0.17117379083066783,0.6747078778741048,0.2973400886637112,0.2548105966231966,0.2976011242871018,-0.01390904968277224,REIT—Diversified,Real Estate,OLP
2009Q1,2009,Q1,2009-05-07,2009-03-31,2653000.0,10679000.0,6316000.0,0.23,10317000.0,0.9661016949152542,429973000.0,166257000.0,28818000.0,32054000.0,263716000.0,0.0,15988000.0,37642880.0,280420880.0,15.54675518982607,0.8990453609533912,0.6015773083426169,1.555796146929152,0.01468663019037277,15.54675518982607,0.01595722285377458,3.524944283172582,3.5471993969091593,0.22641380513301695,0.843950245005654,0.0,0.059480039784416065,0.024836443218527675,0.8990453609533912,0.0061701548701895235,8.002312925170068,0.9661016949152542,1.6579107781420213,0.0647127232013622,0.7029177721027918,0.02907362723513983,1.3585154811133893,1.2193649743674548,3.6441176470588235,-0.20047766442140227,0.30275871895514567,-0.012273755076772447,REIT—Diversified,Real Estate,OLP
2008Q4,2008,Q4,2009-03-13,2008-12-31,-12094000.0,10953000.0,1360000.0,-0.3495914759893941,-28777000.0,-2.545060581940391,429105000.0,163975000.0,23432000.0,34382000.0,265130000.0,0.0,15564000.0,89610400.0,336411400.0,16.10281842286163,0.6815193996858822,0.6006641731044849,1.571873761244092,0.010697975846335929,16.10281842286163,-0.07375514560146364,8.181356705925317,-1.8523730775591203,0.5464881841744169,-0.3027947742682322,0.0,0.04086579236338639,0.025525221099730835,0.6815193996858822,-0.02818424394961606,21.15948051948052,-2.6273167168812197,-2.3983659039575764,-4.471933637527927,0.23437444716359712,-0.3018056039413077,-4.049703264094956,-5.689414501744863,-0.7655980696311616,-4.296911774127153,0.4025066140523061,0.018650632039253906,REIT—Diversified,Real Estate,OLP
2008Q3,2008,Q3,2008-11-07,2008-09-30,2579000.0,9950000.0,5802000.0,0.25,9436000.0,0.986100950987564,439792000.0,169573000.0,26426000.0,42099000.0,270219000.0,0.0,21404000.0,178078260.00000003,433749260.0,16.826056757293113,0.6277108719922089,0.596009022446975,1.5457649507881561,0.013268082965537744,16.826056757293113,0.015208789135062776,17.897312562814072,17.26233617681272,1.0501569235668415,1.4238076773943389,0.0,0.02062014756882732,0.022624331502164658,0.44214826955509634,0.005864135773274639,-3.6039476240589337,0.9483417085427136,-0.21875000000000003,-0.32178916204648805,0.11444678098369808,0.06473716738138778,-0.011730205278592375,-0.20548367221195318,0.17663759886432773,0.45816408761228633,0.3686323921198528,0.06990003338616078,REIT—Diversified,Real Estate,OLP
2008Q2,2008,Q2,2008-08-08,2008-06-30,3246000.0,9686000.0,4931000.0,0.32,9548000.0,0.9857526326657031,403878000.0,170414000.0,42760000.0,7447000.0,233464000.0,0.0,22602000.0,166671890.0,369430890.0,16.67619140816127,5.741909493755875,0.5596170130583988,1.3262818782494397,0.012261929332892357,16.67619140816127,0.019047730820237772,17.207504645880654,12.836713647566235,0.9780410647012568,1.1293900184842884,0.0,0.0219953106669637,0.023982489761759738,4.696119242648046,0.008037080504508787,54.46793790849673,0.9857526326657031,0.3333333333333334,-0.10101164965346557,0.17534094109245363,0.05750913077407739,0.030433844161450466,0.16804605973371717,-0.12072039942938659,-0.7646668134238259,0.3002112667622283,0.05112727792397932,REIT—Diversified,Real Estate,OLP
2008Q1,2008,Q1,2008-05-09,2008-03-31,2779000.0,9398000.0,5608000.0,0.24,9266000.0,0.9859544583954033,407922000.0,171241000.0,41530000.0,0.0,236681000.0,0.0,23023000.0,163650240.0,362321240.0,16.867710795902287,0.0,0.5479993724290428,1.3054175109932784,0.014205308246069984,16.867710795902287,0.01622859011568491,17.413304958501808,14.7220439006837,0.9556720645172593,1.309823677581864,0.0,0.022242558275502682,0.023038718186319935,0.0,0.006812576914213992,105.9224854368932,0.9859544583954033,0.03563010516752234,-0.29809193256137284,0.1234729102991973,0.06443051376864573,1.3254311101745513,1.4691087103308575,0.20888122440181073,-0.015323129561766425,0.2724550625054324,0.13368850006767644,REIT—Diversified,Real Estate,OLP
2007Q4,2007,Q4,2008-03-13,2007-12-31,-5924000.0,8993000.0,4639000.0,0.23174297348296752,-28473000.0,-3.417306769083053,406634000.0,171239000.0,43683000.0,0.0,235395000.0,0.0,23913000.0,184967530.0,381265530.0,17.006554772072697,0.0,0.5460315664700935,1.2966380322239677,-0.029952249736847597,17.006554772072697,-0.034594922885557614,20.56794506838652,-7.80585457461175,1.0801717482582824,-1.7467927076299798,0.0,0.055944954230615504,0.022115710934157005,0.0,-0.014568383361942189,42.1146470856102,-3.166129211609029,0.05337715219530689,-2.4850124947490326,0.16115405561305776,-0.11529253705613203,-4.126839446518779,-3.297014346645987,-0.15531682447195921,-2.427631805000473,0.042779664291425136,0.13225722768177942,REIT—Diversified,Real Estate,OLP
2007Q3,2007,Q3,2007-11-08,2007-09-30,2579000.0,9238000.0,5492000.0,0.22,9106000.0,0.9857111928988959,418137000.0,171361000.0,51921000.0,0.0,246776000.0,0.0,25217000.0,197226460.0,389319460.0,17.003472911291922,0.0,0.5430708117196038,1.3251439942577365,0.01378379124533492,17.003472911291922,0.015050098913988598,21.34947607707296,19.118501357115164,1.1509413460472337,1.4036448235750292,0.0,0.018354535187621375,0.022093237383919623,0.0,0.006167834944049438,41.45154686843212,0.9857111928988959,-0.12,-0.0622995997710009,0.22227293932759107,0.07234112221585352,-0.042078687144961074,0.018562401263823063,-0.056033001031282226,-0.0016776307665356718,0.40797575351520793,0.1455503086429975,REIT—Diversified,Real Estate,OLP
2007Q2,2007,Q2,2007-08-09,2007-06-30,2532000.0,9642000.0,5818000.0,0.25,9506000.0,0.9858950425222983,418677000.0,179731000.0,44064000.0,0.0,238946000.0,0.0,0.0,228851800.00000003,196199800.00000003,17.874788662357037,0.0,0.0,0.0,0.03237059828298958,17.874788662357037,0.01408771998152795,23.734889027172787,22.595951816745657,1.2733017676416423,1.4265402843601895,0.0,0.015783140005890272,0.023029686369205854,0.0,0.006047621436095128,53.11018797864934,0.9858950425222983,-0.16666666666666663,-0.2164700777224887,-0.03169355047605018,-0.17242265942822313,0.006458443620963473,-0.19516846789574063,0.03412726626377533,0.10215838999863645,0.50398818117007,0.19971568051073815,REIT—Diversified,Real Estate,OLP
2007Q1,2007,Q1,2007-05-09,2007-03-31,3146000.0,9593000.0,5626000.0,0.3,9445000.0,0.9845720838111123,420593000.0,180217000.0,51665000.0,0.0,240376000.0,0.0,34075000.0,228122810.0,422183810.0,18.01989801019898,0.0,0.5391268994015592,1.2582220323276938,0.013824114799616679,18.01989801019898,0.017456732716669348,23.78013238819973,18.128004609027336,1.265822924585361,1.1401780038143674,0.0,0.015723986566709397,0.022808273081102157,0.0,0.007479915262498425,57.00220139930035,0.9845720838111123,-0.878048780487805,-0.19493559825987344,-0.2398760123987601,0.011219842215207275,0.05992593423858153,-0.8712133617160636,0.27979981801637854,0.35005252258738495,0.6357400543131527,0.1927763434454776,REIT—Diversified,Real Estate,OLP
