Quarters,Year,Quarter,FillingDate,Date,NetIncome,Revenue,OperatingIncome,EPSDiluted,GrossProfit,GrossProfitRatio,TotalAssets,CommonStockEquity,CurrentAssets,CurrentLiability,TotalLiability,Inventory,RetainedEarnings,MarketCap,EnterpriseValue,bookValuePerShare,currentRatio,debtToAssets,debtToEquity,roic,shareholdersEquityPerShare,roe,priceToSalesRatio,peRatio,pbRatio,payoutRatio,inventoryTurnover,dividendYield,assetTurnover,quickRatio,returnOnAssets,priceToFreeCashFlowsRatio,grossProfitMargin,epsdilutedGrowth,fiveYNetIncomeGrowthPerShare,fiveYRevenueGrowthPerShare,fiveYShareholdersEquityGrowthPerShare,grossProfitGrowth,netIncomeGrowth,operatingIncomeGrowth,threeYNetIncomeGrowthPerShare,threeYRevenueGrowthPerShare,threeYShareholdersEquityGrowthPerShare,Industry,Sector,Symbol
2023Q1,2023,Q1,2023-04-10,2023-03-31,-5624000000000.0,21594000000000.0,-6178000000000.0,-4380.31,-5485994000000.0,-0.2540517736,234915028000000.0,35519351000000.0,26526346000000.0,43403465000000.0,197947314000000.0,9825152000000.0,16331355000000.0,11552413190527.342,12562977190527.342,27664.593917768394,0.6111573350192202,0.0174792223169307,0.11560267528536769,-0.11590181601835173,27664.593917768394,-0.15833622635728903,0.5349825502698593,-0.5135318808022467,0.32524280048155557,-0.0004539473684210526,2.7561908456988755,0.00022099278807767968,0.09192259934941242,0.33376862884103836,-0.023940571396734993,-1.6696844580552084,-0.25405177364082615,0.279435762460931,-19.28347819814621,0.37488472590551764,-0.49918489159847845,0.44679394251813703,0.27943625880845613,0.4263162782059616,-245.74520214108531,0.4307174384738166,-0.4733032607527912,Utilities—Regulated Electric,Utilities,KEP
2022Q4,2022,Q4,2022-12-31,2022-12-31,-7805000000000.0,19507000000000.0,-10769000000000.0,-6079.0,-9916728000000.0,-0.5083676629,234804994000000.0,40545396000000.0,29750545000000.0,44518577000000.0,192804738000000.0,9930732000000.0,21431300000000.0,13980239782842.139,14908602782842.139,31579.178222459945,0.6682725955054672,0.017730214886315408,0.10267856306052603,-0.15926027339921928,31579.178222459945,-0.19250027796004263,0.7166781044159604,-0.4477975587073075,0.34480461808394075,,2.9628961893242107,,0.08307744936634524,0.39849917035757904,-0.033240349223577416,0.0,-0.5083676628902445,-0.32642952838546113,-4.621599040618845,0.2939096501236998,-0.4343669271734129,-0.4521319263701915,-0.3264305693896533,-0.4299673838900079,-4.855380723531504,0.3606605666310393,-0.39929469930493094,Utilities—Regulated Electric,Utilities,KEP
2022Q3,2022,Q3,2022-09-30,2022-09-30,-5884213000000.0,19772958000000.0,-7530941000000.0,-4582.98,-6829082000000.0,-0.3453748296,228205427000000.0,48643720000000.0,27917227000000.0,41610119000000.0,177784071000000.0,9518666000000.0,29042757000000.0,12486401974593.328,11293687974593.328,37886.6370742424,0.6709239884654019,0.02051068224595728,0.09622308902361908,-0.09404515310341645,37886.6370742424,-0.12096552237370004,0.6314888229972131,-0.5305043331450326,0.25669093512160107,,2.7947235463456748,,0.08664543284503046,0.392987244280652,-0.02578471983490559,0.0,-0.34537482960313776,-0.21679680758702533,-4.941105907694121,0.2214783459098365,-0.3343909195095367,-0.18829612840056287,-0.21679735804889347,-0.1556996342122919,-27.411595725103126,0.24262216268750844,-0.29122289524670447,Utilities—Regulated Electric,Utilities,KEP
2022Q2,2022,Q2,2022-06-30,2022-06-30,-4835820000000.0,15528035000000.0,-6516348000000.0,-3766.43,-5746953000000.0,-0.3701017547,221222507000000.0,53820374000000.0,25854094000000.0,37118033000000.0,165798785000000.0,9466113000000.0,34796173000000.0,14629842864641.412,15989215864641.412,41918.52467159156,0.6965372868761661,0.020116058986710605,0.08268476543845645,-0.07375486319972584,41918.52467159156,-0.08985110359879699,0.9421567419600363,-0.7563268930936953,0.27182722410367144,-0.007352010620742707,2.2474893337951913,0.0024301696422131345,0.0701919312396184,0.37226231788737296,-0.021859529871433924,-1.535397953043963,-0.37010175466503004,0.18395349542624143,-15.780936894420568,0.2013452591802942,-0.24758107103839433,0.19496571397193466,0.1839551097854107,0.16316768037486443,-9.80519097478248,0.18797841691062964,-0.2133720042152561,Utilities—Regulated Electric,Utilities,KEP
2022Q1,2022,Q1,2022-03-31,2022-03-31,-5925924000000.0,16464070000000.0,-7786922000000.0,-4615.46,-7138768000000.0,-0.4335967959,216280436000000.0,58184366000000.0,24554720000000.0,36086955000000.0,156535232000000.0,7817879000000.0,39442019000000.0,14564824100958.78,25378106100958.78,45317.46252212801,0.6804320286929169,0.06578886312213648,0.24454754736005888,-0.07416478021930455,45317.46252212801,-0.10184735879050397,0.8846429893069441,-0.6144537164566563,0.25032195248047867,-0.000745031492135235,3.0190845880321246,0.0003031275880433989,0.07612371375097468,0.391229794810895,-0.027399260467553338,-2.3562891517917928,-0.4335967959319901,-0.6244755737012531,-7.835661709998582,0.08698059083719652,-0.18186571717341568,-0.5684429309019005,-0.6244741156768697,-0.6928676447729389,-6.5221363852155,0.07972414686809186,-0.15590384345242558,Utilities—Regulated Electric,Utilities,KEP
2021Q4,2021,Q4,2021-12-31,2021-12-31,-3647903000000.0,14857173000000.0,-4599841000000.0,-2841.2,-4551500000000.0,-0.30635034,211108870000000.0,63769010000000.0,22050845000000.0,31732220000000.0,145797021000000.0,7608182000000.0,45246982000000.0,13963482274456.918,22386589274456.918,49667.11712125911,0.6949039493612486,0.052382190288830593,0.1734125243594028,-0.041587838070105146,49667.11712125911,-0.05720494955151413,0.9398478616663425,-0.9569526844913995,0.2189697201580661,-0.0011625857376141855,2.5510263818610017,0.0003037207994855241,0.07037682973718726,0.3885394718680256,-0.017279723964227556,-2.4560107788567196,-0.3063503400007525,-2.49081021358581,-14.347467828746849,-0.00011198723022527257,-0.1109073259794361,-21.10646461702851,-2.490011394501364,-3.91073470333333,-3.578996058544423,0.019009445463533517,-0.08566932532116593,Utilities—Regulated Electric,Utilities,KEP
2021Q3,2021,Q3,2021-09-30,2021-09-30,-1045241000000.0,16462219000000.0,-936691000000.0,-813.90847,-205890000000.0,-0.012506819402657686,207014327000000.0,67323153000000.0,21341733000000.0,28749637000000.0,138199034000000.0,7477116000000.0,48793313000000.0,14953397638376.398,17376662638376.398,52435.296157544966,0.74233052055579,0.02178482071919592,0.06698691013476449,-0.009447730133050494,52435.296157544966,-0.015525728570674639,0.9083464166268471,-3.576543026530819,0.2221137450050267,-0.0032050024826810277,2.229216318163313,0.00022402935312858667,0.07952212408950807,0.43324087883266144,-0.005049123967154215,-12.738221005516992,-0.012506819402657686,-0.5014367810923545,-1.358774968155337,0.032534955628934006,-0.05186353676672691,-1.7955952639582882,-0.5021369977983318,-0.2247704922534189,-2.4751165002780198,0.003191681773452514,-0.04677748713939056,Utilities—Regulated Electric,Utilities,KEP
2021Q2,2021,Q2,2021-06-30,2021-06-30,-695836000000.0,13518915000000.0,-764789000000.0,-542.086407,-73648000000.0,-0.00544777447006657,206982941000000.0,68243867000000.0,21447023000000.0,30988916000000.0,137290234000000.0,6838063000000.0,49811314000000.0,15702477273408.314,17451248273408.314,53152.403261343235,0.6920869061699351,0.021626081735885663,0.06559168166715992,-0.006703961293256522,53152.403261343235,-0.010196315516528394,1.1615190474537576,-5.641586980771445,0.2300936034795378,-1.17067527405883,1.9877797265102706,0.051877037349991766,0.06531415069611944,0.4178857692214855,-0.0033618036183957786,-4.579618625610295,-0.00544777447006657,-9.093023267271397,-1.4030404288063427,0.01834148574086983,-0.0013708422984512986,-1.0621257276668181,-9.117924308180504,-2.337869349441176,0.2669383988310391,0.013627865846681998,-0.024705033936097864,Utilities—Regulated Electric,Utilities,KEP
2021Q1,2021,Q1,2021-03-31,2021-03-31,85716000000.0,15075300000000.0,571647000000.0,66.981941,1185467000000.0,0.0786363787121981,203716585000000.0,68820781000000.0,20602570000000.0,28071465000000.0,133503586000000.0,6742397000000.0,50503922000000.0,14860050412296.723,17520363412296.723,53601.738372659755,0.7339328389166722,0.022649289943673462,0.06704422607467939,0.002589905251910568,53601.738372659755,0.0012454958917132893,0.9857217045297091,43.34094688359443,0.21592388514592303,0.039140883848989685,2.060073442723708,0.00022577312370513432,0.07400133867353019,0.4473817451280152,0.0004207610293486905,7.506372521060063,0.0786363787121981,-0.8483245150830365,-0.9598604509588142,-0.03889157044669845,0.03160448307256238,0.13794089837919302,-0.8485087882081599,-0.39447445106249557,1.309142712879143,-0.040159317011973325,-0.02964198594753674,Utilities—Regulated Electric,Utilities,KEP
2020Q4,2020,Q4,2020-12-31,2020-12-31,565815000000.0,14048800000000.0,944051000000.0,441.613495,1041765000000.0,0.07415330846762713,203142111000000.0,69296680000000.0,20561941000000.0,25881222000000.0,132475265000000.0,6742909000000.0,51133601000000.0,17088617792212.914,24797309792212.914,53972.39696326497,0.7944733444193632,0.04793824358751495,0.14053019567459799,0.009553212792093993,53972.39696326497,0.008165109785923367,1.216375618715685,7.550443957924814,0.24660081539567139,0.0063112501435981724,1.928994592689891,0.0002089695049313622,0.06915749733446454,0.48417141972662653,0.0027853161376274168,-18.73102937163539,0.07415330846762713,-0.5412621366308162,-0.6359260314994779,-0.018670395059767354,0.0399524918538028,-0.650385334081494,-0.5423471356203508,-0.5952109698761473,1.4075317182790201,-0.06813564911786357,-0.033268930334761054,Utilities—Regulated Electric,Utilities,KEP
2020Q3,2020,Q3,2020-09-30,2020-09-30,1236341000000.0,15711377000000.0,2332205000000.0,962.670689,2979752000000.0,0.18965568708586142,201777406000000.0,68735772000000.0,21003738000000.0,23324547000000.0,131641796000000.0,6919912000000.0,50463657000000.0,13020886693546.123,16422704693546.123,53535.52828159262,0.9004992894395762,0.024670334001617604,0.0724210386405495,0.01913458927545163,53535.52828159262,0.01798686424879319,0.8287552831012917,2.6329480890680896,0.18943391940874865,0.01408106663129347,1.8398535992943263,0.00133700572086453,0.07786489732155641,0.5588696320661661,0.006127251928295678,6.886140863049762,0.18965568708586142,6.445783109699347,-0.8660481226990142,0.01560586310690625,0.055731361186532005,1.700586928071403,6.438337785478786,4.982927580103127,-0.1719282053480291,-0.029426614372728258,-0.05946432555482735,Utilities—Regulated Electric,Utilities,KEP
2020Q2,2020,Q2,2020-06-30,2020-06-30,166212000000.0,13072533000000.0,389810000000.0,129.290724,1103372000000.0,0.0844038412448452,201225213000000.0,67539123000000.0,20211856000000.0,23327212000000.0,132265182000000.0,7121417000000.0,49293633000000.0,12294793545237.31,15594025545237.31,52603.50650430554,0.8664497068916766,0.02507872609383199,0.07471924087613634,0.004677684888174411,52603.50650430554,0.0024609736196900276,0.9405058335088777,18.49263823496094,0.1820395794188401,0.2986126152143046,1.6807274451138026,0.004036912032510424,0.06496468710409564,0.4822944122083685,0.0008259998710996519,-5.636206897529934,0.0844038412448452,2.0740740952086947,-0.8726523407062459,-0.04383415938734148,0.2099641465088902,0.10741183838643371,6.233212933548022,-0.09463156770114782,-0.49196432392118983,0.011372369074899037,-0.05579038542790237,Utilities—Regulated Electric,Utilities,KEP
2020Q1,2020,Q1,2020-03-31,2020-03-31,22979000000.0,15093127000000.0,430554000000.0,42.058428,996352000000.0,0.06601362328694378,199094173000000.0,67437955000000.0,19741633000000.0,23095827000000.0,130272055000000.0,6870199000000.0,49183786000000.0,11984365781341.637,15740797781341.637,52524.710818047846,0.8547705609329339,0.02619324775517162,0.07732919837204434,0.0020448719736633884,52524.710818047846,0.00034074283539588354,0.7940280222475857,130.38389161127154,0.1777095076702969,1.0474781322076678,2.0518728787914293,0.0020084500455981066,0.07580898412330732,0.4916815059274561,0.00011541774253734689,11.869986590555047,0.06601362328694378,1.0417310663133652,-0.9808521577257573,-0.0020320210602334035,0.24084497186697978,1.7066937706666818,1.0172390510757245,1.2133300433592815,-0.9734933032495764,-0.003530955344526286,-0.05175038000385756,Utilities—Regulated Electric,Utilities,KEP
2019Q4,2019,Q4,2019-12-31,2019-12-31,-1332962000000.0,14336419000000.0,-2018253000000.0,-1007.844556,-1409878000000.0,-0.09834241033273372,197597792000000.0,67496318000000.0,19483001000000.0,24231656000000.0,128708143000000.0,7050700000000.0,49202133000000.0,17579446320849.852,25544327320849.85,52570.16741140797,0.8040309337504626,0.049469226862615956,0.14482286278193723,-0.016100674100711587,52570.16741140797,-0.01974866243814959,1.2262090219914648,-3.297064417599649,0.26045044888003893,-0.01363579756962314,2.233295559306168,0.0010339347251478912,0.07255353845249445,0.46211484679379733,-0.006745834487867152,-3.8585272562285136,-0.09834241033273372,-6.80269058487021,-3.9462607061943964,-0.014918572715347406,0.2592283949068354,-1.7649853799186441,-6.983069182051178,-2.628587405770835,-5.877231497641811,-0.03515874088934406,-0.05893972860544147,Utilities—Regulated Electric,Utilities,KEP
2019Q3,2019,Q3,2019-09-30,2019-09-30,222789000000.0,15912285000000.0,1239266000000.0,173.685731,1843013000000.0,0.11582327742370124,193875039000000.0,68630490000000.0,20557321000000.0,24184850000000.0,123850494000000.0,6662877000000.0,50279721000000.0,16726111077749.059,25615245077749.06,53453.528366198596,0.8500082076175788,0.05382198272568755,0.15204232113161367,0.011592920343051118,53453.528366198596,0.0032462102485353085,1.0511445136728672,18.76900461619409,0.24371254055958305,0.07593732186059456,2.111591133980111,0.0010114724170704698,0.08207495447621806,0.5190948465671691,0.0011491370995933108,16.611755751158086,0.11582327742370124,1.497767856515939,-0.8602722430493742,0.03592319210296202,0.2720418380464431,4.139238070805542,1.4978013433256023,5.149434639505255,-0.9235285294201439,-0.001957725964528028,-0.033451834043386024,Utilities—Regulated Electric,Utilities,KEP
2019Q2,2019,Q2,2019-06-30,2019-06-30,-447546000000.0,13070974000000.0,-298659000000.0,-348.929182,358616000000.0,0.027436057940288153,192690763000000.0,68419093000000.0,20116519000000.0,24004904000000.0,122899527000000.0,6752920000000.0,50107650000000.0,16440540804878.904,25591424804878.906,53288.87974521353,0.8380170568480507,0.054278683820459,0.1528667005275852,-0.001957600623936059,53288.87974521353,-0.006541244269344523,1.2577900319347972,-9.18371564312881,0.24029170928762392,-0.13008495216134208,1.8824979416311758,0.0035411852134890173,0.06783394178578243,0.4953050426696145,-0.0023226126308919124,-6.666591300254329,0.027436057940288153,0.431472080639317,-3.8067419616885783,-0.015808226655859976,0.31286183255531025,103.34474885844749,0.4319025943198637,0.5258477805296247,-1.2592265012884694,-0.015400638051183886,0.001193282515686412,Utilities—Regulated Electric,Utilities,KEP
2019Q1,2019,Q1,2019-03-31,2019-03-31,-787798000000.0,15248404000000.0,-629880000000.0,-613.741507,-3504000000.0,-0.00022979454112050023,191559920000000.0,68930969000000.0,20627940000000.0,23094990000000.0,121294274000000.0,6929042000000.0,50635382000000.0,19256233764445.523,26629016764445.523,53687.55937413613,0.8931781308413643,0.049337074268980693,0.1371082713199636,-0.007233542073589505,53687.55937413613,-0.011428796249766922,1.2628360164411647,-6.110777688076615,0.2793553324985976,-0.024661144100391216,2.20115681215383,0.0010089200327361846,0.07960122347096407,0.5531359398726737,-0.004112540869718467,-16995.793260763923,-0.00022979454112050023,-0.0194049164083874,-2.436449923507131,0.0017679840278972303,0.3195791780242346,0.994363387758385,0.011123942459769538,0.5023044533274125,-1.3689142803624528,-0.0278555238280975,0.03325617073331115,Utilities—Regulated Electric,Utilities,KEP
2018Q4,2018,Q4,2018-12-31,2018-12-31,-796660000000.0,14580015000000.0,-1265593000000.0,-602.05861,-621650000000.0,-0.04263713034588785,185249061000000.0,69743925000000.0,19745068000000.0,21841533000000.0,114156299000000.0,7188253000000.0,51519119000000.0,21205853308713.49,24561953308713.49,54320.73810572425,0.9040147502466974,0.02544922481415439,0.06759649675581063,-0.010963396995461745,54320.73810572425,-0.01142264362093186,1.454446604390564,-6.654612164760842,0.3040530527743239,-0.0367785504481209,2.114792704152177,0.0013816939867239686,0.07870493335456097,0.533618496467258,-0.004300480637793894,-6.1645908026766385,-0.04263713034588785,-2.090267983222895,-2.299278897393334,0.01440460271143891,0.3467526764905143,-1.3096528092904312,-2.1243017745299766,-1.9070953222263236,-1.5126113089006583,0.018435763906715526,0.04666440867606838,Utilities—Regulated Electric,Utilities,KEP
2018Q3,2018,Q3,2018-09-30,2018-09-30,708582000000.0,16409844000000.0,1395215000000.0,552.211584,2007571000000.0,0.12233943235535938,186775169000000.0,70626902000000.0,21900540000000.0,22583366000000.0,114837792000000.0,6516678000000.0,52348191000000.0,18731730239792.66,16107371239792.66,55008.45337799174,0.9697642060975321,0.0016098928011142638,0.0042574145472216805,0.01302552872134918,55008.45337799174,0.010032749277322117,1.1414934986458531,6.608878802944705,0.2652208961366118,0.031232800155804128,2.2100636244417786,0.001181471210437684,0.08785880954014824,0.6458958332429275,0.003793769823867754,18.86685465281613,0.12233943235535938,1.7471022120401745,-0.2726384642647764,0.11463940683843796,0.3865814750855488,48.06090156825054,1.7464894824060622,3.0305318737101925,-0.9232283899654812,0.06075576819712798,0.08477773967313258,Utilities—Regulated Electric,Utilities,KEP
2018Q2,2018,Q2,2018-06-30,2018-06-30,-949219000000.0,13337158000000.0,-687118000000.0,-739.137932,-42659000000.0,-0.003198507508121295,185786125000000.0,69972541000000.0,20428785000000.0,26237756000000.0,114507734000000.0,6453278000000.0,51666482000000.0,20630856239866.17,18591765239866.17,54498.79791326704,0.778602598484413,0.0018869708381075282,0.005010151053396789,-0.005253473986016422,54498.79791326704,-0.013565592823047543,1.5468704981875578,-5.4336397185123175,0.2948421758739071,-0.5912113010801512,2.073336527575598,0.027201440089315472,0.07178769674000143,0.4888564784274997,-0.0051092028535500164,-5.6536973837775415,-0.003198507508121295,-2.42599278435158,0.4291622619924919,0.10856322762147315,0.39543443062385897,-1.0884896458879147,-2.423446460129116,-4.3843887378245165,-1.7272688963923066,-0.02447866144580841,0.2535588572881428,Utilities—Regulated Electric,Utilities,KEP
2018Q1,2018,Q1,2018-03-31,2018-03-31,-277270000000.0,15706044000000.0,-127613000000.0,-215.744159,482079000000.0,0.030693852634056037,184024558000000.0,70923082000000.0,19830511000000.0,24800753000000.0,111826512000000.0,5966492000000.0,52655813000000.0,20984752856043.72,18788187856043.72,55239.13606773358,0.7995931010643105,0.002086444353801953,0.005413710024615118,-0.0016989046022208183,55239.13606773358,-0.0039094465748118505,1.3360941084873899,-18.920864911497567,0.2958804420829275,-0.015973599740325313,2.55157720818196,0.00021105800151105544,0.08534754366860102,0.5217760928468583,-0.0015067010784506271,52.610111128213035,0.030693852634056037,0.7901515152915212,-3.018709427107985,0.1046309032611722,0.3750734563223766,0.4315762278505822,0.8002945847543387,-1.5378387491043959,-1.2310423529039243,0.038494474194714454,0.3049706161613219,Utilities—Regulated Electric,Utilities,KEP
2017Q4,2017,Q4,2017-12-31,2017-12-31,-1388395000000.0,15076014000000.0,237270000000.0,-1028.09491,336747000000.0,0.02233660701031453,181788915000000.0,71681445000000.0,19141707000000.0,23424281000000.0,108824274000000.0,6002086000000.0,53370558000000.0,24137231982543.555,22185752982543.555,55829.79450733347,0.8171737266983776,0.0023008003540809954,0.0058349828187754865,0.008078375151964351,55829.79450733347,-0.019368959428761514,1.601035391884324,-4.346247282391459,0.3367291491200206,-0.008332643087882051,2.4556907381866906,0.0004793010237614194,0.0829314262643572,0.5275576227932034,-0.00763740187348607,-27.447449257950957,0.02233660701031453,-1.884002502149613,0.2215841302163695,0.3130690399667849,0.4368253478784112,-0.9011950589754122,-1.9299139471519775,-0.9144331915694677,-4.068784881472067,0.03590034505014141,0.3373071836593014,Utilities—Regulated Electric,Utilities,KEP
2017Q3,2017,Q3,2017-09-30,2017-09-30,1493036000000.0,16187727000000.0,2772921000000.0,1163.0,3408200000000.0,0.2105422212766499,179254383000000.0,73081515000000.0,19349729000000.0,21144572000000.0,104809819000000.0,6057869000000.0,54560580000000.0,24659064309000.668,22292627309000.668,56920.2527199976,0.9151156618351036,0.002504184235205005,0.006142264565807099,0.02621017254023073,56920.2527199976,0.020429735207322944,1.5233185183442164,4.129013685704944,0.3374186250654583,0.015013703621346035,2.109574670564847,0.0009090369252907159,0.09030589226931204,0.5939653448648665,0.008329146406422877,14.283740714782187,0.2105422212766499,3.5663866792367553,0.590027689030884,0.17951960069950462,0.3997876802850083,1.3092053154678542,3.5635426664139915,2.275779334004338,-0.06360470522990563,0.05385504512590776,0.3545400108292787,Utilities—Regulated Electric,Utilities,KEP
2017Q2,2017,Q2,2017-06-30,2017-06-30,327166000000.0,12925539000000.0,846492000000.0,254.687148,1475919000000.0,0.11418626333493713,179938216000000.0,71529798000000.0,19063224000000.0,24909271000000.0,107068193000000.0,5806987000000.0,53067864000000.0,26443958963310.145,23440535963310.145,55711.68275822387,0.7653063792994985,0.00266487581492972,0.006703681729955396,0.007186538453143383,55711.68275822387,0.004573842079073116,2.04586895473451,20.206836104080303,0.36969150903110537,4.013506904751717,1.971697198564419,0.049655310758190414,0.07183320634900593,0.4909386147832267,0.0018182129803932256,-12.728348663776492,0.11418626333493713,-0.6237054087042578,1.1833890134529148,0.21801159065209202,0.39336524076671353,-0.2679583249014963,-0.622608035639101,-0.4214734148631821,1.051790297841575,-0.026758897245236522,0.37255168940329514,Utilities—Regulated Electric,Utilities,KEP
2017Q1,2017,Q1,2017-03-31,2017-03-31,866913000000.0,15146609000000.0,1463186000000.0,676.829149,2016168000000.0,0.1331101898781437,177460716000000.0,71118357000000.0,18470560000000.0,25702204000000.0,105030662000000.0,5562031000000.0,52769612000000.0,29730415665342.4,27052915665342.4,55391.22791133997,0.7186372032530751,0.002874664384877158,0.007173112843425222,0.013137470955691986,55391.22791133997,0.01218972198696885,1.962843014257673,8.573644548340607,0.4180413738374524,0.010583530296581087,2.3607277629340793,0.0003086065160769199,0.08535189838859886,0.4709015615937061,0.0048850980630552624,-149.12779599593904,0.1331101898781437,2.1796915766231324,2.6113624535315982,0.13858595805457413,0.0,0.21667502457587381,2.171984939792099,-0.06347045378465375,0.5807061106239636,-0.0049195992715824295,0.3614534139581598,Utilities—Regulated Electric,Utilities,KEP
2016Q4,2016,Q4,2016-12-31,2016-12-31,273303000000.0,14858837000000.0,1562349000000.0,212.86,1657113000000.0,0.11152373500025607,177837042000000.0,71723693000000.0,19708526000000.0,24739226000000.0,104786497000000.0,5479443000000.0,53173871000000.0,28597907457649.215,26087733457649.215,55862.69977533338,0.7966508733943415,0.003043117417573781,0.00754533094106016,0.012487189055040327,55862.69977533338,0.0038104981571431356,1.9246396913600448,26.15952574399953,0.3987232985569945,0.10158688342242858,2.4093186113990055,0.0009708402630897329,0.08355310475755665,0.5482119772057541,0.0015368170597439424,-44.19231469957723,0.11152373500025607,-0.9061802448070615,1.142123466651274,0.2495550949761429,0.3464106337986182,-0.6779468285075942,-0.9061897924767991,-0.6468604612527233,-0.5542680434635976,0.033803644491382775,0.38498192517174745,Utilities—Regulated Electric,Utilities,KEP
2016Q3,2016,Q3,2016-09-30,2016-09-30,2913361000000.0,15943498000000.0,4424169000000.0,2268.81854,5145464000000.0,0.3227311848378568,176238983000000.0,71005763000000.0,19609058000000.0,23581380000000.0,103934439000000.0,4786772000000.0,52763575000000.0,34483094590260.277,30286159590260.277,55303.53297323208,0.8315483657020921,0.003237461941096199,0.008035502695745978,0.04373003541707255,55303.53297323208,0.04102992316271568,2.1628311798490065,2.959047521939461,0.4856379698400013,0.0036744502311934564,2.2558070449146106,0.00031044197532734255,0.0904652179024433,0.6049913109410899,0.016530741101700525,9.81697723174137,0.3227311848378568,0.6867400110413808,9.952484962406016,0.35978660980810245,0.0,0.5607676889253422,0.6874698444858778,0.6358583158254372,1.9905737530887133,0.0829628333852426,0.3940194573466479,Utilities—Regulated Electric,Utilities,KEP
2016Q2,2016,Q2,2016-06-30,2016-06-30,1726467000000.0,13275424000000.0,2704494000000.0,1345.090841,3296752000000.0,0.2483349684349065,175190789000000.0,68337547000000.0,17770759000000.0,24570612000000.0,105551151000000.0,5029808000000.0,49870351000000.0,38222840299839.875,35462019299839.875,53225.366845565724,0.7232525994875504,0.003424580729526825,0.008779287907422256,0.028594895425135585,53225.366845565724,0.025263812878738537,2.8792180422892613,5.534835056192773,0.559324148697346,1.1615623119352991,1.9839071391989516,0.05246598589399964,0.07577695194922605,0.4969060599711558,0.009854781805908756,-62.83364999858606,0.2483349684349065,-0.19110070235133747,2.588286108555658,0.4562773146116718,0.0,-0.19869019620806358,-0.19152075674916294,-0.24986582428820306,2.0382562053905455,0.10343199634311659,0.36282839847385573,Utilities—Regulated Electric,Utilities,KEP
2016Q1,2016,Q1,2016-03-31,2016-03-31,2135450000000.0,15685327000000.0,3605347000000.0,1662.865631,4114204000000.0,0.2622963486830718,176793279000000.0,66712371000000.0,21644216000000.0,26265573000000.0,108815118000000.0,5014272000000.0,48237496000000.0,37909567607940.58,33120434607940.58,51959.58262318781,0.8240526867622496,0.0035597676764624066,0.009433677600815597,0.03269771270591441,51959.58262318781,0.032009805197899505,2.4168809236773052,4.438124002896413,0.5682539391073446,0.028572900325458336,2.3076376790090367,0.0016095145328753242,0.08872128560950555,0.612179144159543,0.012078796275960242,17.96504458516224,0.2622963486830718,0.37564432997526354,4.880239124885148,0.45144837767777113,0.0,0.4095735240811331,0.37405646021127054,-0.6895403866068643,14.547491780999552,0.10317384390091178,0.2934351974499739,Utilities—Regulated Electric,Utilities,KEP
2015Q4,2015,Q4,2015-12-31,2015-12-31,1554121000000.0,14316087000000.0,11612934000000.0,1208.790379,2918758000000.0,0.20387959363476904,175257359000000.0,66634467000000.0,22025325000000.0,22710842000000.0,107314884000000.0,4946413000000.0,48187241000000.0,31907493013789.305,28783822013789.305,51898.90633086001,0.9698154300047528,0.0037624325949131756,0.009895689568583178,0.112634861255804,51898.90633086001,0.02332307993099127,2.2287859115266135,5.1327234195067994,0.4788436743073116,0.011913486787708294,2.304160408764897,0.0005802712231888122,0.08168608200925817,0.7327105265405836,0.008867650459117098,135.8956916011027,0.20387959363476904,-0.8318526544108638,74.46005861221404,0.35813882227045735,0.6245231254490271,-0.3998058409347437,-0.8316181170867218,1.6757345235999606,1.8713316094944203,0.24688200827957385,0.3356607310018306,Utilities—Regulated Electric,Utilities,KEP
2015Q3,2015,Q3,2015-09-30,2015-09-30,9229740000000.0,15469955000000.0,4340092000000.0,7188.875773,4863023000000.0,0.31435275668222695,174977553000000.0,65107256000000.0,22672765000000.0,21947812000000.0,108592488000000.0,4857894000000.0,46619578000000.0,31127913986441.152,26640309986441.152,50709.423106863345,1.0330307640688738,0.003925040602207987,0.010548655283521701,0.04854719526680139,50709.423106863345,0.14176207948312244,2.012152846368406,0.8431416807635197,0.4781020718557261,0.002416969492098369,2.18344245469333,0.0007166557967783201,0.088411083220486,0.7896773491589959,0.052748137356795705,11.202079914163628,0.31435275668222695,6.072796937711912,9.909858156028367,0.4130393679210814,0.0,0.8416865269698056,6.071606050645771,1.0786040506057517,8.829329073482429,0.1272191052171379,0.2470504319178685,Utilities—Regulated Electric,Utilities,KEP
2015Q2,2015,Q2,2015-06-30,2015-06-30,1305183000000.0,13671826000000.0,2087984000000.0,1016.412013,2640527000000.0,0.19313638134364788,170082899000000.0,55819111000000.0,19671816000000.0,28506053000000.0,113029613000000.0,4827817000000.0,37455586000000.0,29358968298432.812,26222723298432.812,43475.26053237399,0.6900925919137244,0.004199087646077811,0.012794775610095259,0.02823379697620648,43475.26053237399,0.023382368092533756,2.147406520418912,5.623534841174152,0.5259662465500895,0.28106326852249836,2.2849455561385197,0.012494955417748177,0.08038330767163135,0.4345124524956156,0.007673804995527504,-26.073128368873853,0.19313638134364788,0.08750000010699396,2.601451533742331,0.6353858851674642,0.0,-0.02263879275564554,0.08757727590508323,-0.06780852068829117,1.7316048206278027,0.2883364116094988,0.08732879460807232,Utilities—Regulated Electric,Utilities,KEP
2015Q1,2015,Q1,2015-03-31,2015-03-31,1200083000000.0,15123859000000.0,2239866000000.0,934.631736,2701690000000.0,0.17863760829825245,166820081000000.0,54348413000000.0,17897082000000.0,25024850000000.0,111294838000000.0,4749141000000.0,36108146000000.0,28892700673417.824,26579916673417.824,42329.79301114383,0.7151723986357561,0.004445460016291444,0.013645145443345328,0.02383930250885535,42329.79301114383,0.022081288739746643,1.9104053187362977,6.0188963332989935,0.5316199513207096,0.015563090219593146,2.6156664963200713,0.000646426244853719,0.09065970301261274,0.42621813916966533,0.007193876137729486,31.48244674245192,0.17863760829825245,1.6548672533190047,15.62612241630826,0.5782104149094957,0.0,1.5897531016858333,1.6525567773664143,0.7348213414379121,3.230637546468401,0.1368758174847779,0.0,Utilities—Regulated Electric,Utilities,KEP
2014Q4,2014,Q4,2014-12-31,2014-12-31,452425000000.0,14553537000000.0,1291122000000.0,352.044621,1043223000000.0,0.07168174994161214,163708289000000.0,53601331000000.0,16819855000000.0,21600068000000.0,108883279000000.0,4537469000000.0,35303647000000.0,27404800374482.91,26377935374482.91,41747.92088872599,0.7786945392949689,0.0047000369052785105,0.014354774137978029,0.02179868228075813,41747.92088872599,0.00844055532874734,1.8830336827729857,15.143283624071895,0.5112708931515695,0.011809692214179145,2.977500011570327,0.00019496584273516406,0.08889920656369453,0.45701842234941115,0.0027636047188789566,-17.109532632266866,0.07168174994161214,-0.7164360684655658,2.172948490599301,0.6165474007570045,0.30648171407314456,-0.683988072266748,-0.7076288875648331,-0.5488160423199218,1.2352707778535277,0.22388086687227343,0.006214251184187051,Utilities—Regulated Electric,Utilities,KEP
2014Q3,2014,Q3,2014-09-30,2014-09-30,1547434000000.0,14907543000000.0,2861631000000.0,1241.5,3301214000000.0,0.22144588145746083,161188807000000.0,52362067000000.0,15170455000000.0,20407309000000.0,107664474000000.0,4438457000000.0,34875038000000.0,29591661150153.33,26903543150153.33,42021.83196135328,0.7433834122862549,0.004945510887738006,0.015224017035079994,0.03487225534512088,42021.83196135328,0.029552576677311076,1.9850126308643434,4.780763048723456,0.5651354662938216,0.030401296598110163,2.6149468159768134,0.001589772191607981,0.09248497632965297,0.5058281814618478,0.009600133091127103,27.99205515814134,0.22144588145746083,9.012096774193548,0.7146842148749779,0.6647269598615104,0.0,1.4404429327476453,8.999444272125723,2.4509080603926487,4.994175029052423,0.31006287975931024,0.0,Utilities—Regulated Electric,Utilities,KEP
2014Q2,2014,Q2,2014-06-30,2014-06-30,154752000000.0,12889299000000.0,829240000000.0,124.0,1352711000000.0,0.10494837616847899,158871513000000.0,50577734000000.0,14166285000000.0,20688985000000.0,107143472000000.0,4428825000000.0,33341435000000.0,23147301145004.61,21681883145004.61,40589.861342448996,0.6847259544148734,0.0051921706064447185,0.01630931112888529,0.007095409108789793,40589.861342448996,0.003059686303858532,1.7958541535117316,37.3941873853078,0.45765793194698307,0.9319039495450786,2.60488684922073,0.006230272769018805,0.08113033454902642,0.4532384744829193,0.0009740701594501715,-11.07397085938513,0.10494837616847899,-0.7095630597340531,-0.3386947699426328,0.8111247739308225,0.28482536154963095,-0.18654768763011703,-0.7092559679255704,-0.3242151877999506,1.1466917360362763,0.45688041052728506,0.0,Utilities—Regulated Electric,Utilities,KEP
2014Q1,2014,Q1,2014-03-31,2014-03-31,532262000000.0,14772647000000.0,1227077000000.0,426.942936,1662926000000.0,0.112567910138244,157040333000000.0,50696737000000.0,14874252000000.0,20570885000000.0,105146433000000.0,4359764000000.0,33227369000000.0,22603807332117.223,20730047332117.223,40685.36414353011,0.7230730228670278,0.005444556717795548,0.01686528661598083,0.014570876008602567,40685.36414353011,0.01049894000081307,1.5301121953375874,10.616861307080548,0.44586315943996996,0.012863965490679401,3.0069795062301536,0.0003029135711253058,0.0940691268147018,0.48297265771501807,0.003389333108456921,351.018050036761,0.112567910138244,-0.12211221055607478,1.6214233544388181,0.8043048874640963,0.0,1.7578689000373149,-0.10555476200478932,0.46783759342373465,1.9965370883909772,0.4085272690934995,0.0,Utilities—Regulated Electric,Utilities,KEP
2013Q4,2013,Q4,2013-12-31,2013-12-31,595075000000.0,13949153000000.0,835976000000.0,486.329735,602975000000.0,0.043226638922090825,155527334000000.0,50259668000000.0,15269078000000.0,20213849000000.0,104076598000000.0,4279593000000.0,32766086000000.0,21759993023717.45,20412646023717.45,40334.60564361229,0.7553770684642989,0.005690099465088239,0.017607875961297634,-0.0508871865766433,40334.60564361229,0.011840010562743869,1.5599508460275293,9.14170189628091,0.4329513880536865,0.006970549930681007,3.118562442736961,0.00019062506111462718,0.08968939826358754,0.5267426802287877,0.003826176304160142,-9.501636816285815,0.043226638922090825,-0.3592493610013175,1.2828628947891612,0.7476492218571288,0.25390659093919227,-0.7076741386574075,-0.3705940525990132,-0.4597268440097433,29.982581701799376,0.36353595523249377,0.2625410486724067,Utilities—Regulated Electric,Utilities,KEP
2013Q3,2013,Q3,2013-09-30,2013-09-30,945455000000.0,14287990000000.0,1547321000000.0,759.0,2062681000000.0,0.14436467270763767,152446178000000.0,49434010000000.0,14328945000000.0,20062839000000.0,101890175000000.0,4108226000000.0,31985154000000.0,18801220990219.664,18815010990219.664,39671.99502257727,0.7142032590701645,0.019440415226415188,0.05995097302444208,0.021230772204198497,39671.99502257727,0.019125597943601986,1.3158758502924248,4.971474314012742,0.38032967566700876,0.0023290373418089704,2.975812187547618,0.00011712005306173856,0.09372481611182144,0.4767643801557696,0.00620189375951426,-22.518239176340693,0.14436467270763767,1.5861003861003862,4.047422867729733,0.6771423617449538,0.0,4.182157722438376,1.5858494663899732,2.4141801787145605,0.1515145285210939,0.3447305478489765,0.0,Utilities—Regulated Electric,Utilities,KEP
2013Q2,2013,Q2,2013-06-30,2013-06-30,-1613819000000.0,11676264000000.0,-1094147000000.0,-1295.0,-648202000000.0,-0.05551450361177171,152140389000000.0,48665287000000.0,13686270000000.0,22203633000000.0,102197201000000.0,4031662000000.0,31110522000000.0,16204548265737.217,17980005265737.22,39055.07612342787,0.6163977759855785,0.026920037650225805,0.08415906393401111,-0.018575125599924622,39055.07612342787,-0.03316160449233557,1.387819619849056,-2.5102796945842774,0.33297960958777895,-0.028806824061434397,3.056919454061377,0.0028688858978127775,0.07674664220820417,0.3936657122733023,-0.010607433112321015,-3.9957342136943255,-0.05551450361177171,-13.102803738317757,-6.0787594735358805,0.6506494859749767,0.1595915096094178,-1.589589171676158,-13.106669167291823,-2.6634213530890025,-1.04030990248797,0.4391184805707276,0.0,Utilities—Regulated Electric,Utilities,KEP
2013Q1,2013,Q1,2013-03-31,2013-03-31,133300000000.0,13799098000000.0,657769000000.0,107.0,1099413000000.0,0.07967281629567381,149322358000000.0,50056765000000.0,14891350000000.0,19799757000000.0,98087810000000.0,3706969000000.0,32602753000000.0,18631830484005.504,17102299484005.504,40171.771052486336,0.7520976141272845,0.014126732448197744,0.04214089743913735,0.009544233810808458,40171.771052486336,0.002662976722526915,1.3502208973373118,34.943418012013325,0.3722140350860769,0.04072018004501125,3.4258945785627017,0.00029132940022504316,0.09241146593733807,0.5343629217267667,0.000892699538002206,-70.67577490670615,0.07967281629567381,1.077023480658393,1.6485602929332406,1.0088605620102025,0.0,1.1072519257853546,1.0747358175750834,1.296783907399779,2.673967383094767,0.4837198472009002,0.0,Utilities—Regulated Electric,Utilities,KEP
2012Q4,2012,Q4,2012-12-31,2012-12-31,-1783616000000.0,11481509000000.0,-2216323000000.0,-1389.1867659753802,-10250753000000.0,-0.8928053795019453,146152820000000.0,49888767000000.0,13933483000000.0,18817079000000.0,95088618000000.0,3440341000000.0,32564283000000.0,19070061614259.215,18811591614259.215,38856.35410717849,0.7404700272555587,0.01160756939209247,0.03400523007513896,-0.02794165076692529,38856.35410717849,-0.035751855723353515,1.660936869383564,-2.672949448516275,0.3822516121566848,-0.0005505669381750332,6.31689184298882,5.1494327593872655e-05,0.07855824471946556,0.5221993806796474,-0.012203774104392922,-21.198001829957686,-0.8928053795019453,-2.8994845573693793,-7.1799724985613,0.367983775780714,0.10118561576683466,-2.8056637308437553,-2.8994845580404687,-2.1204868554095047,-3.6241690777670614,0.27531908777351877,0.21599148019581332,Utilities—Regulated Electric,Utilities,KEP
2012Q3,2012,Q3,2012-09-30,2012-09-30,939000000000.0,13724000000000.0,1978000000000.0,731.349334,5677000000000.0,0.4136549111046342,143870000000000.0,52209000000000.0,17360000000000.0,19249000000000.0,91661000000000.0,0.0,0.0,17754639986569.75,17754639986569.75,40663.49027190193,0.9018650319497117,0.0,0.0,0.02600938458556635,40663.49027190193,0.017985404815261737,1.2936927999540768,4.727007451163406,0.3400685702957296,0.00022151224707135252,0.0,1.1715247403345757e-05,0.09539167303815944,0.0,0.006526725516090915,-17.799334114531337,0.4136549111046342,1.5263452917154143,2.772566551335963,0.8101037091774672,0.0,2.314068884997081,1.5263452914798206,2.011247443762781,0.009807717124790215,0.48736901393308407,0.0,Utilities—Regulated Electric,Utilities,KEP
2012Q2,2012,Q2,2012-06-30,2012-06-30,-1784000000000.0,10612000000000.0,-1956000000000.0,-1389.485848,1713000000000.0,0.16142103279306447,140808000000000.0,51336000000000.0,14923000000000.0,22181000000000.0,89472000000000.0,0.0,0.0,16609379580482.607,16609379580482.607,39983.54568366292,0.6727830124881655,0.0,0.0,-0.028471584726060394,39983.54568366292,-0.0347514414835593,1.5651507331777805,-2.327547586951038,0.32354253507251457,-0.030536995515695067,0.0,0.0032799539402432677,0.0753650360774956,0.0,-0.01266973467416624,-3.7201782931208194,0.16142103279306447,-2.3159851284081605,-4.948349394620651,0.5599716945642983,0.1990471221480353,-0.5137666761282997,-2.315985130111524,-17.62857142857143,-8.398805573988056,0.44716280677035436,0.26563313694603674,Utilities—Regulated Electric,Utilities,KEP
2012Q1,2012,Q1,2012-03-31,2012-03-31,-538000000000.0,13303000000000.0,-105000000000.0,-419.026562,3523000000000.0,0.26482748252273924,,,,,,,,14216602627921.959,,,0.0,0.0,0.0,0.0,,0.0,1.068676435986015,-6.606227986952583,0.0,-3.717472118959108e-06,0.0,1.4068058680010668e-07,0.0,0.0,0.0,-11.502682681430588,0.26482748252273924,0.7202283725738383,-2.1995186022039177,0.9700309665110759,0.0,1.3502100514758077,0.720228372691169,0.8781850265034578,0.3903992912997222,0.5768931785543396,0.0,Utilities—Regulated Electric,Utilities,KEP
2011Q4,2011,Q4,2011-12-31,2011-12-31,-1922997000000.0,11891302000000.0,-861963000000.0,-1497.7450210192992,-10059677000000.0,-0.8459693480158859,136467850000000.0,53270296000000.0,14125902000000.0,17741167000000.0,82663900000000.0,3851751000000.0,35769094000000.0,16288287807005.717,16073934807005.717,41490.09104134031,0.7962216916170171,0.008599593237528106,0.022030438877230944,-0.03021157963432714,41490.09104134031,-0.03609886079852081,1.3697648757895238,-2.117565420929637,0.3057667974476004,,5.6989610699133975,,0.0871362888768307,0.5104635450418792,-0.014091209028353565,0.0,-0.8459693480158859,-8.224848460714323,-4.521916041632345,0.978017147100917,0.28823755131886386,-3.0011293017704395,-8.229312030075189,-1.6061624472573839,0.1128767507811624,0.4458955368293895,0.28982787324320347,Utilities—Regulated Electric,Utilities,KEP
2011Q3,2011,Q3,2011-09-30,2011-09-30,266000000000.0,11725000000000.0,1422000000000.0,207.304697,5027000000000.0,0.42874200426439235,,,,,,,,12845059216693.0,,,0.0,0.0,0.0,0.0,,0.0,1.0955274385239233,12.072424075839287,0.0,,0.0,,0.0,0.0,0.0,0.0,0.42874200426439235,1.2447102119444728,-0.5968265526412797,0.5817474829266672,0.0,0.8976972442431106,1.2447102115915363,2.784190715181932,1.832098183569917,0.33571167046721584,0.0,Utilities—Regulated Electric,Utilities,KEP
2011Q2,2011,Q2,2011-06-30,2011-06-30,-1087000000000.0,9116000000000.0,-797000000000.0,-847.143629,2649000000000.0,0.29058797718297497,,,,,,,,18114511265680.785,,,0.0,0.0,0.0,0.0,,0.0,1.9871118106275543,-4.166170944268811,0.0,,0.0,,0.0,0.0,0.0,0.0,0.29058797718297497,-0.9763636353159192,-3.2954889687692606,0.3901932680007827,0.0,-0.05997161107168204,-0.9763636363636363,-0.590818363273453,-3.627356438034471,0.2507092154064032,0.0,Utilities—Regulated Electric,Utilities,KEP
2011Q1,2011,Q1,2011-03-31,2011-03-31,-550000000000.0,10800000000000.0,-501000000000.0,-428.637531,2818000000000.0,0.26092592592592595,,,,,,,,17034269767965.248,,,0.0,0.0,0.0,0.0,,0.0,1.577247200737523,-7.742849894529658,0.0,,0.0,,0.0,0.0,0.0,0.0,0.26092592592592595,-25.013414346376813,-2.227031264371808,0.6003517331348088,0.0,0.14431343630259252,-24.997352996785782,-1.144958860328232,-1.598676395790603,0.5268351683298593,0.0,Utilities—Regulated Electric,Utilities,KEP
2010Q4,2010,Q4,2010-12-31,2010-12-31,-21156000000.0,10540960000000.0,3456153000000.0,-16.47755751292607,2462612000000.0,0.2336231235105721,99610398000000.0,41017863000000.0,12388500000000.0,11587386000000.0,58121797000000.0,3479690000000.0,23333052000000.0,19550528939963.77,57330076939963.766,31947.16376629903,1.0691367319600815,0.40032801595672773,0.9721821197754744,0.0021915622139095695,31947.16376629903,-0.0005157752855140211,1.8547199628841937,-231.0281827845974,0.4766345077500446,,2.3215711744437004,,0.10582188417719203,0.6641661889920643,-0.00021238746581456286,0.0,0.2336231235105721,-1.0250070921985817,-1.0510361659070055,0.6422281117037267,-0.015671260781370513,0.29406831318970045,-1.0250070921985817,6.480850649350649,-1.0733024923411558,0.25592047710396576,-0.09462022332412699,Utilities—Regulated Electric,Utilities,KEP
2010Q3,2010,Q3,2010-09-30,2010-09-30,846000000000.0,10948000000000.0,462000000000.0,658.9153741697606,1903000000000.0,0.1738217025940811,,,,,,,,18734444410755.59,,,0.0,0.0,0.0,0.0,,0.0,1.7112207170949572,5.536183336511698,0.0,,0.0,,0.0,0.0,0.0,0.0,0.1738217025940811,2.0380368098159507,0.9204165680564911,0.6359590450440614,0.0,5.343333333333334,2.0380368098159507,1.3672496025437202,2.398925774686075,0.44396789624562166,0.0,Utilities—Regulated Electric,Utilities,KEP
2010Q2,2010,Q2,2010-06-30,2010-06-30,-815000000000.0,8360000000000.0,-1258000000000.0,-634.7707209791429,300000000000.0,0.03588516746411483,,,,,,,,20188363036393.215,,,0.0,0.0,0.0,0.0,,0.0,2.414875961291054,-6.192749397666631,0.0,,0.0,,0.0,0.0,0.0,0.0,0.03588516746411483,-8.932887807522658,-2.07451670904855,0.3958119321464112,0.0,0.5625,-8.939024390243903,-0.1648148148148148,-2.803758271645645,0.22892606168088342,0.0,Utilities—Regulated Electric,Utilities,KEP
2010Q1,2010,Q1,2010-03-31,2010-03-31,-82000000000.0,9577000000000.0,-1080000000000.0,-63.905959,192000000000.0,0.020048031742716927,,,,,,,,23455387068051.45,,,0.0,0.0,0.0,0.0,,0.0,2.449137210822956,-71.51032642698613,0.0,,0.0,,0.0,0.0,0.0,0.0,0.020048031742716927,0.7872770121839133,-1.1083151850174935,0.6021981454924026,0.0,-0.9556051400923736,0.7874083522591752,-20.700120389624605,-1.1829392066881605,0.4191267174288947,0.0,Utilities—Regulated Electric,Utilities,KEP
2009Q4,2009,Q4,2009-12-31,2009-12-31,-385716000000.0,9002852000000.0,54822000000.0,-300.4186790345903,4324825000000.0,0.48038388279625166,93208031000000.0,41027234000000.0,11028900000000.0,10747703000000.0,51804224000000.0,3894878000000.0,23405208000000.0,21489097361889.508,54318943361889.51,31954.46246130062,1.0261634509252815,0.36820041826653327,0.8364988972934417,0.000585316299728011,31954.46246130062,-0.00940146245296478,2.3869210958804508,-13.92805675800946,0.5237764106127532,,1.2010715098136577,,0.09658880145209806,0.6119748563948967,-0.004138227101911422,0.0,0.48038388279625166,-1.4148019099238611,-1.5487325039242248,0.44680784253969597,0.030323392134879234,-0.5573845269287916,-1.4148019099238611,-0.9651330074450588,-1.7064282304726743,0.497548008520159,-0.007836872812832988,Utilities—Regulated Electric,Utilities,KEP
2009Q3,2009,Q3,2009-09-30,2009-09-30,929880000000.0,9227031000000.0,1572318000000.0,724.2461325448901,9771066000000.0,1.0589610027320815,,,,,,,,23042175822852.098,,,0.0,0.0,0.0,0.0,,0.0,2.497247036761023,6.194932631858975,0.0,,0.0,,0.0,0.0,0.0,0.0,1.0589610027320815,2.85650298606503,0.325648809844853,0.48580569191072603,0.0,8.264376617950346,2.85650298606503,2.8853173602977154,0.40940949334559,0.24476188137623278,0.0,Utilities—Regulated Electric,Utilities,KEP
2009Q2,2009,Q2,2009-06-30,2009-06-30,241120000000.0,7332969000000.0,404682000000.0,187.7986702361852,-1345066000000.0,-0.18342720390608497,91907652000000.0,40561517000000.0,10874130000000.0,9700862000000.0,51346135000000.0,4707879000000.0,22838131000000.0,18790159786610.43,64993938786610.43,31591.734220978848,1.1209447160468833,0.5219138228011744,1.1825956608082484,0.002898187431540603,31591.734220978848,0.005944550841133481,2.5624218221310398,19.482166334823354,0.4632509130911062,,1.8433003482035115,,0.07978627285571391,0.5601052772423729,0.002623502991894516,0.0,-0.18342720390608497,1.2732098940026488,-0.4023184105606894,0.3618740116180999,0.07719388664339424,-1.4946914306730417,1.2733786848072561,2.2765993690851736,-0.49081113141707067,0.11828040130083728,-0.05133410221845535,Utilities—Regulated Electric,Utilities,KEP
2009Q1,2009,Q1,2009-03-31,2009-03-31,-882000000000.0,8431000000000.0,-317000000000.0,-687.378731,2719000000000.0,0.32250029652473017,,,,,,,,16144621340336.422,,,0.0,0.0,0.0,0.0,,0.0,1.91491179460757,-4.576139835696265,0.0,,0.0,,0.0,0.0,0.0,0.0,0.32250029652473017,0.5928615053090642,-1.8578949985390547,0.4649412835918021,0.0,1.9925817383212847,0.592861505055303,0.7571017100192863,-2.967711954865336,0.24931161685736775,0.0,Utilities—Regulated Electric,Utilities,KEP
2008Q4,2008,Q4,2008-12-31,2008-12-31,-2166339000000.0,8219100000000.0,-1305073000000.0,-1688.3167275101275,-2739321000000.0,-0.33328722122860166,88198610000000.0,41274814000000.0,10339224000000.0,10535863000000.0,46923796000000.0,4272098000000.0,23501924000000.0,18505303933110.496,59243443933110.5,32167.15338692107,0.9813362227659946,0.4783570398671816,1.0221833101416278,-0.01301093088006936,32167.15338692107,-0.052485736216764056,2.2515000344454377,-2.1355503378176843,0.4483437268332813,,2.565114611134857,,0.0931885434475668,0.5045419630076815,-0.024562053755722454,0.0,-0.33328722122860166,-5.780903796606279,-10.435216044872854,0.056804981521282646,0.025309578845922383,0.7679392630736694,-5.780903796606279,-0.5347182810442896,-6.2292466611745105,0.2812851967067418,-0.00889312837837745,Utilities—Regulated Electric,Utilities,KEP
2008Q3,2008,Q3,2008-09-30,2008-09-30,-319476439274.1,8772672235283.74,-850366491439.7,-248.98107658673757,-11804327764716.26,-1.3455794822972165,,,,,,,,19153968892972.473,,,0.0,0.0,0.0,0.0,,0.0,2.1833676648644293,-14.988561391642262,0.0,,0.0,,0.0,0.0,0.0,0.0,-1.3455794822972165,-0.36085066969811586,-1.3225139284060672,0.4560328646864983,0.0,-2.6205465866648088,-0.36085067293711576,-1.646500982316262,-1.725658261066048,0.3117098184865571,0.0,Utilities—Regulated Electric,Utilities,KEP
2008Q2,2008,Q2,2008-06-30,2008-06-30,-234762303923.16,7284164405918.34,-321317277840.36,-182.959881,7284164405918.34,1.0,94315561360291.62,43216038790993.14,9214899486576.18,8062457600491.74,50831185396228.44,3413804192236.86,25995837724930.5,19501579765413.117,41465538951877.13,33680.02938947241,1.142939280203365,0.2523660878178581,0.5507688790255953,-0.003678353296903254,33680.02938947241,-0.005432295751550647,2.6772569479030706,-20.76736707673922,0.451257919767453,,0.0,,0.07723184065132534,0.5579585661524482,-0.002489115269391788,0.0,1.0,-0.10922046843630652,-1.3065945113455726,0.3610965537598701,0.12624628885445655,0.0,-0.10920317982598078,-1.0454250808562393,-1.3097078082758267,0.21693840153262348,0.0522219052106851,Utilities—Regulated Electric,Utilities,KEP
2008Q1,2008,Q1,2008-03-31,2008-03-31,-211649504971.66,7073565347242.01,7073565347242.01,-164.944559,0.0,0.0,,,,,,,,19149672500126.938,,,0.0,0.0,0.0,0.0,,0.0,2.7072164545130573,-22.619557393591695,0.0,,0.0,,0.0,0.0,0.0,0.0,0.0,-1.7337766694686374,-1.3141302978559577,0.2767230285640603,0.0,0.0,-1.7540957626000702,1.3893315443389314,-1.2795670484129107,0.18336395893837057,0.0,Utilities—Regulated Electric,Utilities,KEP
2007Q4,2007,Q4,2007-12-31,2007-12-31,280666614863.22,8161950628192.7,-18168487629875.02,224.788502909808,0.0,0.0,82975523584147.81,44057330617746.11,9340081480475.13,9343242529170.97,38683618995866.95,2634427908206.71,26939463540257.73,24115846342165.51,44163952189910.94,35285.92596091988,0.9996616754102261,0.2605988483653165,0.4907997281121769,,35285.92596091988,0.00637048615810075,2.9546670202666347,21.480864720870102,0.5473742054733508,,0.0,,0.09836576228308383,0.48942419980873036,0.0033825229747250474,0.0,0.0,0.17054240465498105,-0.27220776917886075,0.5679947596540408,0.2703355280110458,0.0,0.15954106755505412,-3.4641411820926997,-0.5894104905478451,0.34880375820120224,0.13774140230664353,Utilities—Regulated Electric,Utilities,KEP
2007Q3,2007,Q3,2007-09-30,2007-09-30,242049740812.56,7373152058781.48,7373152058781.48,192.037898,0.0,0.0,,,,,,,,26766919696622.625,,,0.0,0.0,0.0,0.0,,0.0,3.630322483956237,27.646094152761933,0.0,,0.0,,0.0,0.0,0.0,0.0,0.0,-0.45130461441755476,-0.7230650341604589,0.3720609269395605,0.0,-1.0,-0.4600867257045524,8.30323261785583,-0.6451618864338985,0.2208921155559889,0.0,Utilities—Regulated Electric,Utilities,KEP
2007Q2,2007,Q2,2007-06-30,2007-06-30,448312261128.27,6749659535388.11,792536568915.85,349.99,6749659535388.11,1.0,76783862789331.5,42480255380144.45,8669796785993.31,9905248288987.04,34152848876300.55,2269039181635.38,25853155032628.88,25710456978991.016,44399593619335.516,33346.10037012917,0.8752730404176398,0.2630227759584948,0.4754186282294773,0.007740173394744141,33346.10037012917,0.010553426694741908,3.809148719900973,14.337359920898306,0.6052331076853237,,0.0,,0.08790466238859139,0.3982232042965896,0.0058386260451403,0.0,1.0,0.007397386448678813,-0.48787777434915,0.28759226889022044,0.0,0.0,0.007404728066754619,-0.8817117985721155,0.1199945682209518,0.26339049867908854,0.13701309370496487,Utilities—Regulated Electric,Utilities,KEP
2007Q1,2007,Q1,2007-03-31,2007-03-31,445017031028.43,6700047505574.99,6700047505574.99,347.42,0.0,0.0,,,,,,,,23755035718963.28,,,0.0,0.0,0.0,0.0,,0.0,3.545502580272325,13.345014944745836,0.0,,0.0,,0.0,0.0,0.0,0.0,0.0,-0.183049147877526,-0.5211017813604527,0.20405952528601426,0.0,0.0,-0.17990325375789845,1.3981928326848412,-0.5640139318065146,0.17259878466258793,0.0,Utilities—Regulated Electric,Utilities,KEP
