Quarters,Year,Quarter,FillingDate,Date,NetIncome,Revenue,OperatingIncome,EPSDiluted,GrossProfit,GrossProfitRatio,TotalAssets,CommonStockEquity,CurrentAssets,CurrentLiability,TotalLiability,Inventory,RetainedEarnings,MarketCap,EnterpriseValue,bookValuePerShare,currentRatio,debtToAssets,debtToEquity,roic,shareholdersEquityPerShare,roe,priceToSalesRatio,peRatio,pbRatio,payoutRatio,inventoryTurnover,dividendYield,assetTurnover,quickRatio,returnOnAssets,priceToFreeCashFlowsRatio,grossProfitMargin,epsdilutedGrowth,fiveYNetIncomeGrowthPerShare,fiveYRevenueGrowthPerShare,fiveYShareholdersEquityGrowthPerShare,grossProfitGrowth,netIncomeGrowth,operatingIncomeGrowth,threeYNetIncomeGrowthPerShare,threeYRevenueGrowthPerShare,threeYShareholdersEquityGrowthPerShare,Industry,Sector,Symbol
2023Q1,2023,Q1,2023-05-15,2023-03-31,193399.0,0.0,-226923.0,0.0568,-226923.0,0.0,20356235.0,14770292.0,183644.0,1560943.0,5585943.0,0.0,-5402640.0,35902441.25,36607810.25,4.340278130808166,0.11764939526939805,0.03560122979519543,0.04906517758755209,0.16897223625032337,4.340278130808166,0.013093783115459058,0.0,46.40980725081309,2.4307198022896235,0.0,0.0,0.0,0.0,12.935724750999876,0.009500725453405308,-150.7663417082051,0.0,-0.9999998566623732,-0.9999850964829947,0.0,-0.8823214171608742,0.8247309054059899,-0.9998565818390237,0.6976814826360995,-0.9999850964829947,0.0,-0.8823214171608742,Shell Companies,Financial Services,ENCP
2022Q4,2022,Q4,2023-03-30,2022-12-31,1348497280.145,0.0,-750609.0,396267.2,-1294712.0,0.0,19897384.0,14787053.0,361438.0,1085331.0,5110331.0,0.0,-4919828.0,35118.96,246465.96,4345.299147810755,0.333020986224479,0.013023621597693446,0.017524519591564324,685.104469193136,4345.299147810755,91.19445775605186,0.0,6.510758404389173e-06,0.0023749803290757125,0.0,0.0,0.0,0.0,18.201202213886823,67.77259162033562,-9.624269662921348,0.0,1801213.5454545456,0.0,0.0,18755162.96109145,0.0,1793.6200949214212,-1.4830019285541798,0.0,0.0,18755162.96109145,Shell Companies,Financial Services,ENCP
2022Q3,2022,Q3,2022-11-15,2022-09-30,751411.0,0.0,-302299.0,0.22,0.0,0.0,117663914.0,113424335.0,241385.0,214579.0,4239579.0,0.0,-3998535.0,34524195.875,34561299.875,33.329954526420956,1.124923687779326,0.0007524991901935201,0.0007806261328311953,-0.00891136976102213,33.329954526420956,0.006624777654636459,0.0,11.486455440165235,0.30438085332393616,0.0,0.0,0.0,0.0,547.4625522534824,0.006386078572908938,-163.285150873791,0.0,4.1764705882352935,0.0,0.0,37009.62603179716,1.0,4.195366138656305,-0.771881905409445,0.0,0.0,37009.62603179716,Shell Companies,Financial Services,ENCP
2022Q2,2022,Q2,2022-08-15,2022-06-30,144631.0,0.0,-170609.0,0.0425,-170609.0,0.0,117396856.0,113199779.0,501182.0,172077.0,4197077.0,0.0,-3525562.0,34166873.0,33992542.0,33.26396832276691,2.912544965335286,0.0007542109986318544,0.0007821746719134495,0.016768818699781998,33.26396832276691,0.0012776615049751997,0.0,59.05869592272748,0.3018280892580188,0.0,0.0,0.0,0.0,680.8495440994438,0.0012319835890664738,-374.0994076491005,0.0,-0.9999888546223159,0.0,0.0,0.0,0.0,-0.9999876435938513,0.9999854243371034,0.0,0.0,0.0,Shell Companies,Financial Services,ENCP
2022Q1,2022,Q1,2022-05-13,2022-03-31,11704940600.0,0.0,-11705059400.0,3813.24,0.0,0.0,117378943.0,113212768.0,640889.0,141175.0,4166175.0,0.0,-3512573.0,30695540.0,30429878.0,36.88248129858605,4.539677704976094,0.0007543260974841118,0.0007820849323284809,20357360.142889544,36.88248129858605,103.38887394750387,0.0,0.0006556107597846332,0.2711314328080027,0.0,0.0,0.0,0.0,2.5089711351159907,99.71925373361047,-84.90618854125464,0.0,0.0,0.0,0.0,0.0,0.0,0.0,0.0,0.0,0.0,0.0,Shell Companies,Financial Services,ENCP
2021Q4,2021,Q4,2022-03-31,2021-12-31,0.0,0.0,0.0,0.0,0.0,0.0,724.5809999999997,-3452.832,116726.349,152.413,4177.413,0.0,-3453.173,147540680.1,147539964.373,-0.00023168550380024987,765.8555963074016,0.0,0.0,,-0.00023168550380024987,0.0,0.0,0.0,-42730.33848736342,0.0,0.0,0.0,0.0,770.5515671235393,0.0,-0.6113065928329044,0.0,0.0,0.0,0.0,0.0,0.0,0.0,1.0,0.0,0.0,0.0,Shell Companies,Financial Services,ENCP
2021Q3,2021,Q3,2021-12-30,2021-09-30,0.0,0.0,-11579.0,0.0,0.0,0.0,157410.0,13421.0,0.0,0.0,143989.0,0.0,-11579.0,147540680.1,147540680.1,0.0009005509525233644,0.0,0.0,0.0,,0.0009005509525233644,0.0,0.0,0.0,10993.27025556963,0.0,0.0,,0.0,0.0,0.0,0.0,0.0,0.0,0.0,0.0,0.0,0.0,0.0,0.0,0.0,0.0,0.0,Shell Companies,Financial Services,ENCP
