Quarters,Year,Quarter,FillingDate,Date,NetIncome,Revenue,OperatingIncome,EPSDiluted,GrossProfit,GrossProfitRatio,TotalAssets,CommonStockEquity,CurrentAssets,CurrentLiability,TotalLiability,Inventory,RetainedEarnings,MarketCap,EnterpriseValue,bookValuePerShare,currentRatio,debtToAssets,debtToEquity,roic,shareholdersEquityPerShare,roe,priceToSalesRatio,peRatio,pbRatio,payoutRatio,inventoryTurnover,dividendYield,assetTurnover,quickRatio,returnOnAssets,priceToFreeCashFlowsRatio,grossProfitMargin,epsdilutedGrowth,fiveYNetIncomeGrowthPerShare,fiveYRevenueGrowthPerShare,fiveYShareholdersEquityGrowthPerShare,grossProfitGrowth,netIncomeGrowth,operatingIncomeGrowth,threeYNetIncomeGrowthPerShare,threeYRevenueGrowthPerShare,threeYShareholdersEquityGrowthPerShare,Industry,Sector,Symbol
2023Q1,2023,Q1,2023-05-12,2023-03-31,-3038000.0,2817000.0,-3026000.0,-0.13,749000.0,0.265885694,19423000.0,14160000.0,3995000.0,4501000.0,5198000.0,546000.0,-95327000.0,15412660.432,14470660.432,0.6100335527070282,0.8875805376582981,0.06173093754826752,0.08467514124293786,-0.18626001835250136,0.6100335527070282,-0.21454802259887007,5.471302957756478,-1.2683229453587888,1.0884647197740114,0.0,3.7875457875457874,0.0,0.14503423775935748,0.6662963785825372,-0.1564125006435669,-9.651008410770194,0.26588569400071,-0.3,0.955009500385024,-0.8570935930201853,-0.9618544308777679,0.2525083612040134,-0.31629116117850953,-0.3009458297506449,0.6581172867317867,-0.16445339609968804,-0.5474369462306672,Diagnostics & Research,Healthcare,PRPO
2022Q4,2022,Q4,2023-03-30,2022-12-31,-2308000.0,2391000.0,-2326000.0,-0.1,598000.0,0.2501045588,21504000.0,16302000.0,5710000.0,4361000.0,5137000.0,708000.0,-92297000.0,12545155.044,10492155.044,0.7165254449604553,1.3093327218527862,0.06473214285714286,0.08538829591461171,-0.1257672820056745,0.7165254449604553,-0.14157772052508893,5.246823523212045,-1.3588772794627384,0.769546990798675,0.0,2.5324858757062145,0.0,0.11118861607142858,1.027516624627379,-0.10732886904761904,-8.083218456185566,0.25010455876202425,0.28571428571428575,0.9914735547743426,-0.9067620161379771,-0.9538779860109393,0.37155963302752293,0.26096701889209095,0.2796531433880458,0.7753808430021432,0.2788181860917732,-0.5457236275585495,Diagnostics & Research,Healthcare,PRPO
2022Q3,2022,Q3,2022-11-10,2022-09-30,-3123000.0,2215000.0,-3229000.0,-0.14,436000.0,0.1968397291,23547000.0,18196000.0,7418000.0,4410000.0,5293000.0,663000.0,-90007000.0,18304579.560000002,14744579.560000002,0.7992308128163311,1.6820861678004535,0.06726971588737418,0.08705209936249725,-0.15238384898182558,0.7992308128163311,-0.1716311277203781,8.26391853724605,-1.4653041594620557,1.0059672213673334,0.0,2.683257918552036,0.0,0.09406718477937742,1.3829931972789116,-0.13262836030067524,-7.756177779661018,0.19683972911963882,-0.71990171990172,0.9891793964986135,-0.821495524454185,-0.9805975224832393,-0.4359637774902975,-0.6890210924824229,-0.32716810521989315,0.5526790750705427,-0.232334136696684,-0.6767270225873839,Diagnostics & Research,Healthcare,PRPO
2022Q2,2022,Q2,2022-08-11,2022-06-30,-1849000.0,2359000.0,-2433000.0,-0.0814,773000.0,0.3276812209,25979000.0,20513000.0,9606000.0,4394000.0,5414000.0,642000.0,-86828000.0,24071230.48,17923230.48,0.9033098668581233,2.186162949476559,0.051002732976634976,0.06459318480963291,-0.09152742388162134,0.9033098668581233,-0.09013796129283869,10.203997660025435,-3.2546282422931316,1.1734622181055916,0.0,2.470404984423676,0.0,0.09080411101274107,1.9572143832498863,-0.07117287039531929,-13.818157566016074,0.32768122085629503,0.5715789473684211,0.999142297936698,-0.9845117640808505,-0.9982287011488312,0.09957325746799431,0.5764032073310423,0.4940736119775421,0.9221298690520777,-0.37638161394863323,-0.6409476931257638,Diagnostics & Research,Healthcare,PRPO
2022Q1,2022,Q1,2022-05-11,2022-03-31,-4365000.0,2447000.0,-4809000.0,-0.19,703000.0,0.2872905599,27971000.0,22206000.0,11387000.0,4395000.0,5719000.0,522000.0,-84684000.0,30656592.450000003,22718592.450000003,0.977867975669292,2.5908987485779296,0.04729898823781774,0.059578492299378547,-0.1856051659553446,0.977867975669292,-0.19656849500135098,12.528235574172458,-1.755818582474227,1.380554465009457,0.0,3.3409961685823757,0.0,0.08748346501733939,2.3697383390216156,-0.15605448500232383,-13.078751045221845,0.28729055986922764,-0.9648397104446744,0.9935080049151765,-0.9902544149908759,1.0028190148346694,0.08992248062015504,-0.9877049180327869,-1.175033921302578,0.5995194227777794,-0.47982234479981406,-0.6577120979985451,Diagnostics & Research,Healthcare,PRPO
2021Q4,2021,Q4,2022-03-30,2021-12-31,-2196000.0,2435000.0,-2211000.0,-0.0967,645000.0,0.2648870637,30439000.0,24564000.0,13478000.0,4213000.0,5835000.0,564000.0,-80094000.0,35878693.72,25640693.72,1.0817316902026832,3.1991455020175645,0.04697920431025986,0.05821527438527927,-0.08095217992654516,1.0817316902026832,-0.0893991206643869,14.734576476386037,-4.084550742258652,1.4606209786679696,0.0,3.173758865248227,0.0,0.07999605768914879,2.9349632091146454,-0.07214428857715431,-24.608157558299038,0.2648870636550308,-0.2087499999999999,0.9959727320912493,-0.9822247821763708,1.0033268141025302,0.2215909090909091,-0.18064516129032257,0.09348093480934809,0.9493762389157623,-0.4612016919091247,-0.39193128656103476,Diagnostics & Research,Healthcare,PRPO
2021Q3,2021,Q3,2021-11-12,2021-09-30,-1860000.0,2246000.0,-2439000.0,-0.08,528000.0,0.2350845948352627,31605000.0,25880000.0,15090000.0,3648000.0,5688000.0,680000.0,-77889000.0,64036655.879999995,51587655.879999995,1.139684747697665,4.136513157894737,0.024489795918367346,0.02990726429675425,-0.08955388287130531,1.139684747697665,-0.07187017001545595,28.511422920747993,-8.607077403225807,2.4743684652241114,0.0,2.526470588235294,0.0,0.07106470495174814,3.7809758771929824,-0.05885144755576649,-26.330861792763155,0.2350845948352627,0.4285714285714286,0.9977742009612447,-0.9886727929005773,1.0033464811849335,-0.2969374167776298,0.38267507467640227,-0.14399624765478425,0.967082597578685,-0.7646268502965142,-0.8079642373509313,Diagnostics & Research,Healthcare,PRPO
2021Q2,2021,Q2,2021-08-12,2021-06-30,-3013000.0,2344000.0,-2132000.0,-0.14,751000.0,0.3203924914675768,33540000.0,27227000.0,16980000.0,3638000.0,6282000.0,556000.0,-76029000.0,76379418.06,61531418.06,1.2939874708440533,4.667399670148433,0.02543231961836613,0.031329195284092996,-0.07419781443585996,1.2939874708440533,-0.1106622103059463,32.58507596416382,-6.3374890524394285,2.8052821853307375,0.0,2.865107913669065,0.0,0.06988670244484198,4.437603078614623,-0.0898330351818724,-40.30576150923483,0.3203924914675768,-0.7500000000000001,0.9930430247850578,-0.9893147986092523,1.0038476467226976,0.6047008547008547,-1.075068870523416,0.002339728591483388,0.9300701092619839,-0.8114879404781099,-0.8533509859729367,Diagnostics & Research,Healthcare,PRPO
2021Q1,2021,Q1,2021-05-14,2021-03-31,-1452000.0,1824000.0,-2137000.0,-0.08,468000.0,0.2565789473684211,20423000.0,14530000.0,3859000.0,4183000.0,5865000.0,472000.0,-73016000.0,41266630.02,39701630.02,0.8133520954760046,0.9225436289744203,0.035303334475836064,0.04962147281486579,-0.13557924121304402,0.8133520954760046,-0.09993117687543014,22.624248914473686,-7.105136022727273,2.8400984184445974,0.0,2.8728813559322033,0.0,0.08931107085149097,0.6959120248625389,-0.0710963129804632,-27.996356865671643,0.2565789473684211,0.31484109149277684,0.9988753882718204,-0.980461151159886,1.002383686394282,-0.018867924528301886,0.2231139646869984,0.05106571936056838,0.9720602722916685,-0.8797701809144959,-0.9491408653818874,Diagnostics & Research,Healthcare,PRPO
2020Q4,2020,Q4,2021-03-29,2020-12-31,-1869000.0,1941000.0,-2252000.0,-0.11676123452046835,477000.0,0.24574961360123648,20713000.0,14135000.0,4204000.0,4656000.0,6551000.0,350000.0,-71564000.0,33134541.749999996,31969541.749999996,0.8830497859533548,0.9029209621993127,0.0719837783034809,0.10548284400424478,-0.1398149872726144,0.8830497859533548,-0.13222497347010967,17.070861282843893,-4.432121689406099,2.344148691192076,0.0,4.182857142857143,0.0,0.09370926471298219,0.7581615120274914,-0.09023318688746199,-22.37308693450371,0.24574961360123648,0.44399412133110305,0.9997273297030139,1.0004557136292205,1.0031107873972875,0.26525198938992045,0.4339794064203513,0.07401315789473684,0.9901861333744995,-0.8924185282439111,-0.9431589835821874,Diagnostics & Research,Healthcare,PRPO
2020Q3,2020,Q3,2020-11-13,2020-09-30,-3302000.0,1627000.0,-2432000.0,-0.21,377000.0,0.23171481253841425,20717000.0,13834000.0,3968000.0,4467000.0,6856000.0,280000.0,-69695000.0,39217211.25,38603211.25,0.8642455421916315,0.8882919185135437,0.07452816527489502,0.11160907908052624,-0.1530329725648125,0.8642455421916315,-0.2386872921786902,24.104001997541488,-2.9692013363113268,2.834842507589996,0.0,4.464285714285714,0.0,0.07853453685379157,0.7262144616073427,-0.15938601148814982,-15.832543903916028,0.23171481253841425,-0.049999999999999906,0.9991356346138661,-0.9992149884822508,-0.9960648971769556,1.2046783625730995,-0.4682080924855491,-0.0765825586542718,0.983727673330371,-0.813509798678092,-0.9790191964168087,Diagnostics & Research,Healthcare,PRPO
2020Q2,2020,Q2,2020-08-13,2020-06-30,-2249000.0,1308000.0,-2259000.0,-0.2,171000.0,0.13073394495412843,19034000.0,12610000.0,2015000.0,4680000.0,6407000.0,233000.0,-66393000.0,16121392.059999999,17368392.06,1.110710535005747,0.4305555555555556,0.08406010297362615,0.126883425852498,-0.15275899377873953,1.110710535005747,-0.17835051546391753,12.325223287461773,-1.7920622565584705,1.2784609088025376,0.0,4.879828326180258,0.0,0.06871913418093938,0.3647435897435897,-0.11815698224230324,-8.004663386295928,0.13073394495412843,0.7435897435897436,0.9983669043027971,-0.9995581564004389,-0.9972548449528909,0.368,0.2982839313572543,-0.02541988197911938,0.9979132653398467,-0.98282249874719,-0.9978220095154283,Diagnostics & Research,Healthcare,PRPO
2020Q1,2020,Q1,2020-05-14,2020-03-31,-3205000.0,1216000.0,-2203000.0,-0.78,125000.0,0.10279605263157894,18995000.0,11285000.0,1692000.0,6739000.0,7710000.0,195000.0,-64144000.0,5859532.0044,8731532.0044,1.3479526170467213,0.2510758272740763,0.1731508291655699,0.2914488258750554,-0.1449628216095282,1.3479526170467213,-0.28400531679220203,4.81869408256579,-0.45706177881435256,0.5192319011431102,0.0,5.5948717948717945,0.0,0.06401684653856278,0.1929069594895385,-0.1687286127928402,-3.632691881215127,0.10279605263157894,-0.7270895741867233,0.9973724635910403,-0.9995345322184102,-0.9971991570907915,7.578947368421052,0.15234065062152868,0.4849193359831658,0.9870703984088528,-0.9868637714947771,1.0038859012856876,Diagnostics & Research,Healthcare,PRPO
2019Q4,2019,Q4,2020-03-27,2019-12-31,-3781000.0,688000.0,-4277000.0,-0.4516268360703281,-19000.0,-0.027616279069767442,19511000.0,13205000.0,1878000.0,4334000.0,6306000.0,184000.0,-60939000.0,17162509.799999997,17672509.799999997,1.5772897038637088,0.43331795108444854,0.06960176310799036,0.10283983339644075,-0.2751806393668748,1.5772897038637088,-0.28633093525179854,24.945508430232554,-1.134786418936789,1.2996978265808405,0.0,3.842391304347826,0.0,0.035262159807288196,0.3281033687125058,-0.19378811952232075,-7.997441658900279,-0.027616279069767442,-0.45686076151718746,0.9986296832560663,-0.9998123099738779,-0.9957692627613594,-1.6785714285714286,-0.9931470743278862,-0.8099873042742277,0.9811922232228515,-0.986377494160432,1.004850879084079,Diagnostics & Research,Healthcare,PRPO
2019Q3,2019,Q3,2019-11-13,2019-09-30,-1897000.0,784000.0,-2363000.0,-0.31,28000.0,0.03571428571428571,22525000.0,15294000.0,2956000.0,4640000.0,7231000.0,182000.0,-57158000.0,16145770.59,15928770.59,2.47230937523187,0.6370689655172413,0.06508324084350721,0.09585458349679613,-0.13478980092407736,2.47230937523187,-0.1240355695043808,20.594095140306123,-2.1278031879283077,1.0556931208316986,0.0,4.153846153846154,0.0,0.03480577136514983,0.5120689655172413,-0.08421753607103219,-7.5695127004219405,0.03571428571428571,0.7047619047619047,0.9373620257709235,-0.9996749870575995,-0.9960519879311381,-0.8372093023255814,0.6791814645695924,-0.02962962962962963,0.9916669957582319,-0.985485889759136,1.0072594959476835,Diagnostics & Research,Healthcare,PRPO
2019Q2,2019,Q2,2019-08-09,2019-06-30,-5913000.0,942000.0,-2295000.0,-1.05,172000.0,0.18259023354564755,22205000.0,14227000.0,2331000.0,4750000.0,7978000.0,189000.0,-55261000.0,23072489.76,23085489.76,2.515816914593789,0.49073684210526314,0.053231254222022066,0.0830814648204119,-0.1414396647356095,2.515816914593789,-0.4156181907640402,24.493088917197454,-0.9754984677828514,1.6217396330920082,0.0,4.074074074074074,0.0,0.042422877730240935,0.432,-0.2662913758162576,-7.602138306425042,0.18259023354564755,-1.1875091146213113,0.9956109775078495,-0.9995975688080022,-0.9960283099022919,3.526315789473684,-2.5792978208232444,-0.1146187469645459,0.9491998932694707,-0.984022404254918,1.0074807329471513,Diagnostics & Research,Healthcare,PRPO
2019Q1,2019,Q1,2019-05-16,2019-03-31,-1652000.0,713000.0,-2059000.0,-0.479998,38000.0,0.05329593267882188,21639000.0,9833000.0,1433000.0,9951000.0,11806000.0,149000.0,-49348000.0,6804622.461,10919622.461,2.8568581301045675,0.1440056275751181,0.20412218679236563,0.4492016678531476,-0.13600634123786248,2.8568581301045675,-0.16800569510830876,9.54365001542777,-1.029755215042373,0.6920189627783992,0.0,4.530201342281879,0.0,0.032949766625075094,0.11084313134358356,-0.07634363880031425,-3.6156336137088205,0.05329593267882188,0.7487297709180228,0.9981218476503229,-0.9994584715275255,-0.9967335629230312,0.02702702702702703,0.7487452471482889,0.6012780790085205,0.9933589661441606,-0.9603582034555117,1.0083725779929775,Diagnostics & Research,Healthcare,PRPO
2018Q4,2018,Q4,2019-04-16,2018-12-31,-6575000.0,685000.0,-5164000.0,-1.9102859966884502,37000.0,0.05401459854014599,21605000.0,6123000.0,1793000.0,13765000.0,15482000.0,197000.0,-47696000.0,7950772.83,12674772.83,1.7789629137221872,0.13025790047221214,0.23628789632029623,0.8337416299199739,-0.43302389906562655,1.7789629137221872,-1.0738200228646089,11.606967635036497,-0.30231075399239543,1.2985093630573248,0.0,3.2893401015228427,0.0,0.031705623698218006,0.07780602978568835,-0.3043277019208517,-4.007445982862904,0.05401459854014599,0.25086441747018695,0.9921607274053525,-0.999476976601031,-0.9974602452408584,4.363636363636363,-0.7082359054299818,-0.25431139179013845,0.9955389453341722,1.000747946116702,1.0062668894781217,Diagnostics & Research,Healthcare,PRPO
2018Q3,2018,Q3,2018-11-19,2018-09-30,-3849000.0,650000.0,-4117000.0,-2.549987,-11000.0,-0.016923076923076923,24650000.0,9180000.0,1466000.0,10289000.0,15470000.0,175000.0,-41121000.0,9327330.63,12808330.63,5.934752631364586,0.14248226261055497,0.15010141987829614,0.40305010893246185,-0.31415490270888974,5.934752631364586,-0.419281045751634,14.349739430769231,-0.6058281780982074,1.0160490882352942,0.0,3.777142857142857,0.0,0.02636916835699797,0.08523666051122558,-0.15614604462474646,-7.695817351485149,-0.016923076923076923,-0.13333309629513745,0.9926761907563705,-0.9989667828882782,-0.9937001563759172,-1.062857142857143,-0.3595902507947722,-0.885936784241869,0.9895734945894267,-0.9967545688802383,-0.972977746839712,Diagnostics & Research,Healthcare,PRPO
2018Q2,2018,Q2,2018-08-16,2018-06-30,-2831000.0,817000.0,-2183000.0,-2.249989,175000.0,0.2141982864137087,25889000.0,12199000.0,1158000.0,9282000.0,13690000.0,171000.0,-37272000.0,7627395.942000001,11294395.942000002,8.823703858010626,0.12475759534583064,0.1443856464135347,0.30641855889827035,-0.13495301681503463,8.823703858010626,-0.2320682023116649,9.335857946144431,-0.6735602209466619,0.6252476384949587,0.0,3.754385964912281,0.0,0.03155780447294217,0.08866623572505926,-0.10935146201089266,-3.0448686395209585,0.2141982864137087,0.6808510396860127,0.9883287465834195,-0.9986782548935145,-0.9931397780595798,6.291666666666667,-0.16072160721607215,0.10825163398692811,0.9831188147222896,-0.9977336667587576,-0.9781919461312314,Diagnostics & Research,Healthcare,PRPO
2018Q1,2018,Q1,2018-05-21,2018-03-31,-2439000.0,712000.0,-2448000.0,-7.049965,24000.0,0.033707865168539325,26093000.0,13408000.0,1206000.0,8751000.0,12685000.0,159000.0,-33981000.0,6755875.5479999995,10190875.548,15.992251963845678,0.13781282139184092,0.14260529643965814,0.2775208830548926,-0.14166666666666666,15.992251963845678,-0.1819063245823389,9.488589252808987,-0.6924841685116851,0.5038689997016707,0.0,4.327044025157233,0.0,0.027287011842256542,0.0957604845160553,-0.09347334534166252,-5.874674389565217,0.033707865168539325,0.40744531771528825,0.9873804150374169,-0.9982084851303075,-0.9896640711475514,-0.926605504587156,0.7554887218045113,0.766412213740458,0.9800333562775738,-0.9972784983378153,-0.9667705044311213,Diagnostics & Research,Healthcare,PRPO
2017Q4,2017,Q4,2018-04-13,2017-12-31,-9975000.0,945000.0,-10480000.0,-11.897577068866397,327000.0,0.346031746031746,27260000.0,13025000.0,1742000.0,10036000.0,14235000.0,161000.0,-31542000.0,15091308.0,18249308.0,15.53543271398344,0.17357512953367876,0.13129126925898751,0.2747792706333973,-0.6250372756008827,15.53543271398344,-0.7658349328214972,15.969638095238095,-0.37822827067669174,1.158641689059501,0.0,3.8385093167701863,0.0,0.034666177549523114,0.11468712634515743,-0.36592076302274396,-6.416372448979592,0.346031746031746,0.4167825217132754,0.9199832646418997,-0.9975954782747501,-0.9880798465374999,5.246753246753247,-0.5883757961783439,-1.8846683181943298,0.9639006193441284,-0.9974257120455531,-0.9583295741166357,Diagnostics & Research,Healthcare,PRPO
2017Q3,2017,Q3,2017-11-20,2017-09-30,-6280000.0,270000.0,-3633000.0,-20.399898,-77000.0,-0.2851851851851852,34977000.0,20406000.0,1112000.0,13735000.0,14571000.0,99000.0,-21567000.0,16050474.0,15886474.0,41.19220404331984,0.08096104841645431,0.006204076964862624,0.010634127217485053,-0.17468025771708817,41.19220404331984,-0.30775262177790846,59.4462,-0.6389519904458599,0.7865566009997059,0.0,3.505050505050505,0.0,0.007719358435543357,0.064506734619585,-0.1795465591674529,-4.478368861607143,-0.2851851851851852,0.7851058885494574,0.9389303283834117,-0.9990834172386152,-0.9757930115590572,-2.2083333333333335,-0.7065217391304348,-3.5355805243445695,-1.5894375082006924,-0.9986022684291262,-0.9342204821389729,Diagnostics & Research,Healthcare,PRPO
2017Q2,2017,Q2,2017-08-22,2017-06-30,-3680000.0,260000.0,-801000.0,-94.93,-24000.0,-0.09230769230769231,37010000.0,19769000.0,1798000.0,16314000.0,17241000.0,108000.0,-15287000.0,5233275.0,5131275.0,509.9703340642332,0.11021208777736913,0.023372061604971628,0.04375537457635692,-0.03847262247838617,509.9703340642332,-0.18615003287976123,20.12798076923077,-0.3555213994565217,0.264721280793161,0.0,2.6296296296296298,0.0,0.007025128343690895,0.0941522618609783,-0.09943258578762497,-6.178600944510036,-0.09230769230769231,-2.013635677636919,-1.2370328657513885,-0.9902141377597947,-0.7328208971279002,-1.120603015075377,-1.0885357548240635,0.48488745980707393,0.601523919761395,-0.9837965090562605,-0.19491592803172297,Diagnostics & Research,Healthcare,PRPO
2017Q1,2017,Q1,2017-05-18,2017-03-31,-1762000.0,658000.0,-1555000.0,-31.500158,199000.0,0.30243161094224924,1229000.0,-20643000.0,567000.0,21129000.0,21872000.0,15000.0,-227255000.0,501669.3,7810669.3,-346.88287682742396,0.026835155473519806,5.995117982099267,-0.35692486557186454,0.11713747645951036,-346.88287682742396,0.08535581068643124,0.762415349544073,-0.07117895856980704,-0.024302150850167126,0.0,30.6,0.0,0.5353946297803092,0.015996970987741967,-1.433685923515053,-10.033386,0.30243161094224924,-0.31180853924422663,0.8725276329390318,-0.9821900922479462,-1.155430418133721,1.6891891891891893,-0.2330300909727082,0.25348055688910226,0.8841398480309501,-0.9710955257409192,-1.396614405977955,Diagnostics & Research,Healthcare,PRPO
2016Q4,2016,Q4,2017-04-13,2016-12-31,-1429000.0,359000.0,-2083000.0,-24.012770962863385,74000.0,0.20612813370473537,1259000.0,-19350000.0,495000.0,19824000.0,20609000.0,24000.0,-225493000.0,253691.13,7957691.13,-325.1554360611662,0.024969733656174335,6.206513105639396,-0.40382428940568477,0.18056518723994452,-325.1554360611662,0.07385012919896641,0.7066605292479109,-0.04438263296011196,-0.013110652713178295,0.0,11.875,0.0,0.2851469420174742,0.01689870863599677,-1.1350277998411438,10.57046375,0.20612813370473537,0.3329819194553087,-2.0597575382735944,-0.9918305468289714,-1.3416074535085043,1.7407407407407407,0.2580477673935618,-0.2873918417799753,0.9014583901797714,-0.984146235210583,-1.4642115132513995,Diagnostics & Research,Healthcare,PRPO
2016Q3,2016,Q3,2016-11-14,2016-09-30,-1926000.0,457000.0,-1618000.0,-36.00018,27000.0,0.05908096280087528,2078000.0,-17824000.0,866000.0,18260000.0,19902000.0,36000.0,-219589000.0,221385.51,7964385.51,-340.56212622045587,0.04742606790799562,3.7603464870067373,-0.4383976660682226,0.16163836163836165,-340.56212622045587,0.10805655296229802,0.48443218818380746,-0.028736436915887852,-0.012420641270197489,0.0,11.944444444444445,0.0,0.21992300288739172,0.013745892661555311,-0.9268527430221367,-0.27031197802197804,0.05908096280087528,-0.5999999644446231,0.7353299836507768,-0.9903360085436111,-1.0669066185366405,1.7297297297297298,-0.9317953861584755,0.13706666666666667,0.89168798623243,-0.9785303152154889,-1.3615126480816209,Diagnostics & Research,Healthcare,PRPO
2016Q2,2016,Q2,2016-08-15,2016-06-30,-997000.0,505000.0,-1875000.0,-22.500113,-37000.0,-0.07326732673267326,3094000.0,-16290000.0,1803000.0,17719000.0,19384000.0,39000.0,-217663000.0,399613.5,7792613.5,-336.3062058714233,0.10175517805745245,2.5255332902391725,-0.47968078575813383,0.2212128362435111,-336.3062058714233,0.061203192142418664,0.7913138613861386,-0.10020398696088265,-0.024531215469613257,0.0,13.897435897435898,0.0,0.1632191338073691,0.04227100852192562,-0.3222365869424693,-0.4808826714801444,-0.07326732673267326,0.6874999930555903,0.9686725027092106,-0.9875862521673763,-28.658913093695705,0.862453531598513,0.694546568627451,0.16406598305840392,0.8826832853386894,-0.9766813106206577,-1.2614701546362608,Diagnostics & Research,Healthcare,PRPO
2016Q1,2016,Q1,2016-05-23,2016-03-31,-3264000.0,236000.0,-2243000.0,-72.00036,-269000.0,-1.1398305084745763,3592000.0,-15410000.0,2121000.0,17281000.0,19002000.0,44000.0,-216666000.0,395348.148,7519348.148,-341.2160666046676,0.12273595278051039,2.0451002227171493,-0.47670343932511355,0.27814980158730157,-341.2160666046676,0.2118105126541207,1.6752040169491524,-0.030280954963235292,-0.025655298377676834,0.0,11.477272727272727,0.0,0.06570155902004454,0.02268387246108443,-0.9086859688195991,-0.20347305609881625,-1.1398305084745763,0.8318589245400486,0.7625236453781983,-0.9936230520808393,-1.5575761288878278,0.9627681660899654,0.831221883241119,-1.4610483042137719,0.6864804458179964,-0.988976141305218,-1.2205308542981514,Diagnostics & Research,Healthcare,PRPO
2015Q4,2015,Q4,2016-04-14,2015-12-31,-19339000.0,-12017000.0,4865000.0,-428.2139852088039,-7225000.0,-0.601231588582841,4816000.0,-12820000.0,3282000.0,16981000.0,17636000.0,50000.0,-213412000.0,724850.1,7876850.1,-283.8669678047916,0.1932748365820623,1.5772425249169435,-0.5925117004680187,-0.8352875876503489,-283.8669678047916,1.5085023400936037,-0.060318723475076975,-0.009370315166244376,-0.056540569422776916,0.0,-95.84,0.0,-2.4952242524916945,0.041693657617337024,-4.015573089700997,-0.25220949895615863,0.601231588582841,-0.7301488617556081,-4.0961372320547085,-1.4769909411916178,-1.3048397273084869,-5.095804988662132,-1.6495410330182216,1.5451591214701927,-1.8799380691345238,-1.5676415395221441,-1.2178077612297198,Diagnostics & Research,Healthcare,PRPO
2015Q3,2015,Q3,2015-11-16,2015-09-30,-7299000.0,3960000.0,-8924000.0,-247.501238,1764000.0,0.44545454545454544,24450000.0,6717000.0,16104000.0,16147000.0,17733000.0,0.0,-194073000.0,423527.232,4436527.232,219.62464033481558,0.9973369666191862,0.278118609406953,1.012356706863183,-0.6234055804450026,219.62464033481558,-1.0866458240285841,0.10695132121212121,-0.014506344430743938,0.06305303439035284,0.0,0.0,0.0,0.1619631901840491,0.7455874156190004,-0.2985276073619632,-0.12093867275842377,0.44545454545454544,-0.8333333370370185,-1.4256089840124857,-0.7325731863045678,-0.784622962035472,-0.38579387186629527,-1.2287022900763358,-2.2135397911415198,-0.1496823705504522,-0.7822532538262135,-0.8709355021561835,Diagnostics & Research,Healthcare,PRPO
2015Q2,2015,Q2,2015-08-14,2015-06-30,-3275000.0,7040000.0,-2777000.0,-135.000675,2872000.0,0.40795454545454546,31409000.0,10924000.0,15473000.0,13313000.0,20485000.0,2619000.0,-186774000.0,676324.9500000001,6042324.95,404.6075780584466,1.1622474273266732,0.24435671304403198,0.7025814719882827,-0.15124878167205708,404.6075780584466,-0.29979860856829,0.09606888494318183,-0.051627858778625954,0.06191184090076895,0.0,1.591447117220313,0.0,0.22413957782801108,0.9034778036505671,-0.10426947690152504,-0.25207787923965713,0.40795454545454546,0.16666666666666666,0.03552112685706737,-0.5336687677997453,-0.6303975687951313,-0.03429724277067922,-0.07694837224597172,-0.04911220249338874,-1.8584326226936763,-0.6195561935085091,-0.7880216112584839,Diagnostics & Research,Healthcare,PRPO
2015Q1,2015,Q1,2015-05-14,2015-03-31,-3041000.0,6513000.0,-2647000.0,-162.00081,2974000.0,0.45662521111622906,34491000.0,10045000.0,18232000.0,11067000.0,24446000.0,2984000.0,-186960000.0,450835.2,3519835.2,481.26676887696436,1.647420258425951,0.2449334609028442,0.8410154305624689,-0.1453336447206889,481.26676887696436,-0.30273768043802884,0.06922081989866422,-0.03706307135810589,0.044881553011448486,0.0,1.1859919571045576,0.0,0.1888318691832652,1.240083130026204,-0.0881679278652402,-0.12796911722963383,0.45662521111622906,0.5324675331421791,-3.096170692380127,-0.477688994672415,-0.6068287894439222,0.1355479190530737,0.47505610219230104,0.5452671362308882,0.37273298502785956,-0.49737655936393876,-0.784355181193834,Diagnostics & Research,Healthcare,PRPO
2014Q4,2014,Q4,2015-04-15,2014-12-31,-5793000.0,7696000.0,-5821000.0,-346.501733,2619000.0,0.3403066528066528,30006000.0,6553000.0,13432000.0,11115000.0,23453000.0,3005000.0,-183588000.0,529946.5499999999,6757946.55,372.8167491608352,1.2084570400359873,0.2611810971139106,1.1959407904776438,-0.4082521132319434,372.8167491608352,-0.8840225850755379,0.06885999870062369,-0.02287012558259969,0.08087083015412788,0.0,1.6895174708818637,0.0,0.2564820369259481,0.830949167791273,-0.1930613877224555,-0.21180917266187047,0.3403066528066528,-14.399999680001608,-24.272324694930344,-0.3878235926379581,-0.7087988537038203,0.18239277652370203,-71.4125,-0.45270776141751934,-15.545311006368285,-0.4070626669525431,-0.6083196951928119,Diagnostics & Research,Healthcare,PRPO
2014Q3,2014,Q3,2014-11-12,2014-09-30,-80000.0,6372000.0,-4007000.0,-22.500113,2215000.0,0.34761456371625865,30848000.0,10233000.0,13690000.0,9810000.0,20615000.0,3590000.0,-177490000.0,924083.5499999999,7038083.55,626.2162658344042,1.3955147808358817,0.22672458506224066,0.6834750317599921,-0.17554716104929624,626.2162658344042,-0.007817844229453728,0.14502252824858755,-2.88776109375,0.09030426561125769,0.0,1.1579387186629526,0.0,0.20656120331950206,0.854841997961264,-0.0025933609958506223,-0.23317778198334593,0.34761456371625865,0.9122806999760699,0.8781568905595667,-0.29608439514534934,-0.5035505687131777,-0.07438361888842457,0.9794502954020036,-0.013147914032869785,0.9647897877277916,-0.5684349173026321,4.800571011383022,Diagnostics & Research,Healthcare,PRPO
2014Q2,2014,Q2,2014-08-08,2014-06-30,-3893000.0,6764000.0,-3955000.0,-256.501283,2393000.0,0.3537847427557658,31091000.0,10351000.0,13377000.0,9761000.0,20740000.0,4009000.0,-177106000.0,916730.1,6627730.1,633.4373661342635,1.3704538469419116,0.22199350294297385,0.6667954786977104,-0.22876538915923705,633.4373661342635,-0.37609892763984154,0.13553076581904197,-0.05887041484716157,0.08856439957492031,0.0,1.0902968321277127,0.0,0.21755491943006014,0.86968548304477,-0.1252130841722685,-0.26525755208333335,0.3537847427557658,0.049999998148157414,-1.9727173350837,-0.3110777316705572,-0.5151683918900087,-0.0404971932638332,0.06776819923371648,-0.11754732975416785,0.6374044086539342,-0.5071409759109857,51.09594338233956,Diagnostics & Research,Healthcare,PRPO
2014Q1,2014,Q1,2014-05-15,2014-03-31,-4176000.0,6251000.0,-3539000.0,-270.00135,2494000.0,0.3989761638137898,30717000.0,14292000.0,12680000.0,8046000.0,16425000.0,4053000.0,-172908000.0,1122626.7,3137626.7,874.6098769965118,1.5759383544618444,0.12234267669368754,0.26294430450601736,-0.22303830803837216,874.6098769965118,-0.29219143576826195,0.17959153735402336,-0.06720705818965518,0.0785493073047859,0.0,0.9269676782630151,0.0,0.20350294625126153,0.986080039771315,-0.135950776443012,-0.2870433904372283,0.3989761638137898,3.9999640003304645e-06,-1.4426411064862183,-0.30156166711002624,-0.3500716781235743,-0.023492560689115115,-0.048719236564540434,0.01993907504846303,0.16029787930899808,-0.5331848926963345,0.42918706717224503,Diagnostics & Research,Healthcare,PRPO
2013Q4,2013,Q4,2014-03-27,2013-12-31,-3982000.0,6218000.0,-3611000.0,-270.00243,2554000.0,0.4107430041814088,30278000.0,11446000.0,11835000.0,8625000.0,18832000.0,3957000.0,-168502000.0,112752.90000000001,5046752.9,700.4467290863472,1.3721739130434782,0.2166589603012088,0.5731259828761139,-0.19534424054778,700.4467290863472,-0.34789446094705573,0.018133306529430685,-0.00707891135107986,0.009850856194303688,0.0,0.9259540055597675,0.0,0.20536363035867627,0.8046376811594202,-0.13151463108527645,-0.05042616279069768,0.4107430041814088,0.1666666666666667,-9.135594167568536,-0.4340114991279703,-0.5168217148619813,-0.10417397404419503,0.28278097982708933,0.33203847576766554,-1.9000326882725216,-0.31788229194052736,-0.24780261845880264,Diagnostics & Research,Healthcare,PRPO
2013Q3,2013,Q3,2013-11-14,2013-09-30,-5552000.0,6646000.0,-5406000.0,-324.002916,2851000.0,0.42897983749623836,33180000.0,15394000.0,14174000.0,8991000.0,17786000.0,4454000.0,-164337000.0,93143.7,2637143.7,942.0476103053669,1.576465354243132,0.19770946353224833,0.4261400545667143,-0.2458878374206893,942.0476103053669,-0.36065999740158505,0.014015001504664459,-0.00419415075648415,0.006050649603741717,0.0,0.8520431073192636,0.0,0.20030138637733574,0.9376042709376042,-0.1673297166968053,-0.116429625,0.42897983749623836,-1.0,-5.202131697456476,-0.3097271153464464,-0.3743265269944158,-0.16392961876832846,-0.9365190094175095,-0.8501026694045175,-2.4532064332150445,-0.1599874860961047,-0.07617185567238809,Diagnostics & Research,Healthcare,PRPO
2013Q2,2013,Q2,2013-08-08,2013-06-30,-2867000.0,7306000.0,-2922000.0,-162.001458,3410000.0,0.4667396660279223,39363000.0,21018000.0,19917000.0,7914000.0,18345000.0,4407000.0,-158605000.0,100497.15000000001,1712497.1500000004,1286.2125940884891,2.5166793025018954,0.20323654193023905,0.3806261299838234,-0.10048582493427931,1286.2125940884891,-0.1364068893329527,0.013755427046263346,-0.008763267352633415,0.004781480159862975,0.0,0.8840481052870434,0.0,0.18560577191779082,1.8229719484457922,-0.07283489571424942,-0.03834305608546357,0.4667396660279223,0.24999999999999997,-16.823348426269103,-0.34796672416090135,-0.18434206909272854,-0.07362129856017387,0.20050195203569438,0.2350785340314136,-0.39501268397043676,-0.2004040962367367,0.17493425136183585,Diagnostics & Research,Healthcare,PRPO
2013Q1,2013,Q1,2013-05-09,2013-03-31,-3586000.0,7374000.0,-3820000.0,-216.001944,3681000.0,0.49918633034987797,41398000.0,24069000.0,21594000.0,9494000.0,17329000.0,4783000.0,-155556000.0,91002.59999999999,-1204997.4000000004,1547.2486500385703,2.274489151042764,0.15539398038552588,0.26727325605550706,-0.12758589600681922,1547.2486500385703,-0.14898832523162575,0.012341008950366151,-0.006344297267150027,0.0037809048984170507,0.0,0.7721095546727995,0.0,0.17812454707956907,1.6458816094375395,-0.08662254215179477,-0.02660116924875767,0.49918633034987797,-0.45271346340856033,-18.211678378275845,-0.30957259094986617,-0.007822037789416645,0.0386568848758465,-0.5503674881106788,-0.1689106487148103,-5.4809406239186815,-0.2065540212790267,0.264025825399223,Diagnostics & Research,Healthcare,PRPO
2012Q4,2012,Q4,2013-03-14,2012-12-31,-2313000.0,7292000.0,-3268000.0,-148.68860889688867,3544000.0,0.48601206801974767,38791000.0,20274000.0,18717000.0,16528000.0,18517000.0,5092000.0,-151789000.0,142337.4,1816337.4000000004,1303.291334533299,1.1324419167473379,0.15908329251630532,0.30437999408108907,-0.12675571899843166,1303.291334533299,-0.11408700799052975,0.019519665386725178,-0.01538450064850843,0.007020686593666766,0.0,0.7360565593087196,0.0,0.18798174834368797,0.7610116166505324,-0.05962723312108479,0.19605702479338843,0.48601206801974767,0.3116330059654988,-7.388700653027164,-0.34620778667430163,-0.15815623555071479,-0.06736842105263158,0.16013071895424835,-0.3465183353934899,-11.499259987920611,-0.34460215729391613,0.017979829039943527,Diagnostics & Research,Healthcare,PRPO
2012Q3,2012,Q3,2012-11-08,2012-09-30,-2754000.0,7889000.0,-2427000.0,-216.001944,3800000.0,0.48168335657244266,42887000.0,22576000.0,22494000.0,16600000.0,20311000.0,4406000.0,-149311000.0,179104.5,2837104.5,1701.6657872917765,1.3550602409638555,0.17266304474549396,0.3280031892274982,-0.08444689212258674,1701.6657872917765,-0.12198795180722892,0.022703067562428698,-0.016258578431372548,0.007933402728561304,0.0,0.9280526554698139,0.0,0.18394851586727912,1.0181927710843373,-0.06421526336652132,-0.028629235933503836,0.48168335657244266,-3.0,-0.40168349398897024,0.051546250400050064,0.10995156866743946,-0.16703200350723366,-3.891651865008881,-0.7715328467153285,-4.1663142988828445,0.07342741494464106,0.349040353040974,Diagnostics & Research,Healthcare,PRPO
2012Q2,2012,Q2,2012-08-02,2012-06-30,-563000.0,9093000.0,-1370000.0,-54.000486,4562000.0,0.5017046079401738,44672000.0,25323000.0,28832000.0,14770000.0,19349000.0,4031000.0,-146391000.0,179104.5,1598104.5,1908.720886409889,1.9520649966147596,0.1727256446991404,0.3047032342139557,-0.039002410856779274,1908.720886409889,-0.022232752833392568,0.01969696469811943,-0.07953130550621669,0.0070727994313469975,0.0,1.1240387000744232,0.0,0.2035503223495702,1.618957345971564,-0.012602972779369628,-0.06893937644341801,0.5017046079401738,0.8,-2.7104009482574036,-0.004596612567164409,0.1483843166649722,0.4697164948453608,0.7911721068249258,0.43829438294382944,0.47047861053948875,0.1407217332320016,0.46093089272394594,Diagnostics & Research,Healthcare,PRPO
2012Q1,2012,Q1,2012-05-09,2012-03-31,-2696000.0,7206000.0,-2439000.0,-270.00243,3104000.0,0.43075215098529,47184000.0,25904000.0,31037000.0,15624000.0,21280000.0,4014000.0,-145663000.0,208926.0,-10127074.0,2231.756698543982,1.986495135688684,0.18978891149542218,0.34569950586781967,-0.06944204893596125,2231.756698543982,-0.10407659048795553,0.028993338884263115,-0.01937370178041543,0.008065395305744287,0.0,1.02192326856004,0.0,0.15272126144455747,1.6637864823348694,-0.057138012885723975,-0.07063083164300203,0.43075215098529,-12.916038802319392,-0.7690472218212225,0.08294925766378596,0.3819899229800906,-0.4126773888363292,-11.250950570342205,-14.055555555555555,-1.2201264189907475,0.13352596182006207,0.6584330043267361,Diagnostics & Research,Healthcare,PRPO
2011Q4,2011,Q4,2012-03-14,2011-12-31,263000.0,8571000.0,-162000.0,22.65874041526665,5285000.0,0.6166141640415355,33562000.0,11048000.0,17198000.0,16328000.0,22514000.0,3859000.0,-142802000.0,224595.45,7320595.45,951.8394072542432,1.05328270455659,0.35879864132054107,1.089971035481535,-0.004252316487482383,951.8394072542432,0.02380521361332368,0.026204112705635284,0.21349377376425857,0.020329059558291094,0.0,0.8515159367711842,0.0,0.2553781061915261,0.76671974522293,0.007836243370478517,0.21700043478260872,0.6166141640415355,1.1398675091878905,1.1982694202138942,0.15772678277263677,-0.45938987650087915,0.1889763779527559,1.2070866141732284,0.6309794988610479,1.942458750879744,0.09836587327057807,-0.3434074092632411,Diagnostics & Research,Healthcare,PRPO
2011Q3,2011,Q3,2011-11-10,2011-09-30,-1270000.0,8253000.0,-439000.0,-162.001458,4445000.0,0.5385920271416454,29974000.0,-1505000.0,13656000.0,10104000.0,31479000.0,3306000.0,-144165000.0,176742.90000000002,7836742.9,-164.76899496387125,1.3515439429928742,0.3030292920531127,-6.035215946843854,-0.05606570647788038,-164.76899496387125,0.8438538205980066,0.02141559432933479,-0.0347919094488189,-0.11743714285714286,0.0,1.1518451300665458,0.0,0.2753386268099019,0.8921219319081551,-0.0423700540468406,-0.19274034896401313,0.5385920271416454,0.7692307692307693,0.2501338209875127,0.673187908180846,-1.090901869973103,-0.024149286498353458,0.7882627542514171,0.729679802955665,-1.5381242011063947,0.5335217664135607,-1.1094335235235802,Diagnostics & Research,Healthcare,PRPO
2011Q2,2011,Q2,2011-08-12,2011-06-30,-5998000.0,7667000.0,-1624000.0,-702.006318,4555000.0,0.5941046041476458,30700000.0,111000.0,14002000.0,9905000.0,30589000.0,3309000.0,-142620000.0,239636.25,6951636.25,12.159053565560303,1.4136294800605755,0.3045928338762215,84.24324324324324,-0.1649262533486842,12.159053565560303,-54.03603603603604,0.031255543237250556,-0.009988173141047016,2.1588851351351352,0.0,0.9404653974010275,0.0,0.24973941368078176,0.9927309439676931,-0.19537459283387623,-2.5493218085106384,0.5941046041476458,-1.1666666666666663,-14.62626490565887,0.23609678130809958,-0.9937464389967428,0.09653346172363987,-1.1591072714182866,-1.1653333333333333,-60.25603424621135,0.22481635919241558,-0.9922892774346499,Diagnostics & Research,Healthcare,PRPO
2011Q1,2011,Q1,2011-05-13,2011-03-31,-2778000.0,7480000.0,-750000.0,-324.002916,4154000.0,0.5553475935828877,31398000.0,5586000.0,14646000.0,8340000.0,25812000.0,3163000.0,-136355000.0,120489.59999999999,6513489.6,611.963190184049,1.756115107913669,0.30457353971590545,1.7119584675975654,-0.04881505581434056,611.963190184049,-0.49731471535982813,0.016108235294117645,-0.010843196544276457,0.021569924812030076,0.0,1.05153335441037,0.0,0.23823173450538251,1.2854916067146283,-0.08847697305560864,-3.44256,0.5553475935828877,-2.8559304005840938,-7.7167082830354055,0.14877803103893295,-0.6848668097361723,0.7483164983164983,-2.621903520208605,0.44567627494456763,-23.723094854958983,0.19354498309513113,-0.6075767195081659,Diagnostics & Research,Healthcare,PRPO
2010Q4,2010,Q4,2011-03-14,2010-12-31,-767000.0,5092000.0,-1353000.0,-84.02716914986854,2376000.0,0.4666142969363708,32027000.0,8500000.0,15034000.0,8253000.0,23527000.0,3344000.0,-133317000.0,90367.2,6435367.2,931.2007011393514,1.8216406155337452,0.3059605957473382,1.1528235294117648,-0.07739504526011647,931.2007011393514,-0.09023529411764705,0.017746897093479968,-0.02945475880052151,0.010631435294117648,0.0,0.812200956937799,0.0,0.15899085146907296,1.3395129043984007,-0.023948543416492333,-0.10210983050847457,0.4666142969363708,0.22197765822081178,0.9317532141415192,1.4000203684790336,-0.5263388816052043,0.17798710956866634,0.14587973273942093,-0.6360338573155986,-4.610393791444115,-0.22195667369979966,-0.39850324871093806,Diagnostics & Research,Healthcare,PRPO
2010Q3,2010,Q3,2010-11-15,2010-09-30,-898000.0,4419000.0,-827000.0,-108.000972,2017000.0,0.45643810816926905,13937000.0,9307000.0,12429000.0,4279000.0,4630000.0,3658000.0,-132550000.0,54762.0,-998238.0,1019.7217048318176,2.9046506193035757,0.0,0.0,-0.09648651552594821,1019.7217048318176,-0.09648651552594821,0.012392396469789546,-0.01524554565701559,0.005883958310948748,0.0,0.6566429743028978,0.0,0.31706967066083086,1.8988081327412947,-0.06443280476429648,-0.06153033707865169,0.45643810816926905,0.0,-6.620604937138299,-0.6473571835732198,-0.5848972632510396,-0.1889827100924809,0.2164048865619546,0.21833648393194707,0.33563455084795946,-0.14380023711224627,-0.33486251275953977,Diagnostics & Research,Healthcare,PRPO
2010Q2,2010,Q2,2010-08-13,2010-06-30,-1146000.0,5095000.0,-1058000.0,-108.000972,2487000.0,0.4881256133464181,14446000.0,9975000.0,13141000.0,4289000.0,4471000.0,3321000.0,-131652000.0,66973.2,-1522026.7999999998,1094.710272168569,3.0638843553275823,0.0,0.0,-0.1149959098313428,1094.710272168569,-0.11488721804511279,0.013144887144259076,-0.014610209424083769,0.0067141052631578945,0.0,0.7853056308340861,0.0,0.3526927869306382,2.155047796689205,-0.07932991831648899,-0.1395275,0.4881256133464181,-1.0,0.20103156268639114,-0.5355655006155403,-0.5595873389460798,-0.13765603328710124,-2.537037037037037,-1.8213333333333332,-6.069126970561042,-0.18792689067231358,-0.341366190939003,Diagnostics & Research,Healthcare,PRPO
2010Q1,2010,Q1,2010-05-06,2010-03-31,-324000.0,5442000.0,-375000.0,-54.000486,2884000.0,0.529952223447262,16217000.0,11150000.0,14797000.0,4905000.0,5067000.0,3494000.0,-130506000.0,117506.1,-1319493.9000000004,1224.0641124162917,3.016717635066259,0.0,0.0,-0.029058295964125562,1224.0641124162917,-0.029058295964125562,0.021592447629547963,-0.09066828703703703,0.010538663677130045,0.0,0.732112192329708,0.0,0.3355737806006043,2.1119266055045873,-0.019979034346673245,0.34059739130434785,0.529952223447262,-4.813104085069767,0.9317149743379968,-0.5501237577232158,-0.6098286857196433,-0.1487603305785124,-3.511627906976744,-2.3537906137184117,0.7290969899665551,0.04212945231711998,-0.2420122365737593,Diagnostics & Research,Healthcare,PRPO
2009Q4,2009,Q4,2010-02-25,2009-12-31,129000.0,6515000.0,277000.0,14.161817982215391,3388000.0,0.5200306983883346,16004000.0,11662000.0,14454000.0,4103000.0,4342000.0,3552000.0,-130183000.0,94278.15,-1025721.8499999996,1280.2722582061697,3.5227882037533513,0.0,0.0,0.010751067344230925,1280.2722582061697,0.011061567484136512,0.014470936300844204,0.18270959302325582,0.008084217972903446,0.0,0.8803490990990991,0.0,0.407085728567858,2.4772117962466487,0.008060484878780305,0.09371585487077534,0.5200306983883346,1.2622535282777898,1.0113327202994031,-0.5008248105440507,-0.57011965058599,0.2306574645840901,1.3524590163934427,1.6925,1.1239193083573487,0.1213425129087779,-0.27285197655568033,Diagnostics & Research,Healthcare,PRPO
2009Q3,2009,Q3,2009-11-05,2009-09-30,-366000.0,5046000.0,-400000.0,-54.000486,2753000.0,0.5455806579468886,15355000.0,11490000.0,13595000.0,3663000.0,3865000.0,4134000.0,-130312000.0,95644.5,-420355.5,1261.3898342298826,3.7114387114387113,0.0,0.0,-0.03185378590078329,1261.3898342298826,-0.03185378590078329,0.01895451843043995,-0.06533094262295082,0.008324151436031331,0.0,0.5546686018384132,0.0,0.32862259850211656,2.404040404040404,-0.023835884076847932,-1.4944453125,0.5455806579468886,0.0,0.9743746334275957,-0.6360131987576599,-0.6794882784702587,0.03847604677480196,0.4986301369863014,0.4784876140808344,0.783303730017762,0.02581825574303721,-0.3041002967718491,Diagnostics & Research,Healthcare,PRPO
2009Q2,2009,Q2,2009-08-13,2009-06-30,-730000.0,5473000.0,-767000.0,-54.000486,2651000.0,0.48437785492417323,16086000.0,11901000.0,14238000.0,4042000.0,4185000.0,4639000.0,-129945000.0,54654.0,-411346.0,1306.5100450104292,3.5225136071251857,0.0,0.0,-0.06125951425650506,1306.5100450104292,-0.061339383245105454,0.009986113648821487,-0.018717123287671233,0.004592387194353416,0.0,0.6083207587842208,0.0,0.3402337436279995,2.247897080653142,-0.0453810767126694,-0.4711551724137931,0.48437785492417323,0.5,0.9715070050514886,-0.6412730277002898,-0.7584195751252368,-0.05758976182012087,0.23399790136411333,0.23757455268389663,-0.906005221932115,-0.11568912586847638,-0.32804471797188195,Diagnostics & Research,Healthcare,PRPO
2009Q1,2009,Q1,2009-05-14,2009-03-31,-953000.0,4989000.0,-1006000.0,-108.000972,2813000.0,0.5638404489877731,16807000.0,12258000.0,14804000.0,4431000.0,4549000.0,4847000.0,-129216000.0,46455.899999999994,-422544.0999999996,1345.7020529146998,3.341006544798014,0.0,0.0,-0.07868371921855821,1345.7020529146998,-0.07774514602708435,0.009311665664461816,-0.012186752360965373,0.003789843367596671,0.0,0.448937487105426,0.0,0.29684060213006486,2.0810200857594223,-0.05670256440768727,0.5161766666666666,0.5638404489877731,-3.492150018027398,0.8557959657689853,-0.6623923155928163,-0.8394682600822354,-0.1600477754553598,-3.3515981735159817,-51.94736842105263,-1.9965263465326641,-0.23219142682420302,-0.3070246905666825,Diagnostics & Research,Healthcare,PRPO
2008Q4,2008,Q4,2009-03-30,2008-12-31,-219000.0,6124000.0,-19000.0,-24.042156109342407,3349000.0,0.5468647942521228,17556000.0,13205000.0,15585000.0,4235000.0,4351000.0,4775000.0,-128263000.0,60119.399999999994,674119.4000000004,1449.665166319025,3.680047225501771,0.0,0.0,-0.012119535141117875,1449.665166319025,-0.016584627035213934,0.009817015022860875,-0.06862945205479452,0.004552775463839455,0.0,0.581151832460733,0.0,0.3488266119845067,2.398110979929162,-0.012474367737525633,-1.1788117647058822,0.5468647942521228,0.5547788938539848,0.9851198244885278,-0.5714829275242567,-0.8288701447101315,0.1473107228502912,0.561122244488978,0.9636015325670498,0.9804729839625566,1.892455218649606,-0.26261865660484307,Diagnostics & Research,Healthcare,PRPO
2008Q3,2008,Q3,2008-10-30,2008-09-30,-499000.0,5367000.0,-522000.0,-54.000486,2919000.0,0.5438792621576299,17950000.0,13715000.0,15379000.0,4094000.0,4235000.0,4921000.0,-128044000.0,81981.0,238981.0,1505.6537490394117,3.7564728871519297,0.0,0.0,-0.03907859737243624,1505.6537490394117,-0.03638352169157856,0.015275013974287311,-0.04107264529058116,0.005977469923441487,0.0,0.4974598658809185,0.0,0.29899721448467964,2.3768930141670737,-0.027799442896935932,-0.1041689961880559,0.5438792621576299,-5.880895412811881,0.9597745655900376,-0.6500149669651092,-0.863717362127503,-0.2193099759293929,-5.9405940594059405,-7.525,-4.129425506305515,-0.5708590249992452,-0.38708670330237466,Diagnostics & Research,Healthcare,PRPO
2008Q2,2008,Q2,2008-08-06,2008-06-30,101000.0,6246000.0,80000.0,11.063643334428743,3739000.0,0.5986231187960295,19133000.0,14364000.0,16467000.0,4618000.0,4769000.0,4617000.0,-127544000.0,109308.0,-57692.0,1576.901965089472,3.5658293633607623,0.0,0.0,0.005357308615453979,1576.901965089472,0.007031467557783347,0.017500480307396735,0.2705643564356436,0.007609857978279031,0.0,0.5429932856833442,0.0,0.3264516803428631,2.4289735816370723,0.0052788376104113315,-1.3330243902439025,0.5986231187960295,-0.17394485956302114,1.0103495307720933,-0.647571449546919,-0.8717015890356689,0.0271978021978022,-0.1721311475409836,-0.13978494623655913,1.0704383847286185,-0.4304586329643155,-0.36559689963403436,Diagnostics & Research,Healthcare,PRPO
2008Q1,2008,Q1,2008-05-08,2008-03-31,122000.0,6254000.0,93000.0,13.393347238994401,3640000.0,0.582027502398465,19789000.0,14205000.0,16992000.0,5437000.0,5584000.0,4299000.0,-127646000.0,66951.15,616951.1500000004,1559.446701064881,3.125252896818098,0.0,0.0,0.00638986272439282,1559.446701064881,0.00858852516719465,0.010705332587144227,0.1371949795081967,0.0047132101372756065,0.0,0.6080483833449639,0.0,0.31603416039213705,2.2361596468640794,0.006165041184496438,0.3678634615384615,0.582027502398465,-0.42452830188679247,1.0162202522874917,-0.6854257187586498,-0.8817016428933172,-0.07142857142857142,-0.42452830188679247,-0.5326633165829145,1.0257122627492727,-0.4829977914004027,-0.5029252449011241,Diagnostics & Research,Healthcare,PRPO
2007Q4,2007,Q4,2008-03-28,2007-12-31,212000.0,6531000.0,199000.0,23.27368536612142,3920000.0,0.6002143622722401,19090000.0,14102000.0,16163000.0,4847000.0,4988000.0,4586000.0,-127768000.0,73782.9,-554217.0999999996,1548.1392029860579,3.334639983494945,0.0,0.0,0.006940608202840511,1548.1392029860579,0.015033328605871508,0.011297335783187873,0.08700813679245283,0.0052320876471422485,0.0,0.569341474051461,0.0,0.34211629125196436,2.23189601815556,0.01110529072812991,-0.11977743506493506,0.6002143622722401,1.1436634315113474,1.010879873311449,-0.6610440891319284,-0.8903965564098533,0.4786872878159185,1.1571534469977762,1.139943741209564,1.0186243155308023,-0.4995989006390169,-0.4801772691273908,Diagnostics & Research,Healthcare,PRPO
2007Q3,2007,Q3,2007-11-14,2007-09-30,-1349000.0,5151000.0,-1422000.0,-162.001458,2651000.0,0.51465734808775,20515000.0,13965000.0,17586000.0,6421000.0,6550000.0,4492000.0,-127973000.0,95644.5,-801355.5,1533.0991327258755,2.7388257280797386,0.0,0.0,-0.10228091236494599,1533.0991327258755,-0.09659863945578231,0.01856814210832848,-0.01772507412898443,0.006848872180451128,0.0,0.5565449688334817,0.0,0.25108457226419695,1.898302445102009,-0.06575676334389471,-0.06688426573426573,0.51465734808775,-9.24845476639823,0.8637786497698013,-0.7294236367944067,-0.9056006595138059,-0.2232639906240844,-6.969026548672566,-0.8467532467532467,0.9055502199284878,-0.6284391571146861,-0.6104485473313459,Diagnostics & Research,Healthcare,PRPO
2007Q2,2007,Q2,2007-08-14,2007-06-30,226000.0,6272000.0,-770000.0,19.64021899713218,3413000.0,0.5441645408163265,20776000.0,15140000.0,18175000.0,5507000.0,5636000.0,3243000.0,-126624000.0,94278.15,-7788721.85,1662.092436052256,3.300345015434901,0.0,0.0,-0.04797597591173341,1662.092436052256,0.014927344782034346,0.015031592793367346,0.1042899889380531,0.006227090488771466,0.0,0.8815911193339501,0.0,0.3018867924528302,2.607045578354821,0.010877936080092415,-0.09934473129610115,0.5441645408163265,1.1818522429328893,1.027347156651356,-0.6793976590998175,-0.9029854661745308,0.2603397341211226,1.1889632107023411,0.42105263157894735,1.0088211189840597,-0.5889026913459195,-0.6926705627591031,Diagnostics & Research,Healthcare,PRPO
2007Q1,2007,Q1,2007-05-15,2007-03-31,-1196000.0,5222000.0,-1330000.0,-108.000972,2708000.0,0.5185752585216392,20188000.0,14710000.0,17463000.0,5349000.0,5478000.0,3138000.0,-126850000.0,98377.20000000001,-2146622.8,1614.886376111538,3.264722378014582,0.0,0.0,-0.09077205418056067,1614.886376111538,-0.08130523453433039,0.018838988893144393,-0.020563795986622075,0.006687777022433719,0.0,0.8011472275334608,0.0,0.25866851595006934,2.5386053467937932,-0.0592431147216168,-0.12358944723618091,0.5185752585216392,0.05496555816714689,0.8287917909688983,-0.744587246052312,-0.9104895872316404,-0.10479338842975207,-0.148895292987512,-0.44565217391304346,0.8190262067782857,-0.6466251096463593,-0.8073566736669671,Diagnostics & Research,Healthcare,PRPO
