Quarters,Year,Quarter,FillingDate,Date,NetIncome,Revenue,OperatingIncome,EPSDiluted,GrossProfit,GrossProfitRatio,TotalAssets,CommonStockEquity,CurrentAssets,CurrentLiability,TotalLiability,Inventory,RetainedEarnings,MarketCap,EnterpriseValue,bookValuePerShare,currentRatio,debtToAssets,debtToEquity,roic,shareholdersEquityPerShare,roe,priceToSalesRatio,peRatio,pbRatio,payoutRatio,inventoryTurnover,dividendYield,assetTurnover,quickRatio,returnOnAssets,priceToFreeCashFlowsRatio,grossProfitMargin,epsdilutedGrowth,fiveYNetIncomeGrowthPerShare,fiveYRevenueGrowthPerShare,fiveYShareholdersEquityGrowthPerShare,grossProfitGrowth,netIncomeGrowth,operatingIncomeGrowth,threeYNetIncomeGrowthPerShare,threeYRevenueGrowthPerShare,threeYShareholdersEquityGrowthPerShare,Industry,Sector,Symbol
2023Q1,2023,Q1,2023-05-10,2023-03-31,7777000.0,9964000.0,19097000.0,0.24,9964000.0,1.0,1631143000.0,718420000.0,34902000.0,22171000.0,912723000.0,0.0,-69916000.0,442176132.96,1296520132.96,22.128920289067608,1.5742185738126382,0.5369185902155728,1.219051529745831,0.011995933772299166,22.128920289067608,0.010825144066145152,44.377371834604574,14.214225696283913,0.6154841638039029,1.6283914105696284,0.0,0.028640170864096835,0.006108599920423899,1.920932749988724,0.0047678223184601225,27.623922843755857,1.0,-0.8579881656804734,0.32860980597126266,0.5803604326582178,0.0,1.0836470096194062,1.9888547271329746,0.45878848063555117,1.084234881372824,-0.5727729678653807,0.24542986844380973,Asset Management,Financial Services,CCAP
2022Q4,2022,Q4,2023-02-22,2022-12-31,2602000.0,4782000.0,13091000.0,1.69,4782000.0,1.0,1302878000.0,612541000.0,16347000.0,21649000.0,690337000.0,0.0,-62498000.0,353772854.46,1001831854.46,22.12796680499724,0.7550926139775509,0.5023156427539647,1.068428072569836,0.009423294344195851,22.12796680499724,0.00424787891749287,73.98010340025094,33.990474102613376,0.577549673344315,4.866641045349731,0.0,0.03579415390513453,0.0036703359792705074,0.7550926139775509,0.0019971171514140233,8.454161794675715,1.0,22.948051948051948,1.8201664334681569,-0.8142446067136466,0.3437240185386439,-0.8350351869739202,2.094196804037006,1.2320545609548168,-0.7315316484434004,-0.39767214242120186,0.42545157107494264,Asset Management,Financial Services,CCAP
2022Q3,2022,Q3,2022-11-09,2022-09-30,-2378000.0,28988000.0,5865000.0,-0.077,28988000.0,1.0,1339258000.0,622602000.0,21125000.0,17803000.0,716656000.0,0.0,-43591000.0,463928147.2,1137331147.2,20.15717756389669,1.1865977644217267,0.5123322018610305,1.1020603852862663,0.00501021863176545,20.15717756389669,-0.0038194544829602216,16.00414472195391,-48.7729338940286,0.7451440040346802,-5.975189234650967,0.0,0.030627587667955147,0.021644821236834127,1.1865977644217267,-0.001775610076624519,-25.685314317351345,1.0,-1.6736111111111112,-1.2526091123621033,2.588880585151851,0.0,41.69219440353461,-1.6719101123595506,0.11037485800833018,-1.4449052559056632,13.72447371604418,-0.16565781493622941,Asset Management,Financial Services,CCAP
2022Q2,2022,Q2,2022-08-10,2022-06-30,-890000.0,679000.0,5282000.0,-0.0288,679000.0,1.0,1323029000.0,639188000.0,18703000.0,18709000.0,683841000.0,0.0,-27005000.0,478754080.0,1120601080.0,20.694160977176423,0.99967929873323,0.4922507367563372,1.0188895911687954,0.006001482312435485,20.694160977176423,-0.0013923915968384888,705.0870103092783,-134.48148314606743,0.7490035482518446,-15.964044943820225,0.0,0.029677031681902322,0.0005132162635890824,1.0391255545459404,-0.0006726987843803877,-68.40321188741248,1.0,-1.0553846153846154,-1.1996599100976209,-0.8201817125103747,0.0,-0.9627107474325883,-1.0549077672897773,-0.7507902807265865,-1.0533592783789814,-0.9521794390895235,0.01688681560402763,Asset Management,Financial Services,CCAP
2022Q1,2022,Q1,2022-05-09,2022-03-31,16209000.0,18209000.0,21195000.0,0.52,18209000.0,1.0,1317477000.0,654286000.0,14666000.0,16001000.0,663191000.0,0.0,-11907000.0,549795008.0,1171610008.0,21.182969344094154,0.9165677145178426,0.4775263628890675,0.9615519818550298,0.016338126512427942,21.182969344094154,0.024773569967873377,30.193586028886813,8.479779875377876,0.8402976802193537,0.8765500647788266,0.0,0.02584235904884753,0.013821114144687155,0.9165677145178426,0.012303061078106107,49.238313451549345,1.0,0.13043478260869565,1.9105762185592632,2.0356096485906052,0.0,0.07307442984265425,0.2628749513050253,0.31965631031691677,-0.06645626459475856,0.13152494000864481,0.1567926960423051,Asset Management,Financial Services,CCAP
2021Q4,2021,Q4,2022-02-23,2021-12-31,12835000.0,16969000.0,16061000.0,0.46,16969000.0,1.0,1317809000.0,652285000.0,31703000.0,5513000.0,665524000.0,0.0,-13908000.0,495745536.00000006,1122229536.0,23.15747730706747,5.750589515690187,0.48303889258610316,0.9758817081490453,0.01112504688833694,23.15747730706747,0.01967698168745257,29.214776121162124,9.656126529022206,0.7600136995331797,1.019244253992988,0.0,0.026388538171325054,0.012876676362052468,8.448031924541992,0.009739651193761767,-4.356938523329496,1.0,-0.22033898305084737,4.975924047815352,-0.352207944587003,0.4062411942539082,0.0,-0.23046945260507223,0.0,4.975924047815352,-0.352207944587003,0.4062411942539082,Asset Management,Financial Services,CCAP
2021Q3,2021,Q3,2021-11-10,2021-09-30,16679000.0,17173000.0,0.0,0.59,0.0,0.0,1183186000.0,596152000.0,0.0,0.0,587034000.0,0.0,1466000.0,538841596.8,1089445596.8,21.164638787589606,0.0,0.4708228461121075,0.9344445711831881,0.0,21.164638787589606,0.027977764060172574,31.37725480696442,8.076647233047543,0.9038661227337994,0.6924276035733558,0.0,0.021433014950192505,0.014514201486494939,0.0,0.014096684713984108,-12.903603936875882,0.0,-0.49137931034482757,0.9428613853801451,1.3314256533650901,0.0,0.0,-0.48812300515590473,0.0,0.9428613853801451,1.3314256533650901,0.0,Asset Management,Financial Services,CCAP
2021Q2,2021,Q2,2021-08-11,2021-06-30,32584000.0,31228000.0,0.0,1.16,0.0,0.0,1128483000.0,591022000.0,0.0,0.0,537461000.0,0.0,-3664000.0,528419673.6,1024272673.6,20.98251309316883,0.0,0.45090976115723497,0.8609561065408733,0.0,20.98251309316883,0.05513161946594205,16.921342180094786,4.054287945003683,0.894077840757197,0.35440707095506996,0.0,0.02185384189299041,0.027672548013572204,0.0,0.02887416115262702,-740.0835764705882,0.0,0.5263157894736841,7.015671437772319,8.068655395657489,0.0,0.0,0.513001485884101,0.0,7.015671437772319,8.068655395657489,0.0,Asset Management,Financial Services,CCAP
2021Q1,2021,Q1,2021-05-12,2021-03-31,21536000.0,19563000.0,0.0,0.76,0.0,0.0,2873000.0,569987000.0,2262000.0,486332000.0,506828000.0,0.0,-24699000.0,483915244.8,964603244.8,20.235726741874284,0.004651143663176595,168.0995475113122,0.8473000261409471,0.0,20.235726741874284,0.03778331786514429,24.736249286919186,5.617515378900445,0.848993476693328,0.5362648588410104,0.0,0.023865749475971046,6.809258614688479,0.014087084543069344,7.495997215454229,-346.148243776824,0.0,-0.37876335355059637,3.2405524803053916,2.5762669490284713,0.0,-1.0,-0.3750253924954294,0.0,3.2405524803053916,2.5762669490284713,0.0,Asset Management,Financial Services,CCAP
2020Q4,2020,Q4,2021-02-24,2020-12-31,34459000.0,32451000.0,0.0,1.2233663360712541,32451000.0,1.0,1054152000.0,560000000.0,1896000.0,475855000.0,494152000.0,0.0,-34686000.0,410398435.2,880434435.2,19.88116742215103,0.003984407014741885,0.0,0.0,0.0,19.88116742215103,0.06153392857142857,12.646711509660719,2.97744011143678,0.7328543485714285,0.33515191967265445,0.0,0.02814094550426785,0.030783985611183208,0.012106629120215191,0.03268883424781246,-11.879423255275421,1.0,-0.10046592935937204,11.674434496585059,0.2388178437272182,0.2072867976148289,-0.108954117356325,-0.10124931535432044,0.0,11.674434496585059,0.2388178437272182,0.2072867976148289,Asset Management,Financial Services,CCAP
2020Q3,2020,Q3,2020-11-04,2020-09-30,38341000.0,36419000.0,0.0,1.36,36419000.0,1.0,980535000.0,537090000.0,3047000.0,425330000.0,443445000.0,0.0,-21851000.0,359133840.0,778323840.0,19.06781466207696,0.007163849246467449,0.0,0.0,0.0,19.06781466207696,0.0713865460164963,9.861166973283176,2.341708875616181,0.6686660336256492,0.3011919355259383,0.0,0.032155143051960794,0.037141968415201905,0.01814826135001058,0.03910212282070502,-24.783233731281484,1.0,-0.31999999999999995,3.4661699368583325,3.944284101199745,0.0,0.0,-0.3203998794689544,0.0,3.4661699368583325,3.944284101199745,0.0,Asset Management,Financial Services,CCAP
2020Q2,2020,Q2,2020-08-10,2020-06-30,56417000.0,54316000.0,0.0,2.0,0.0,0.0,926310000.0,510298000.0,3514000.0,20183000.0,416012000.0,0.0,-48643000.0,356555440.0,748870440.0,18.090221032667458,0.17410692166674924,0.0,0.0,0.0,18.090221032667458,0.11055696867320663,6.564464246262611,1.58,0.698720042014666,0.20508002906925218,0.0,0.032449371688172815,0.058636957390074594,0.9357875439726503,0.06090509656594444,9.24629013017997,0.0,1.704225352112676,12.858353979219894,14.750438876835414,0.0,0.0,1.7568180293782278,0.0,12.858353979219894,14.750438876835414,0.0,Asset Management,Financial Services,CCAP
2020Q1,2020,Q1,2020-05-12,2020-03-31,-74545000.0,18831000.0,0.0,-2.84,0.0,0.0,909862000.0,465755000.0,3708000.0,21984000.0,444107000.0,0.0,-93512000.0,252955363.15,671370363.15,17.768098268526472,0.16866812227074235,0.0,0.0,0.0,17.768098268526472,-0.16005195864778693,13.432922476235994,-0.8483310857535716,0.5431082074266513,-0.10684821248910055,0.0,0.031487768833257886,0.02069654519036953,0.6545214701601164,-0.08193000696808966,-4.928694019250629,0.0,-9.111436934183024,-16.77267972980019,2.6991115116523003,0.0,0.0,-9.122344330087191,0.0,-16.77267972980019,2.6991115116523003,0.0,Asset Management,Financial Services,CCAP
2019Q4,2019,Q4,2020-03-04,2019-12-31,9177769.0,7517952.0,0.0,0.3501229218748826,0.0,0.0,747174648.0,406916802.0,13000000.0,18247800.0,340257846.0,0.0,-7397449.0,429893052.4,748036252.4,15.523478492019473,0.7124146472451474,0.0,0.0,0.0,15.523478492019473,0.022554411503509262,57.18220233382708,11.710173038785351,1.0564642459762572,0.8221997088834988,0.0,0.01755310758774198,0.01006184032089911,0.37589747805214874,0.012283298188136598,-17.677360884857702,0.0,1.0232822405177933,4.0549836832266095,-0.691604180432494,-0.05733449960328532,0.0,2.364617832410099,0.0,4.0549836832266095,-0.691604180432494,-0.05733449960328532,Asset Management,Financial Services,CCAP
2019Q3,2019,Q3,2019-11-07,2019-09-30,2727730.0,1004698.0,0.0,0.173047,0.0,0.0,716949727.0,380823180.0,0.0,16640120.0,336126547.0,0.0,-7062212.0,258512593.2,560418758.2,24.159365215790967,0.0,0.0,0.0,0.0,24.159365215790967,0.007162720504565925,257.30378004136566,23.693015181121297,0.6788257826112369,2.2988631572772964,0.0,0.02425676026989002,0.0014013506974945818,1.2893286827258457,0.0038046321761135145,-2.528615991947244,0.0,-0.3893206007735524,-0.4322181880097506,-0.756264254032977,0.0,0.0,-0.6795470640175149,0.0,-0.4322181880097506,-0.756264254032977,0.0,Asset Management,Financial Services,CCAP
2019Q2,2019,Q2,2019-08-13,2019-06-30,8512108.0,7246231.0,0.0,0.283368,0.0,0.0,637211024.0,320784269.0,0.0,49829740.0,316426755.0,0.0,-1774581.0,258512593.2,516388213.2,20.350505739308023,0.0,0.0,0.0,0.0,20.350505739308023,0.02653530369969607,35.67545572312006,7.592496277067912,0.8058767782032353,0.6667948761928303,0.0,0.021955719563761664,0.011371791646843824,0.23226089479896944,0.013358381571251661,-4.339339731038164,0.0,-0.03936212408340927,2.7418030408797347,2.7602713992890684,0.0,0.0,-0.039364778991246505,0.0,2.7418030408797347,2.7602713992890684,0.0,Asset Management,Financial Services,CCAP
2019Q1,2019,Q1,2019-05-10,2019-03-31,8860916.0,8212569.0,0.0,0.294979,0.0,0.0,535222217.0,288648401.0,0.0,13067710.0,246573816.0,0.0,-3625913.0,258512593.2,480656230.2,18.311811110639542,0.0,0.0,0.0,0.0,18.311811110639542,0.03069795630012861,31.477676863354205,7.293619339129272,0.8955968309694533,0.5696017206347516,0.0,0.019523973426297286,0.015344222902465949,1.0791661278066318,0.016555583304569736,-15.334990531030487,0.0,3.5738275776658024,2.1177716781483333,1.6827598237184356,0.0,0.0,5.904888217750096,0.0,2.1177716781483333,1.6827598237184356,0.0,Asset Management,Financial Services,CCAP
2018Q4,2018,Q4,2019-03-22,2018-12-31,-1806548.0,14659270.0,0.0,-0.11460713318936294,0.0,0.0,505119956.0,259578840.0,0.0,0.0,245541116.0,0.0,-6458367.0,258512593.2,484410773.2,16.4676425364952,0.0,0.0,0.0,0.0,16.4676425364952,-0.006959534914325066,17.63475215341555,-35.774387561249405,0.9958923970844463,-2.3498733496148456,0.0,0.016421478533990428,0.02902136378868389,0.0,-0.0035764732288660556,-3.939211123095448,0.0,-1.7166036177436703,0.0,0.0,0.0,0.0,-1.376036153463635,0.0,0.0,0.0,0.0,Asset Management,Financial Services,CCAP
2018Q3,2018,Q3,2018-11-09,2018-09-30,4804187.0,4122079.0,0.0,0.159931,0.0,0.0,,,,,,,,258512593.2,,,0.0,0.0,0.0,0.0,,0.0,62.71412876851705,13.452463091049536,0.0,0.7704643886676351,0.0,0.014318277319419967,0.0,0.0,0.0,-8.637267703899083,0.0,1.111857916281526,0.0,0.0,0.0,0.0,1.1118530833437368,0.0,0.0,0.0,0.0,Asset Management,Financial Services,CCAP
2018Q2,2018,Q2,2018-08-10,2018-06-30,2274868.0,1927050.0,0.0,0.07573,0.0,0.0,,,,,,,,258512593.2,,,0.0,0.0,0.0,0.0,,0.0,134.14939581225187,28.409625657400777,0.0,1.281734588556347,0.0,0.01127905207211391,0.0,0.0,0.0,-4.052768666503707,0.0,-0.1995729928550289,0.0,0.0,0.0,0.0,-0.19957270535845917,0.0,0.0,0.0,0.0,Asset Management,Financial Services,CCAP
2018Q1,2018,Q1,2018-05-11,2018-03-31,2842067.0,3061239.0,0.0,0.094612,0.0,0.0,,,,,,,,258512593.2,,,0.0,0.0,0.0,0.0,,0.0,84.44704683299801,22.73983980673221,0.0,0.922431455697561,0.0,0.010141138454991136,0.0,0.0,0.0,-49.59878612644676,0.0,0.0,0.0,0.0,0.0,0.0,0.0,0.0,0.0,0.0,0.0,Asset Management,Financial Services,CCAP
