Year,Date,FillingDate,NetIncome,Revenue,OperatingIncome,EPSDiluted,GrossProfit,GrossProfitRatio,TotalAssets,CommonStockEquity,CurrentAssets,CurrentLiability,TotalLiability,Inventory,RetainedEarnings,EnterpriseValue,bookValuePerShare,currentRatio,debtToAssets,debtToEquity,roic,shareholdersEquityPerShare,roe,priceToSalesRatio,peRatio,pbRatio,payoutRatio,inventoryTurnover,dividendYield,assetTurnover,quickRatio,returnOnAssets,priceToFreeCashFlowsRatio,grossProfitMargin,epsdilutedGrowth,fiveYNetIncomeGrowthPerShare,fiveYRevenueGrowthPerShare,fiveYShareholdersEquityGrowthPerShare,grossProfitGrowth,netIncomeGrowth,operatingIncomeGrowth,threeYNetIncomeGrowthPerShare,threeYRevenueGrowthPerShare,threeYShareholdersEquityGrowthPerShare,Industry,Sector,Price,MarketCap,AvgVolume,Symbol
2022,2022-12-31,2023-02-28,-500152000.0,2312000.0,-499984000.0,-1.89,406000.0,0.1756055363,1139938000.0,480223000.0,1001614000.0,184053000.0,659715000.0,24043000.0,-1623795000.0,1031964560.0,1.8193917718329817,5.4419868190140885,0.3646865004938865,0.8656811522979949,-0.558721386002399,1.8193917718329817,-1.0414994700378781,397.2904671280277,-1.8365128201026888,1.9127271288547194,0.0,0.07927463294929918,0.0,0.002028180479991017,5.157987101541404,-0.43875368660400826,-2.3152662011947673,0.17560553633217993,-0.32167832167832167,0.0,0.0,-0.9453936878502482,-0.8655629139072848,-0.4172666967035894,-0.564723739183501,-0.7461602018254782,-0.5496897054261934,-0.24362645647257208,Aerospace & Defense,Industrials,3.835,1083717249,20992691,SPCE
2021,2021-12-31,2022-02-28,-352899000.0,3292000.0,-319535000.0,-1.43,3020000.0,0.9173754557,1068834000.0,894264000.0,678592000.0,131523000.0,174570000.0,29668000.0,-1123643000.0,2788661220.0,3.611451463740666,5.159493016430586,0.02693308783216103,0.03219071772988737,-0.3462501499361224,3.611451463740666,-0.39462507715842304,1006.4223025516403,-9.388358198804758,3.704881578594241,0.0,0.009168127275178644,0.0,0.003079991841576896,4.785839739057047,-0.33017194438051184,-14.074640481227538,0.9173754556500607,-0.14399999999999996,0.0,0.0,-0.8916077070393588,45.46153846153846,-0.29250462394931054,-0.16074671975123872,-3.609993344214383,0.0,-0.8933554689577359,Aerospace & Defense,Industrials,3.835,1083717249,20992691,SPCE
2020,2020-12-31,2021-03-01,-273035000.0,238000.0,-275284000.0,-1.25,65000.0,0.2731092437,803990000.0,662518000.0,727927000.0,115021000.0,141472000.0,30483000.0,-394712000.0,4561032840.0,3.0237052047392154,6.328644334512828,0.03423425664498315,0.04154453162027296,-0.3839759892030578,3.0237052047392154,-0.41211710474281454,21846.356470588235,-19.043100115369825,7.84798728487377,0.0,0.005675294426401601,0.0,0.0002960235823828655,5.7942810443310355,-0.33959999502481375,-20.76782569100495,0.27310924369747897,-0.146788990825688,0.0,0.0,-0.9092480284812589,-0.9634214969048959,-0.294403489226539,-0.2908253697330045,0.0,0.0,-0.9092480284812589,Aerospace & Defense,Industrials,3.835,1083717249,20992691,SPCE
2019,2019-12-31,2020-02-28,-210935000.0,3781000.0,-213262000.0,-1.09,1777000.0,0.4699814864,605546000.0,467560000.0,536671000.0,115845000.0,137986000.0,26817000.0,-121677000.0,1789166678.7000003,2.405414345070897,4.632664335966162,0.04052871293014899,0.05248952006159637,-0.4129046353075164,2.405414345070897,-0.45113996064676193,593.7761646918806,-10.64340995425131,4.80166754790829,0.0,0.07472871685870902,0.0,0.006243951739421943,4.151271094997626,-0.348338524240933,-10.06905810590805,0.46998148637926473,-2.9961787839356675,0.0,0.0,-0.9278051002483647,0.0,-20.237097050144587,-157.68782782167543,0.0,0.0,-0.9278051002483647,Aerospace & Defense,Industrials,3.835,1083717249,20992691,SPCE
2018,2018-12-31,2019-03-18,10965012.0,0.0,-1343909.0,0.5460432746664882,0.0,0.0,704757773.0,680025569.0,507501.0,582204.0,24732204.0,0.0,4997990.0,200727993.0,33.86438505983413,0.8716893047797679,0.0005415690534001389,0.0005612656602916647,-0.001975153868291267,33.86438505983413,0.016124411345479865,0.0,18.313566825097865,0.2952954846908117,0.0,0.0,0.0,0.0,0.7938145392336706,0.015558554187099402,-175.12545621830455,0.0,0.0,0.0,0.0,0.016388668985608715,0.0,0.0,0.0,0.0,0.0,0.016388668985608715,Aerospace & Defense,Industrials,3.835,1083717249,20992691,SPCE
2017,2017-12-31,2018-02-14,0.0,0.0,0.0,0.0,0.0,0.0,693567088.0,669060557.0,1625737.0,356531.0,24506531.0,0.0,1330720.0,202045752.32,33.31834178516764,4.559875578841671,0.00018221452861096545,0.0001888887316368883,,33.31834178516764,0.0,0.0,0.0,0.30283619950413543,0.0,0.0,0.0,0.0,3.796359923821491,0.0,-310.42708184464533,0.0,0.0,0.0,0.0,0.0,0.0,0.0,0.0,0.0,0.0,0.0,Aerospace & Defense,Industrials,3.835,1083717249,20992691,SPCE
TTM,,,,,,,,,,,,,,,,1084290249.0,1.317223918118154,4.819949693444427,0.40275739153740686,1.1348870306804333,-0.7313925609282464,1.317223918118154,-1.0733249902184716,454.38878364779873,-1.885072288518571,2.911426028065794,0.0,0.09918809201623816,0.0,0.0023076632804812326,4.382460829010114,-0.5481111509966493,-2.3169124196672524,0.0779874213836478,,,,,,,,,,,Aerospace & Defense,Industrials,3.835,1083717249,20992691,SPCE
