Quarters,Year,Quarter,FillingDate,Date,NetIncome,Revenue,OperatingIncome,EPSDiluted,GrossProfit,GrossProfitRatio,TotalAssets,CommonStockEquity,CurrentAssets,CurrentLiability,TotalLiability,Inventory,RetainedEarnings,MarketCap,EnterpriseValue,bookValuePerShare,currentRatio,debtToAssets,debtToEquity,roic,shareholdersEquityPerShare,roe,priceToSalesRatio,peRatio,pbRatio,payoutRatio,inventoryTurnover,dividendYield,assetTurnover,quickRatio,returnOnAssets,priceToFreeCashFlowsRatio,grossProfitMargin,epsdilutedGrowth,fiveYNetIncomeGrowthPerShare,fiveYRevenueGrowthPerShare,fiveYShareholdersEquityGrowthPerShare,grossProfitGrowth,netIncomeGrowth,operatingIncomeGrowth,threeYNetIncomeGrowthPerShare,threeYRevenueGrowthPerShare,threeYShareholdersEquityGrowthPerShare,Industry,Sector,Symbol
2023Q1,2023,Q1,2023-05-09,2023-03-31,-159385000.0,392000.0,-163406000.0,-0.57,74000.0,0.1887755102,1033513000.0,366781000.0,919791000.0,190830000.0,666732000.0,22170000.0,-1783180000.0,1127722500.0,1128295500.0,1.317223918118154,4.819949693444427,0.40275739153740686,1.1348870306804333,-0.20885033981253162,1.317223918118154,-0.4345508627764252,2876.843112244898,-1.7688654829500894,3.074648087005597,0.0,0.014343707713125846,0.0,0.00037928889138307887,4.382460829010114,-0.15421673457421436,-8.122695122302574,0.18877551020408162,-0.03636363636363619,-7.521717283078174,0.0,-0.9606684494571603,1.2466666666666666,-0.056789550457499005,-0.06584654721448559,-0.9332452442208493,0.19727218024146279,-0.3528687960709313,Aerospace & Defense,Industrials,SPCE
2022Q4,2022,Q4,2023-02-28,2022-12-31,-150820000.0,869000.0,-153311000.0,-0.55,-300000.0,-0.3452243959,1139938000.0,480223000.0,1001614000.0,184053000.0,659715000.0,24043000.0,-1623795000.0,956658960.0,1070087960.0,1.746887981899004,5.4419868190140885,0.3646865004938865,0.8656811522979949,-0.1717192164136618,1.746887981899004,-0.31406242516497546,1100.8733716915995,-1.5857627635592098,1.9921139970388757,0.0,0.048621220313604795,0.0,0.0007623221613807067,5.157987101541404,-0.13230544117311643,-7.064123758537936,-0.34522439585730724,0.0,-1.0049749629476974,0.0,-0.9684957224518769,-2.694915254237288,-0.03617901260013466,-0.053242283303906957,0.48574451146329156,-0.8307743451961437,-0.24376162672093102,Aerospace & Defense,Industrials,SPCE
2022Q3,2022,Q3,2022-11-03,2022-09-30,-145554000.0,767000.0,-145561000.0,-0.55,177000.0,0.2307692308,1259184000.0,613543000.0,1086018000.0,170568000.0,645641000.0,22851000.0,-1472975000.0,1243003189.89,1264159189.89,2.3248432131986183,6.367067679752357,0.3297278237334655,0.6767056261745306,-0.1415161048323816,2.3248432131986183,-0.23723520600838083,1620.603898161669,-2.13495195922132,2.0259430714554645,0.0,0.025819438974224323,0.0,0.00060912463944904,5.8671321701608745,-0.11559390843593946,-12.18009632236507,0.23076923076923078,-0.2790697674418606,-106.11910933362422,0.0,-0.9579409003460935,-0.24680851063829787,-0.3146015660985721,-0.32665876777251185,-22.277912919706175,0.0,-0.9267531045354171,Aerospace & Defense,Industrials,SPCE
2022Q2,2022,Q2,2022-08-04,2022-06-30,-110721000.0,357000.0,-109720000.0,-0.43,235000.0,0.6582633053,1268476000.0,650575000.0,1010160000.0,156874000.0,617901000.0,33804000.0,-1327421000.0,1556707405.3999999,1641413405.3999999,2.51586231710233,6.43930797965246,0.3268197427464138,0.6372255312608077,-0.10303152905867297,2.51586231710233,-0.1701894477961803,4360.524945098039,-3.514932590475158,2.3928177464550586,0.0,0.003609040350254408,0.0,0.00028144009031310014,5.849108201486543,-0.08728663372424862,-17.026407435277644,0.6582633053221288,-0.19444444444444448,0.0,0.0,1548.3847044538227,-0.20068027210884354,-0.18981914310583836,-0.20054271708683474,-6.962023733861851,0.0,-0.9261975522689327,Aerospace & Defense,Industrials,SPCE
2022Q1,2022,Q1,2022-05-05,2022-03-31,-93057000.0,319000.0,-91392000.0,-0.36,294000.0,0.921630094,1352144000.0,752097000.0,949584000.0,142883000.0,600047000.0,29467000.0,-1216700000.0,2551883928.36,2364574928.36,2.911855934127632,6.645885094797841,0.30629503958158305,0.5506670017298301,-0.07838491105818178,2.911855934127632,-0.12373005077802464,7999.636139059561,-6.855701151874658,3.393025006561654,0.0,0.0008484066922319883,0.0,0.00023592161781585394,6.070162300623587,-0.06882181187802483,-37.62508740799717,0.9216300940438872,-0.16129032258064513,-5.1049400506074045,0.0,-0.9130536522520573,1.1151079136690647,-0.1517383071153632,-0.13120110902069512,-2.7923630399103314,0.0,-0.914384113130065,Aerospace & Defense,Industrials,SPCE
2021Q4,2021,Q4,2022-02-28,2021-12-31,-80797000.0,141000.0,-80792000.0,-0.31,139000.0,0.9858156028,1068834000.0,894264000.0,678592000.0,131523000.0,174570000.0,29668000.0,-1123643000.0,3450537720.36,2926056720.36,3.4676486071717676,5.159493016430586,0.0,0.0,-0.09035027687573245,3.4676486071717676,-0.09035027687573245,24471.898725957446,-10.676565096352588,3.8585224501489495,0.0,6.741270055278414e-05,0.0,0.000131919456155025,4.591584741832227,-0.07559359077274862,-51.264135856423366,0.9858156028368794,0.03125000000000003,-1.002841014062205,0.0,-0.9374626391092671,-0.9414243573535609,-0.6704639431028779,0.02752801550331612,-2.6899016093125856,0.0,-0.8974362365983657,Aerospace & Defense,Industrials,SPCE
2021Q3,2021,Q3,2021-11-08,2021-09-30,-48368000.0,2580000.0,-83079000.0,-0.32,2373000.0,0.9197674418604651,1117623000.0,969929000.0,788353000.0,118480000.0,147694000.0,29306000.0,-1042846000.0,6445154633.5,5742589633.5,3.8073878898812614,6.653890952059419,0.0,0.0,-0.08569901848886975,3.8073878898812614,-0.04986756762608397,2498.121950968992,-33.3131131817524,6.644975697705709,0.0,0.007063399986350918,0.0,0.0023084707455018373,6.178308575286969,-0.0432775631854391,-121.6755641589579,0.9197674418604651,0.1794871794871795,-35.87563041713314,0.0,-0.9311199543382233,3.671259842519685,0.4856656741811995,-0.12423881566483531,-2.257113201043047,0.0,-0.8867986075679664,Aerospace & Defense,Industrials,SPCE
2021Q2,2021,Q2,2021-08-05,2021-06-30,-94040000.0,571000.0,-73898000.0,-0.39,508000.0,0.8896672504378283,684016000.0,445223000.0,609610000.0,112538000.0,238793000.0,29965000.0,-994478000.0,11073740862.0,10522116862.0,1.8494434947704848,5.416925838383479,0.0,0.0,-0.1659903356028854,1.8494434947704848,-0.21121999537310515,19393.591702276706,-29.43891126648235,24.87234680598262,0.0,0.0021024528616719507,0.0,0.0008347757947182522,4.901668769660026,-0.1374821641599027,-168.9847684607285,0.8896672504378283,0.29090909090909095,0.0,0.0,1137.9730841270284,0.0,0.27490863108547814,0.09078829189069479,-4.211332369312731,0.0,-0.9448740574611254,Aerospace & Defense,Industrials,SPCE
2021Q1,2021,Q1,2021-05-11,2021-03-31,-129694000.0,0.0,-81277000.0,-0.55,0.0,0.0,748027000.0,419844000.0,674329000.0,118085000.0,328183000.0,30187000.0,-900438000.0,7173289810.679999,6556664810.679999,1.7927369532531041,5.710539018503621,0.0,0.0,-0.19365277650284798,1.7927369532531041,-0.3089099760863559,0.0,-13.827335517988496,17.085607536799383,0.0,0.0,0.0,0.0,5.228894440445442,-0.1733814421137205,-144.65777629023148,0.0,-0.774193548387097,-7.309722333704539,0.0,-0.9464699030157102,-1.0,-0.761261322433016,-0.09928857390175287,-7.309722333704539,0.0,-0.9464699030157102,Aerospace & Defense,Industrials,SPCE
2020Q4,2020,Q4,2021-03-01,2020-12-31,-73637000.0,2.38e-07,-73936000.0,-0.31,6.500000000000001e-08,0.2731092436974791,803990000.0,662518000.0,727927000.0,115021000.0,141472000.0,30483000.0,-394712000.0,5617434037.32,4952130037.32,2.798707031636198,6.328644334512828,0.0007711538700730108,0.0009358236304523047,-0.1071063746745048,2.798707031636198,-0.11114716883163929,2.360266402235294e+16,-19.071370497575945,8.478915346179274,0.0,5.6752944264016e-15,0.0,2.960235823828654e-16,5.7942810443310355,-0.09158944762994564,-76.28651797110109,0.2731092436974791,0.08823529411764713,-1.0028207503926734,0.0,-0.9495266760008838,0.0,0.04305393112410656,0.04201920211456484,-1.0028207503926734,0.0,-0.9495266760008838,Aerospace & Defense,Industrials,SPCE
2020Q3,2020,Q3,2020-11-06,2020-09-30,-76950000.0,0.0,-77179000.0,-0.34,0.0,0.0,866046000.0,726247000.0,789861000.0,116036000.0,139799000.0,25147000.0,-321075000.0,4331625497.28,3590050497.2799997,3.224131407197976,6.80703402392361,0.0,0.0,-0.10632627729103684,3.224131407197976,-0.10595568725240861,0.0,-14.07285736608187,5.964397095313303,0.0,0.0,0.0,0.0,6.394032886345617,-0.08885209330682203,-73.79636944443497,0.0,-0.13333333333333347,-65.34850645839983,0.0,-0.9416717379551547,0.0,-0.2308455164912505,-0.22124467933604444,-65.34850645839983,0.0,-0.9416717379551547,Aerospace & Defense,Industrials,SPCE
2020Q2,2020,Q2,2020-08-03,2020-06-30,-62518000.0,0.0,-63197000.0,-0.3,0.0,0.0,490976000.0,354238000.0,415642000.0,113698000.0,136738000.0,28605000.0,-244125000.0,3460559399.94,3100647399.94,1.6726338869086768,3.655666766345934,0.0,0.0,-0.17851687374599381,1.6726338869086768,-0.17648586543510295,0.0,-13.838252183131258,9.769023650596491,0.0,0.0,0.0,0.0,3.172342521416384,-0.12733412631167307,-59.997909080411944,0.0,0.0,0.0,0.0,1029.085526902878,-1.0,-0.04318371433338895,-0.036492160335891886,0.0,0.0,1029.085526902878,Aerospace & Defense,Industrials,SPCE
2020Q1,2020,Q1,2020-05-06,2020-03-31,-59930000.0,238000.0,-60972000.0,-0.3,65000.0,0.27310924369747897,548059000.0,412001000.0,475328000.0,113392000.0,136058000.0,28797000.0,-181607000.0,2991613178.56,2572239178.56,2.0354820013632557,4.191900663186115,0.0,0.0,-0.14787642771361667,2.0354820013632557,-0.14546081198832042,12569.803271260504,-12.479614460871016,7.261179411117934,0.0,0.006007570233010383,0.0,0.0004342598150929006,3.7033124029913926,-0.10934954083410728,-49.57187656067209,0.27310924369747897,0.7187975156284613,-4.373455748862636,0.0,-0.9392216751347524,0.0,0.7224692095495191,0.7043834649335673,-4.373455748862636,0.0,-0.9392216751347524,Aerospace & Defense,Industrials,SPCE
2019Q4,2019,Q4,2020-02-28,2019-12-31,-215940004.0,3781000.0,-206253686.0,-1.0668469045373905,0.0,0.0,605546000.0,467560000.0,536671000.0,115845000.0,137986000.0,26817000.0,-121677000.0,2337830325.6000004,1881929325.6000004,2.3099700354062342,4.632664335966162,0.0,0.0,-0.419127916570142,2.3099700354062342,-0.46184447771409015,618.3100570219519,-2.70657391207606,5.000064859269399,0.0,0.0,0.0,0.006243951739421943,4.151271094997626,-0.3566037988856338,-10.568414161131436,0.0,-44.02703312354032,-1.009674107634424,0.0,-0.9583408107003091,0.0,-446.8373483981219,-47.978472416648444,-1.009674107634424,0.0,-0.9583408107003091,Aerospace & Defense,Industrials,SPCE
2019Q3,2019,Q3,2019-11-12,2019-09-30,-482184.0,0.0,-4211109.0,-0.023693475464179284,0.0,0.0,677290252.0,645934488.0,122747.0,7205764.0,31355764.0,0.0,4997927.0,217754833.29999998,219432157.29999998,31.739819120699167,0.017034557334933535,0.002548114334886367,0.002671808104477617,-0.00650203354057361,31.739819120699167,-0.0007464905636065061,0.0,-112.90027940578699,0.33711597281983186,0.0,0.0,0.0,0.0,0.006729196237900658,-0.0007119311086733314,-182.6488173594306,0.0,-1.329915690563172,-3.6017488639602804,0.0,-0.42579000260504724,0.0,-1.333877812730016,-0.5806522808886406,-3.6017488639602804,0.0,-0.42579000260504724,Aerospace & Defense,Industrials,SPCE
2019Q2,2019,Q2,2019-08-09,2019-06-30,1444193.0,0.0,-2664159.0,0.07181675846860787,0.0,0.0,712888772.0,685512757.0,354107.0,3226015.0,27376015.0,0.0,4997966.0,209137916.0,209623035.0,34.08914466184123,0.10976607362334025,0.001065262955214562,0.0011078043293073247,-0.003882073487138385,34.08914466184123,0.0021067339524361325,0.0,36.20324915021745,0.3050824566930707,0.0,0.0,0.0,0.0,0.08502595307213388,0.0020258321588490385,-514.6857343954954,0.0,-0.642721647315924,0.0,0.0,20992.67638997162,0.0,-0.6427912970458781,-19.024344963396118,0.0,0.0,20992.67638997162,Aerospace & Defense,Industrials,SPCE
2019Q1,2019,Q1,2019-05-10,2019-03-31,4042995.0,0.0,-133046.0,0.20101066277617993,0.0,0.0,708898496.0,684068564.0,472183.0,679932.0,24829932.0,0.0,4997990.0,204954893.84,205033671.84,34.010696385721396,0.6944562103269151,0.0005714837911011734,0.0005922271849931113,-0.00019437708466011916,34.010696385721396,0.005910218964542273,0.0,12.673457043602577,0.2996116246616472,0.0,0.0,0.0,0.0,0.4799685850938035,0.00570320719089239,-1286.879690076288,0.0,0.08421633293608174,1.2902391754366722,0.0,0.015539883153098195,0.0,0.08421633293608184,-0.04133369858725003,1.2902391754366722,0.0,0.015539883153098195,Aerospace & Defense,Industrials,SPCE
2018Q4,2018,Q4,2019-03-18,2018-12-31,3728956.0,0.0,-127765.0,0.18539719119692527,0.0,0.0,704757773.0,680025569.0,507501.0,582204.0,24732204.0,0.0,4997990.0,201133360.0,201052873.0,33.80968572294521,0.8716893047797679,0.0005415690534001389,0.0005612656602916647,-0.00018777724829749167,33.80968572294521,0.00548355263388633,0.0,13.484562435169522,0.295773231432714,0.0,0.0,0.0,0.0,0.7938145392336706,0.0052911172361060285,-577.5064244470668,0.0,0.22753031908048638,-0.9983188287137256,0.0,-0.39025871500210246,0.0,0.2278759109570367,0.43171861030926,-0.9983188287137256,0.0,-0.39025871500210246,Aerospace & Defense,Industrials,SPCE
2018Q3,2018,Q3,2018-11-14,2018-09-30,3036916.0,0.0,-224827.0,0.15103267782078236,0.0,0.0,701280087.0,676296613.0,886536.0,833474.0,24983474.0,0.0,4997989.0,199468136.0,199039370.0,33.63375492193901,1.0636636535752766,0.0005362593448343557,0.0005560696191154812,-0.0003322536971165236,33.63375492193901,0.004490508959565054,0.0,16.420287554874747,0.29494179353519845,0.0,0.0,0.0,0.0,0.9656378003393027,0.004330532202891425,-4806.924426450742,0.0,0.24159536772174547,30.33357981328717,0.0,-0.39152651586743975,0.0,0.2440686964486735,0.5717678834007603,30.33357981328717,0.0,-0.39152651586743975,Aerospace & Defense,Industrials,SPCE
2018Q2,2018,Q2,2018-08-14,2018-06-30,2441116.0,0.0,-525012.0,0.12164404100340552,0.0,0.0,698070930.0,673259697.0,939122.0,661233.0,24811233.0,0.0,5529860.0,201680374.95000002,201210112.95000002,33.54942173489845,1.4202588195084032,0.0004969337428218075,0.0005152469419241057,-0.0007794044865879222,33.54942173489845,0.003625816324484369,0.0,20.65452593711237,0.2995580692690714,0.0,0.0,0.0,0.0,1.2358079527186332,0.00349694550380432,-375.9088764692068,0.0,0.3859660194973399,0.0,0.0,20660.289978376833,0.0,0.38855669774701596,-0.12589828545694343,0.0,0.0,20660.289978376833,Aerospace & Defense,Industrials,SPCE
2018Q1,2018,Q1,2018-05-15,2018-03-31,1758024.0,0.0,-466305.0,0.08776841516469733,0.0,0.0,695411823.0,670818581.0,1246143.0,443242.0,24593242.0,0.0,3088744.0,200903487.73999998,199896711.73999998,33.490261633175166,2.811428068639705,0.0,0.0,-0.0006951283300842258,33.490261633175166,0.002620714526689594,0.0,28.5695029959773,0.29949004608743834,0.0,0.0,0.0,0.0,2.271391249024235,0.002528032946601197,-911.6809659384841,0.0,-0.9986789823123916,0.0,0.0,0.0,0.0,-0.9986788926295539,0.9992363555076634,0.0,0.0,0.0,Aerospace & Defense,Industrials,SPCE
2017Q4,2017,Q4,2018-02-14,2017-12-31,1330720000.0,0.0,-610631000.0,66.44,0.0,0.0,693600000.0,669100000.0,1600000.0,400000.0,24500000.0,0.0,1300000.0,121754960.46,121054960.46,55.449231591824706,4.0,0.0,0.0,-0.9126154535943806,55.449231591824706,1.9888208040651623,0.0,0.02287388790654683,0.18196825655357943,0.0,0.0,0.0,0.0,3.5,1.9185697808535178,-811.6997363999998,0.0,12904.98257460164,0.0,0.0,0.0,0.0,21419.316433285047,-2300.2285660448465,0.0,0.0,0.0,Aerospace & Defense,Industrials,SPCE
2017Q3,2017,Q3,2017-11-14,2017-09-30,-62130.0,0.0,-265350.0,-0.005148798025407367,0.0,0.0,691505081.0,667005163.0,1301861.0,349918.0,24499918.0,0.0,-67536.0,121875629.39999999,121157837.39999999,55.275629586205035,3.7204745111711888,0.0,0.0,-0.00039782300755594003,55.275629586205035,-9.314770476521783e-05,0.0,-490.40571945919845,0.18272066868543863,,0.0,,0.0,2.668519481707143,-8.984749600126221e-05,0.0,0.0,0.0,0.0,0.0,0.0,0.0,0.0,0.0,0.0,0.0,0.0,Aerospace & Defense,Industrials,SPCE
2017Q2,2017,Q2,2017-06-30,2017-06-30,0.0,0.0,0.0,0.0,0.0,0.0,403372.0,19594.0,55500.0,383778.0,383778.0,0.0,-5406.0,121875629.39999999,121925535.39999999,0.0016237815630103323,0.14461485546331473,0.0,0.0,,0.0016237815630103323,0.0,0.0,0.0,6220.048453608247,0.0,0.0,,0.0,0.14461485546331473,0.0,0.0,0.0,0.0,0.0,0.0,0.0,0.0,0.0,0.0,0.0,0.0,0.0,Aerospace & Defense,Industrials,SPCE
