Year,Date,FillingDate,NetIncome,Revenue,OperatingIncome,EPSDiluted,GrossProfit,GrossProfitRatio,TotalAssets,CommonStockEquity,CurrentAssets,CurrentLiability,TotalLiability,Inventory,RetainedEarnings,EnterpriseValue,bookValuePerShare,currentRatio,debtToAssets,debtToEquity,roic,shareholdersEquityPerShare,roe,priceToSalesRatio,peRatio,pbRatio,payoutRatio,inventoryTurnover,dividendYield,assetTurnover,quickRatio,returnOnAssets,priceToFreeCashFlowsRatio,grossProfitMargin,epsdilutedGrowth,fiveYNetIncomeGrowthPerShare,fiveYRevenueGrowthPerShare,fiveYShareholdersEquityGrowthPerShare,grossProfitGrowth,netIncomeGrowth,operatingIncomeGrowth,threeYNetIncomeGrowthPerShare,threeYRevenueGrowthPerShare,threeYShareholdersEquityGrowthPerShare,Industry,Sector,Price,MarketCap,AvgVolume,Symbol
2022,2022-12-31,2023-03-10,-45677000.0,497497000.0,2360000.0,-4.26,89611000.0,0.1801236992,365310000.0,137178000.0,205732000.0,103111000.0,227712000.0,75721000.0,123169000.0,206929600.0,12.796455223880598,1.995247839706724,0.2902794886534724,0.7730248290542215,0.046556494234758015,12.796455223880598,-0.33297613319920105,0.20858336834191965,-2.2718129474352518,0.7564594905888699,0.0,5.386695896778965,0.0,1.3618488407106293,1.1536111569085743,-0.12503627056472585,-5.698808281618979,0.18012369923838736,-13.52941176470588,-11.705637521727613,-0.10588374345689519,-0.09721824777898473,0.03834210099418322,-13.59707666850524,-0.6872515239862179,-2.042006122074742,-0.26249101023884913,-0.21576868940318017,Railroads,Industrials,13.96,154747996,22063,FSTR
2021,2021-12-31,2022-03-02,3626000.0,513620000.0,7546000.0,0.34,86302000.0,0.168026946,342595000.0,183092000.0,179479000.0,86194000.0,158985000.0,62871000.0,168733000.0,179224250.0,17.23543255200979,2.0822679072789287,0.1270596476889622,0.23774932820658468,0.023885853338269883,17.23543255200979,0.019804251414589386,0.28438582999104395,40.28302537231109,0.797775162213532,0.0,6.796742536304497,0.0,1.4992046001838906,1.1887370350604451,0.01058392562646857,-25.70231391870491,0.16802694599119972,-0.859504132231405,1.0247531611335259,0.02726615473828179,0.328767503484376,-0.0916152664042271,-0.8595825426944972,-0.5747055176689398,1.1134789401594811,-0.20091631266118745,0.4624550815509909,Railroads,Industrials,13.96,154747996,22063,FSTR
2020,2020-12-31,2021-03-03,25823000.0,497411000.0,17743000.0,2.42,95006000.0,0.1910010032,370395000.0,176830000.0,195319000.0,95302000.0,193565000.0,116460000.0,165107000.0,209603000.0,16.777039848197344,2.0494743027428597,0.15804748984192551,0.33105242323135214,0.13166307142153688,16.777039848197344,0.14603291296725668,0.31890529159990433,6.142857142857142,0.8970593225131482,0.0,3.4553065430190624,0.0,1.3429203957936797,0.6910872804348283,0.06971746378865805,20.497092647628893,0.19100100319454133,-0.395,1.5652446844414445,-0.22514640874104863,-0.39175281932944095,-0.21723296971294861,-0.393370607028754,-0.20495586324326748,5.155677121322637,-0.09077140717520259,0.1836094579514562,Railroads,Industrials,13.96,154747996,22063,FSTR
2019,2019-12-31,2020-02-27,42568000.0,655057000.0,22317000.0,4.0,121372000.0,0.1852846394,405171000.0,169862000.0,216664000.0,116744000.0,235309000.0,119301000.0,157525000.0,256028800.0,16.317195004803075,1.8558898101829644,0.16896816405912565,0.4030389374904334,0.21966420577032617,16.317195004803075,0.25060343102047544,0.30798205347015606,4.739376996805111,1.1877041362988778,0.0,4.473432745743959,0.0,1.6167420669297654,0.7944990748989241,0.1050618134071787,9.857607739665788,0.18528463935199532,2.32890365448505,0.6296970753517986,0.05965779732251734,-0.5032769288449976,0.03595967872719979,2.365759753593429,2.0856156053898913,1.296539510996483,0.3369544067115415,0.25797588223984813,Railroads,Industrials,13.96,154747996,22063,FSTR
2018,2018-12-31,2019-03-18,-31168000.0,626969000.0,-20557000.0,-3.01,117159000.0,0.1868656983,383249000.0,122119000.0,226672000.0,124191000.0,261130000.0,97812000.0,114324000.0,229455800.0,11.78527311329859,1.8251886207535168,0.19564826000850621,0.6140076482774998,-0.12169975279072347,11.78527311329859,-0.2552264594371064,0.262781413435114,-5.286056211498973,1.3491414112464073,0.0,5.21214165951008,0.0,1.6359312092138532,0.9911909880748202,-0.08132571774486039,7.9542219861922465,0.18686569830406288,-8.717948717948717,-2.044913628195677,0.029585898832836063,-0.6209978162630709,0.13468988494169604,-8.577923656698275,-2.3061185589935826,0.3060379044045968,-0.006546930607016565,-0.572728013436373,Railroads,Industrials,13.96,154747996,22063,FSTR
2017,2017-12-31,2018-02-28,4113000.0,536377000.0,15739000.0,0.39,103252000.0,0.1924989327,396556000.0,146479000.0,221111000.0,93530000.0,250077000.0,97543000.0,137780000.0,372856100.0,14.174472614670021,2.364065005880466,0.32773681396826676,0.887267116788072,0.02911810023907791,14.174472614670021,0.028079110316154534,0.5230800351245486,68.21495258935084,1.9154151789676335,0.0,4.440349384374071,0.0,1.3525882851350124,1.221640115470972,0.010371801208404361,8.444995936549981,0.19249893265371185,1.028281363306744,-0.6736255776645336,-0.10715287740672412,-0.5009915300324461,0.14272433485324715,1.0290343074968233,4.324672581326574,-0.8413775614766157,-0.1259445895577673,-0.5685050299951144,Railroads,Industrials,13.96,154747996,22063,FSTR
2016,2016-12-31,2017-03-08,-141660000.0,483514000.0,-4734000.0,-13.79,90356000.0,0.1868735962,393023000.0,133251000.0,199604000.0,82331000.0,259772000.0,83243000.0,133667000.0,268914800.0,12.97099192056848,2.424408788913046,0.40599405123873156,1.1974769420116922,-0.015561961927798572,12.97099192056848,-1.0631064682441407,0.28895295689473316,-0.986254411972328,1.0484934447021035,-0.008781589721869265,4.723015749071994,0.00890398016502425,1.230243522643713,1.1781103108185251,-0.36043692099444563,13.007429475840238,0.18687359621438054,-2.1847575057736717,-7.148830272711985,-0.18686646896138756,-0.5092161054163645,-0.3239508278901334,-2.187310158623017,-1.1646036161335187,-5.790325180941984,-0.199111843920337,-0.582866326824261,Railroads,Industrials,13.96,154747996,22063,FSTR
2015,2015-12-31,2016-03-01,-44445000.0,624523000.0,28760000.0,-4.33,133653000.0,0.214008131,566660000.0,282832000.0,214474000.0,91646000.0,283828000.0,96396000.0,276571000.0,275511640.0,27.582601911449192,2.3402439822796413,0.29780468005505945,0.5966580867794309,0.05596522541495943,27.582601911449192,-0.15714275612377665,0.22428259647763174,-3.1515275059061763,0.49523971827798835,-0.037259534255821805,5.092223743723806,0.011822690484533266,1.10211237779268,1.2199004866551733,-0.0784332756855963,3.394886933759907,0.21400813100558347,-2.745967741935484,-3.161492084082078,0.31015959228789464,0.10213065620749923,0.09920142115781595,-2.7323433115060802,-0.224421552235586,-4.554311291826834,0.04768454588197716,-0.028961969046295312,Railroads,Industrials,13.96,154747996,22063,FSTR
2014,2014-12-31,2015-03-03,25656000.0,607192000.0,37082000.0,2.48,121591000.0,0.2002513208,495121000.0,335888000.0,247679000.0,108771000.0,159233000.0,95089000.0,322672000.0,471032250.0,32.84968215158924,2.277068336229326,0.05337685131513307,0.07868098890106226,0.06722164030729541,32.84968215158924,0.0763826037250512,0.8179097385999815,19.35719714686623,1.478553118896775,0.05242438415965076,5.106805203546151,0.002708263172705137,1.2263507304275116,1.3073521434941298,0.05181763649693711,9.995939254875914,0.20025132083426658,-0.12982456140350881,0.6224001984968776,0.580959748565728,0.43619908595098283,0.048749773587834985,-0.12406964834414476,-0.10798393110581896,0.11884051941172932,0.025918424149633686,0.24293462218770115,Railroads,Industrials,13.96,154747996,22063,FSTR
2013,2013-12-31,2014-02-27,29290000.0,597963000.0,41571000.0,2.85,115939000.0,0.193889923,413654000.0,316397000.0,247367000.0,75482000.0,97257000.0,76956000.0,298361000.0,416608750.0,31.095528255528254,3.27716541692059,0.00013537884318778496,0.00017699282862985427,0.0871511612997406,31.095528255528254,0.09257357054586485,0.8046915110132232,16.427987367702286,1.5207974475105643,0.04233526800955958,6.263631165861011,0.002577020974145102,1.4455632001624545,2.1602501258578206,0.07080796994589682,107.38133229189913,0.19388992295509924,1.3553719008264464,0.10700349307716131,0.22329863105918915,0.5250332617207346,0.25653252988544367,1.3724283168637614,0.7825564941469062,0.4355192006372954,0.2641801619744153,0.24249826290530582,Railroads,Industrials,13.96,154747996,22063,FSTR
2012,2012-12-31,2013-03-08,12346000.0,588541000.0,23321000.0,1.21,92269000.0,0.1567758236,406122000.0,287575000.0,276392000.0,91969000.0,118547000.0,107108000.0,270311000.0,338384560.0,28.40527459502173,3.0052735160760693,0.00015266348535661697,0.00021559593149613143,0.04200535396753798,28.40527459502173,0.04293140919760063,0.7472488067951086,35.62178519358497,1.5292934364948274,0.08334683298234245,4.633379392762445,0.002339771365455097,1.4491729086333662,1.7520795050506148,0.030399732100206342,22.77978659484098,0.15677582360447276,-0.454954954954955,-0.8826295959927154,0.21682363568164675,0.4152823851682756,-0.09674798339729031,-0.46075562349858046,-0.25903920696447863,-0.21149128689416874,0.5476853617578912,0.24188810172652528,Railroads,Industrials,13.96,154747996,22063,FSTR
2011,2011-12-31,2011-12-31,22895000.0,590926000.0,31474000.0,2.22,102152000.0,0.1728676687,379894000.0,269815000.0,239993000.0,84732000.0,110079000.0,92278000.0,255152000.0,217520610.0,26.429131158781466,2.832377378086201,0.006409682700963953,0.009024702110705484,0.07798761841689125,26.429131158781466,0.08485443729963123,0.4887458158889607,12.614658659095872,1.0704097622445008,0.04463856737278882,5.296755456338455,0.0035386266548403135,1.555502324332577,1.6788698484633904,0.06026681126840645,15.418963749933265,0.1728676687097877,0.12121212121212133,1.178310074825782,0.5455243848646263,1.8058537117929738,0.36964187549441563,0.11726527425336716,-0.016283794342866073,-0.13757471371227534,0.20487637954416948,0.2961768574668289,Railroads,Industrials,13.96,154747996,22063,FSTR
2010,2010-12-31,2010-12-31,20492000.0,475050000.0,31995000.0,1.98,74583000.0,0.1570003158,378716000.0,255747000.0,239282000.0,96819000.0,122969000.0,90367000.0,233279000.0,348366860.0,25.02661708582053,2.4714363916173476,0.01267704559617233,0.018772458718968356,0.07685524542035363,25.02661708582053,0.08012606208479474,0.8806775286811914,20.416057973843447,1.635858328738949,0.0,4.431562406630739,0.0,1.2543700292567517,1.4924446647868703,0.0541091477518774,7.846027155770601,0.1570003157562362,0.2941176470588235,2.7134894106876843,0.3233875308411538,2.1484569347007687,0.24599886397808146,0.3029821326381382,0.1949579831932773,-0.8069986212942671,-0.026952650904648413,0.24694201435816468,Railroads,Industrials,13.96,154747996,22063,FSTR
2009,2009-12-31,2009-12-31,15727000.0,381962000.0,26775000.0,1.53,59858000.0,0.1567119242,333168000.0,232592000.0,290092000.0,79760000.0,100576000.0,98982000.0,212787000.0,202621890.0,22.872652178188613,3.637061183550652,0.07302321951688037,0.10459947031712183,0.06431691548827373,22.872652178188613,0.06761625507326133,0.7936336337122541,19.274997774527883,1.3033031660590217,0.0,3.2541674243801904,0.0,1.146454641502185,2.3322843530591775,0.04720441338904097,15.440222584424184,0.15671192422282845,-0.40466926070038906,9.310420907540935,0.24420358679746362,2.0603154529787466,-0.2538083721857937,-0.43317955741368125,-0.31781701444622795,0.5022073948313631,0.002923662568648375,1.4282794476728875,Railroads,Industrials,13.96,154747996,22063,FSTR
2008,2008-12-31,2009-03-13,27746000.0,512592000.0,39249000.0,2.57,80218000.0,0.1564948341,332120000.0,217562000.0,286455000.0,84191000.0,114558000.0,102916000.0,197060000.0,246194600.0,20.390065604498595,3.4024420662541126,0.08283451764422498,0.12645131043104954,0.10267300984272545,20.390065604498595,0.12753146229580534,0.6511174579392577,12.02903481582931,1.5340804000698651,0.0,4.201232072758366,0.0,1.5433939539925328,2.1307146844674607,0.08354209321931833,17.328155339805825,0.1564948340980741,-0.7452923686818632,10.487761356476241,0.7370890206014983,1.7619416779238513,0.05020750690598694,-0.7493427768693594,0.006900974858902001,3.815509060036791,0.36761394202258646,1.5651586561357436,Railroads,Industrials,13.96,154747996,22063,FSTR
TTM,,,,,,,,,,,,,,,,245620996.0,12.658358042994811,2.0924724864974804,0.2779967774349095,0.684522981648354,0.040682879206177566,12.658358042994811,-0.29369758576874205,0.300954306862625,-3.2589841654408587,1.1028286569698924,0.0,4.938127999621723,0.0,1.5286106701389508,1.0028021965605296,-0.1374287260165647,-60.072979813664595,0.1875859359654292,,,,,,,,,,,Railroads,Industrials,13.96,154747996,22063,FSTR
