Quarters,Year,Quarter,FillingDate,Date,NetIncome,Revenue,OperatingIncome,EPSDiluted,GrossProfit,GrossProfitRatio,TotalAssets,CommonStockEquity,CurrentAssets,CurrentLiability,TotalLiability,Inventory,RetainedEarnings,MarketCap,EnterpriseValue,bookValuePerShare,currentRatio,debtToAssets,debtToEquity,roic,shareholdersEquityPerShare,roe,priceToSalesRatio,peRatio,pbRatio,payoutRatio,inventoryTurnover,dividendYield,assetTurnover,quickRatio,returnOnAssets,priceToFreeCashFlowsRatio,grossProfitMargin,epsdilutedGrowth,fiveYNetIncomeGrowthPerShare,fiveYRevenueGrowthPerShare,fiveYShareholdersEquityGrowthPerShare,grossProfitGrowth,netIncomeGrowth,operatingIncomeGrowth,threeYNetIncomeGrowthPerShare,threeYRevenueGrowthPerShare,threeYShareholdersEquityGrowthPerShare,Industry,Sector,Symbol
2023Q1,2023,Q1,2023-05-10,2023-03-31,-2171000.0,115488000.0,-1324000.0,-0.2,23291000.0,0.2016746329,336378000.0,136609000.0,185188000.0,88502000.0,199364000.0,84594000.0,121017000.0,123892160.0,214765160.0,12.658358042994811,2.0924724864974804,0.2779967774349095,0.684522981648354,-0.004352042937319417,12.658358042994811,-0.0158920715326223,1.07277085065115,-14.266715799170889,0.9069106720640661,0.0,1.0898763505685982,0.0,0.3433280416674099,1.0028021965605296,-0.0064540487190006485,19.876810524626986,0.20167463286228873,0.9511002444987775,-0.029814598717297303,-0.09542567613141495,-0.10132603495857825,-0.13008889220885933,0.9506164414721805,-1.6042902784116841,-0.1295998901969385,-0.12927350573107282,-0.18381920929381293,Railroads,Industrials,FSTR
2022Q4,2022,Q4,2023-03-10,2022-12-31,-43962000.0,137173000.0,2191000.0,-4.09,26774000.0,0.1951841835,365310000.0,137178000.0,205732000.0,103111000.0,227712000.0,75721000.0,123169000.0,104030960.0,207190960.0,12.764306318042244,1.995247839706724,0.2902794886534724,0.7730248290542215,0.05044906619021215,12.764306318042244,-0.3204741285045707,0.7583923950048479,-0.5915959237523315,0.7583647523655397,0.0,1.457970708257947,0.0,0.3754975226519942,1.1536111569085743,-0.12034162765870082,20.0599614346317,0.1951841834763401,-19.449999999999996,-147.3709489378705,-0.06603397518593855,-0.09887634654199683,0.15919816426375719,-19.884560570071258,2.7010869565217392,-2.624096962607505,-0.10948157604734467,-0.21683719462483508,Railroads,Industrials,FSTR
2022Q3,2022,Q3,2022-11-08,2022-09-30,-2105000.0,130015000.0,-1288000.0,-0.2,23097000.0,0.1776487328,413192000.0,175262000.0,216388000.0,105101000.0,237491000.0,85146000.0,167100000.0,104734560.0,208711560.0,16.332308265772063,2.0588576702410064,0.2636062653681581,0.6214695712704408,-0.0040382654923155166,16.332308265772063,-0.012010589859752827,0.8055575125947007,-12.438783847980998,0.5975885246088712,0.0,1.255701970732624,0.0,0.314660012778563,1.1187143795016223,-0.0050944839203082345,-15.03726633165829,0.17764873283851862,-2.111111111111111,-1.6295770776359828,-0.047167696342174506,0.17433996743371116,-0.008414545142317435,-2.0472636815920398,-1.5193548387096774,-1.6670998811914335,-0.18168103884794615,0.22720499101745018,Railroads,Industrials,FSTR
2022Q2,2022,Q2,2022-08-09,2022-06-30,2010000.0,131515000.0,2480000.0,0.18,23293000.0,0.1771128769,365422000.0,180551000.0,202878000.0,96604000.0,184383000.0,73391000.0,169177000.0,137902050.0,190312050.0,16.85030331311246,2.1000993747670904,0.16438802261494928,0.33270931758893607,0.006966423816894721,16.85030331311246,0.011132588576080996,1.0485651826787818,17.151996268656717,0.7637844708697266,0.0,1.4745949775858076,0.0,0.3598989661268342,1.148358246035361,0.005500489844618003,-19.61622332859175,0.17711287685815305,2.1999999999999997,-0.3588899628913628,-0.12432063873729696,0.26651164885614215,0.41624612391317567,2.2673392181588903,2.4385150812064964,-0.7956229935988374,-0.3634983051382148,0.28893607096286045,Railroads,Industrials,FSTR
2022Q1,2022,Q1,2022-05-10,2022-03-31,-1586000.0,98794000.0,-1724000.0,-0.15,16447000.0,0.1664777213,347412000.0,181114000.0,187064000.0,89796000.0,165715000.0,67799000.0,167167000.0,164228450.0,205158450.0,16.950304164716893,2.083210833444697,0.13577251217574524,0.2604381770597524,-0.005441669399975796,16.950304164716893,-0.00875691553386265,1.6623322266534406,-25.887208385876416,0.9067683889704826,0.0,1.2145754362158734,0.0,0.2843712940255374,1.1096485366831486,-0.004565184852566981,-17.471111702127658,0.16647772131910846,-3.5180722891566263,0.3675996084867037,-0.19622291776277595,0.32727926389778206,-0.13596007354872602,-3.492917847025496,-6.628318584070796,-1.4177023992046192,-0.36192212218771175,0.38311114779754685,Railroads,Industrials,FSTR
2021Q4,2021,Q4,2022-03-02,2021-12-31,-353000.0,112965000.0,-226000.0,-0.0332,19035000.0,0.1685035188,342595000.0,183092000.0,179479000.0,86194000.0,158985000.0,62871000.0,168733000.0,146396250.0,179554250.0,17.196581196581196,2.0822679072789287,0.1270596476889622,0.23774932820658468,-0.0004587053416903439,17.196581196581196,-0.0019279924846525244,1.2959434338069313,-103.68006373937678,0.7995775347912525,0.0,1.4940115474543112,0.0,0.3297333586304529,1.1887370350604451,-0.0010303711379325443,29.58695432497979,0.16850351878900544,-1.1509090909090909,0.9916394513645244,0.025598495541282972,0.3293857675063068,-0.1454929071646615,-1.1507258753202392,-1.0621220450797142,0.9912004639651215,-0.3315327732129242,0.4597217524198583,Railroads,Industrials,FSTR
2021Q3,2021,Q3,2021-11-03,2021-09-30,2342000.0,130053000.0,3638000.0,0.22,22276000.0,0.171284015,359803000.0,182052000.0,194613000.0,97938000.0,177429000.0,67731000.0,169067000.0,164844580.0,202851580.0,17.10693478669423,1.9871040862586535,0.1234342126107898,0.2439522773713005,0.011712192260607638,17.10693478669423,0.012864456309186386,1.2675184732378337,17.596560631938516,0.905480741766089,0.0,1.5912506828483264,0.0,0.3614561301601154,1.1453164246768364,0.006509117489292752,-11.010191023243388,0.17128401497850876,-0.18518518518518523,1.378778885048304,0.09752475229021884,-0.003564091106148974,-0.14850349757272274,-0.18567454798331015,-0.25051503914297485,-0.5411305133767583,-0.2419365266531974,0.1433081802852941,Railroads,Industrials,FSTR
2021Q2,2021,Q2,2021-08-04,2021-06-30,2876000.0,154522000.0,4854000.0,0.27,26161000.0,0.169302753,379941000.0,180509000.0,210469000.0,111962000.0,199049000.0,73740000.0,166725000.0,197938160.0,243525160.0,16.998681608437707,1.8798252978689198,0.13088084728944757,0.27548210892531677,0.014281011825193592,16.998681608437707,0.015932723576109777,1.2809707355586906,17.20602920723227,1.0965556288052118,0.0,1.7407241659886086,0.0,0.4066999876296583,1.098515567781926,0.007569596332062083,-112.3372077185017,0.16930275300604444,3.2500000000000004,1.030214168386666,0.09814902634779556,-0.05217580395957768,0.3893255443441317,3.264566929133858,7.741666666666666,-0.43173930465329696,-0.12761913324374433,0.18078044493524034,Railroads,Industrials,FSTR
2021Q1,2021,Q1,2021-05-05,2021-03-31,-1270000.0,116080000.0,-720000.0,-0.12,18830000.0,0.1622157133,374476000.0,176532000.0,201769000.0,108330000.0,197590000.0,79705000.0,163849000.0,189435699.99999997,234151699.99999997,16.680714353207975,1.8625403858580265,0.13280156805776605,0.28171096458432465,-0.0024001606658730244,16.680714353207975,-0.007194163097908594,1.6319409028256373,-37.29049212598425,1.0730955294224276,0.0,1.220124208017063,0.0,0.30997981179034173,1.0001661589587372,-0.0033914055907454683,31.039767327543824,0.1622157133011716,-1.5999999999999999,0.5664270221242789,-0.11147142418773189,-0.3879273545297524,-0.13165782799169934,-1.6062052505966586,-1.2355250245338567,0.3856779806518358,-0.07283306376721775,0.18423919252438786,Railroads,Industrials,FSTR
2020Q4,2020,Q4,2021-03-03,2020-12-31,2095000.0,115576000.0,3057000.0,0.2,21685000.0,0.1876254586,370395000.0,176830000.0,195319000.0,95302000.0,193565000.0,78617000.0,165107000.0,158973150.0,209949150.0,16.740509325002368,2.0494743027428597,0.15804748984192551,0.33105242323135214,0.013104646057629241,16.740509325002368,0.011847537182604761,1.375485827507441,18.970542959427206,0.8990168523440593,0.0,1.1942836791024842,0.0,0.31203444970909433,1.0881723363623008,0.005656123867762794,75.37844950213372,0.18762545857271407,-0.8717948717948718,-0.39099363867163317,-0.1963942737854943,-0.3951488346714686,-0.017043651693032954,-0.8736276993605984,-0.19041313559322035,6.096781643308709,-0.19937329848061394,0.18183225533932837,Railroads,Industrials,FSTR
2020Q3,2020,Q3,2020-11-05,2020-09-30,16578000.0,118365000.0,3776000.0,1.56,22061000.0,0.1863811093,378930000.0,173351000.0,203154000.0,99244000.0,205579000.0,80376000.0,163012000.0,141742040.0,195616040.0,16.412705926907783,2.047015436701463,0.16674583696197187,0.364491696038673,0.08807392832627299,16.412705926907783,0.0956325605274847,1.1974995986989396,2.137502111231753,0.8176592001199877,0.0,1.1981686075445406,0.0,0.3123664001266725,1.0842166780863327,0.04374950518565434,20.49776428054953,0.18638110928061505,30.2,1.2803403876136272,-0.3471747846350749,-0.4012168840616175,-0.18452666987025468,30.697896749521988,0.3954175905395418,4.037591809575594,-0.11866636174945436,0.1801207906476431,Railroads,Industrials,FSTR
2020Q2,2020,Q2,2020-08-05,2020-06-30,523000.0,145766000.0,2706000.0,0.05,27053000.0,0.1855919762,397364000.0,163896000.0,210816000.0,113123000.0,233468000.0,80118000.0,156182000.0,134812890.0,197630890.0,15.524865018471157,1.8635997984494754,0.17667680011274298,0.42835090545223803,0.0035208375443595706,15.524865018471157,0.003191047981646898,0.9248582659879533,64.44210803059273,0.8225514350563772,0.0,1.4817269527447017,0.0,0.3668324256852659,1.0919972065804477,0.0013161735839180197,13.41555279132252,0.18559197618100243,1.2777777777777777,-0.9049840695350302,-0.17164056057826307,-0.5368373835260816,0.2491573163411368,1.280278670953912,2.4416622269579116,-0.8306871728831093,-0.014905906936946352,0.166888335921655,Railroads,Industrials,FSTR
2020Q1,2020,Q1,2020-05-06,2020-03-31,-1866000.0,128775000.0,-1877000.0,-0.18,21657000.0,0.168177053,399075000.0,162506000.0,207169000.0,107481000.0,236569000.0,81093000.0,155659000.0,129508080.0,202325080.0,15.509257491887764,1.9274941617588226,0.19854663910292553,0.4875819969724195,-0.005062929786946223,15.509257491887764,-0.011482652948198837,1.0056927198602212,-17.35102893890675,0.7969433743984837,0.0,1.3209278236099293,0.0,0.3226837060702875,1.0887133539881468,-0.004675812817139635,-11.426511381683431,0.1681770529994176,-1.0731707317073171,-1.4263707945725255,-0.08573544448327787,-0.5257485257371874,-0.20930996714129244,-1.0710857142857142,-3.623152709359606,0.24125346820021157,0.06839719830864152,0.21443932022666268,Railroads,Industrials,FSTR
2019Q4,2019,Q4,2020-02-27,2019-12-31,26250000.0,149379000.0,-406000.0,2.46,27390000.0,0.1833591067,405171000.0,169862000.0,216664000.0,116744000.0,235309000.0,82269000.0,157525000.0,201978360.0,256261360.0,16.298407215505662,1.8558898101829644,0.16896816405912565,0.4030389374904334,0.03310550152551673,16.298407215505662,0.15453721256078465,1.352120177534995,1.9236034285714285,1.1890732476951877,0.0,1.4828064033840207,0.0,0.36868137156904124,1.1117059549098882,0.06478746010943527,16.52850736497545,0.1833591067017452,7.482758620689656,3.2775047260062258,-0.08931453079429998,-0.5031695342508143,-0.010905676729741442,7.5672323759791125,-1.0968049594659037,1.6351342971639646,0.385476620093028,0.25995221594527484,Railroads,Industrials,FSTR
2019Q3,2019,Q3,2019-10-30,2019-09-30,3064000.0,154276000.0,4194000.0,0.29,27692000.0,0.1794964868,396287000.0,138675000.0,235480000.0,120716000.0,257612000.0,93949000.0,131275000.0,225801400.00000003,293529400.0,13.308541266794625,1.9506941913250937,0.20970155468132945,0.5992572561745088,0.017790815031076847,13.308541266794625,0.02209482603208942,1.463619746428479,18.423743472584857,1.6282776275464217,0.0,1.3473693173956083,0.0,0.3893037117038914,1.1200255144305642,0.007731770156477503,10.491167588161503,0.17949648681583655,-0.6777777777777779,-0.6697260895820051,-0.09655024956636611,-0.5926042016416173,-0.25414781297134237,-0.6796319531576747,-0.6735170481083605,1.5061079591942814,0.32968219870628795,-0.2248109565750894,Railroads,Industrials,FSTR
2019Q2,2019,Q2,2019-07-31,2019-06-30,9564000.0,200933000.0,12846000.0,0.9,37128000.0,0.1847780106,416810000.0,136221000.0,252123000.0,123565000.0,280589000.0,96991000.0,128211000.0,277693000.0,366708000.0,13.073032629558542,2.040407882490997,0.24235502986972482,0.7415596714163014,0.04419305661294956,13.073032629558542,0.07020943907327064,1.3820178865592014,7.258809075700543,2.038547654179605,0.0,1.6888680393026156,0.0,0.48207336676183393,1.1988993647068344,0.022945706676903144,97.74480816613868,0.1847780105806413,1.5714285714285716,0.3674123423611411,0.181632844594362,-0.5921932497696893,0.27316370619299085,1.591869918699187,1.260425831427063,1.1023946422105142,0.45525175097343273,-0.2710648433010833,Railroads,Industrials,FSTR
2019Q1,2019,Q1,2019-05-10,2019-03-31,3690000.0,150469000.0,5683000.0,0.35,29162000.0,0.1938073623,426217000.0,127258000.0,259023000.0,137473000.0,298959000.0,109115000.0,118647000.0,203318719.99999997,294273720.0,12.25520030816641,1.884173619547111,0.23460819254041956,0.7857580662905279,0.02043860083986149,12.25520030816641,0.028996212418865613,1.3512332772863511,13.774981029810297,1.5976891040248942,0.0,1.1117353251157036,0.0,0.35303378326063956,1.034064870920108,0.008657561758446989,-12.614388881995282,0.19380736231383208,1.0928381962864722,-0.006974861931060764,0.3262182745344666,-0.6069513603392677,-0.11670452824473725,1.0944773024041785,1.1653140180934927,2.2838934083727245,0.1738298563260421,-0.55031464992717,Railroads,Industrials,FSTR
2018Q4,2018,Q4,2019-03-18,2018-12-31,-39057000.0,164531000.0,-34377000.0,-3.77,33015000.0,0.2006612736,383249000.0,122119000.0,226672000.0,124191000.0,261130000.0,97812000.0,114324000.0,164819400.0,229519400.0,11.780725448581903,1.8251886207535168,0.19564826000850621,0.6140076482774998,-0.19160815581370416,11.780725448581903,-0.31982738148854806,1.001752861162942,-1.0549927029725785,1.3496622147249813,0.0,1.344579397210976,0.0,0.42930575161318096,0.9911909880748202,-0.10191024634115158,111.06428571428572,0.20066127355939004,-9.021276595744682,-6.273364269787628,0.03293228340753449,-0.6208834264627638,0.11529626376596176,-8.856970428485214,-6.642974392646093,-12.569451204891362,0.165733227396943,-0.574350733442261,Railroads,Industrials,FSTR
2018Q3,2018,Q3,2018-11-02,2018-09-30,4971000.0,167094000.0,6092000.0,0.47,29602000.0,0.1771577675,370546000.0,155088000.0,210528000.0,114941000.0,215458000.0,79404000.0,145364000.0,206470800.00000003,273354800.0,14.962662807525325,1.831617960518875,0.2063711388059782,0.49307489941194677,0.02767846843404587,14.962662807525325,0.03205277004023522,1.2356565765377574,10.383765841882921,1.331313834726091,0.0,1.731550047856531,0.0,0.45093996426894367,1.0700881321721578,0.013415338446508666,15.709564026477976,0.1771577674841706,0.0,-0.5013546254058134,0.011684950897202584,-0.5062233982426173,-0.08956141969613089,0.006275303643724696,-0.1616898307417091,1.085659227610892,-0.060901102839579745,-0.45411866278936347,Railroads,Industrials,FSTR
2018Q2,2018,Q2,2018-07-31,2018-06-30,4940000.0,172890000.0,7267000.0,0.47,32514000.0,0.1880617734,387644000.0,149216000.0,223361000.0,114439000.0,238428000.0,72096000.0,140393000.0,237876750.0,323642750.0,14.39614085865895,1.9517909104413704,0.25548441353406737,0.6637156873257559,0.02576277030660252,14.39614085865895,0.03310636929015655,1.3758849557522124,12.038297064777328,1.5941772330045034,0.0,1.947070572569907,0.0,0.44600200183673677,1.2131179056091017,0.012743651391482907,56.39562588904694,0.18806177338191915,3.3499999999999996,-0.33536778060027633,0.13173225014018516,-0.5068908407992758,0.4760305066279281,3.4431256181998022,14.76355748373102,-0.08590170093345957,0.000699490333217378,-0.5705112888717288,Railroads,Industrials,FSTR
2018Q1,2018,Q1,2018-05-02,2018-03-31,-2022000.0,122454000.0,461000.0,-0.2,22028000.0,0.1798879579,373420000.0,145800000.0,201528000.0,99653000.0,227620000.0,76190000.0,135453000.0,243766050.0,335186050.0,14.085595594628538,2.022297371880425,0.2742327673932837,0.7023593964334706,0.002508716002535764,14.085595594628538,-0.013868312757201646,1.9906744573472488,-30.13922477744807,1.6719207818930042,0.0,1.3180994881218007,0.0,0.32792566011461627,1.1306634020049573,-0.005414814418081517,130.49574411134904,0.17988795792705833,-7.666666666666667,-1.4027397432717659,-0.07075587984978694,-0.5078222700543265,-0.2104376500949855,-7.996539792387543,-0.9180735738404123,-1.4676845748081317,-0.11994586817935518,-0.5692821219767326,Railroads,Industrials,FSTR
2017Q4,2017,Q4,2018-02-28,2017-12-31,289000.0,141323000.0,5627000.0,0.03,27899000.0,0.1974130184,396556000.0,146479000.0,221111000.0,93530000.0,250077000.0,97543000.0,137780000.0,280758150.0,373046150.0,14.164877671405087,2.364065005880466,0.32773681396826676,0.887267116788072,0.001671180483048577,14.164877671405087,0.0019729790618450427,1.9866415940788125,242.87037197231834,1.9167126345756045,0.0,1.162810247788155,0.0,0.3563758964685946,1.221640115470972,0.0007287747506026891,25.426385618547364,0.1974130184046475,-0.903225806451613,-0.9328848391076415,-0.014874912110268536,-0.5003441916065958,0.05818319742082306,-0.9103041589075108,0.2838238649326945,-0.9525378329275248,-0.13167913263750816,-0.5682067162937745,Railroads,Industrials,FSTR
2017Q3,2017,Q3,2017-11-08,2017-09-30,3222000.0,131492000.0,4383000.0,0.31,26365000.0,0.2005064947,409164000.0,143819000.0,229401000.0,109169000.0,265345000.0,104035000.0,137492000.0,235257750.0,338534750.0,13.907649163523837,2.1013382920059724,0.33796961609525766,0.9615210785779348,0.016609039372943186,13.907649163523837,0.022403159526905345,1.7891411644814894,18.25401536312849,1.6357904727469945,0.0,1.0104964675349641,0.0,0.3213674712340284,1.0472936456320017,0.007874593072704343,-74.85133630289532,0.20050649469169227,0.06896551724137938,-0.6158437758748853,-0.24301785554651356,-0.4987615585891746,-0.04943034323622728,0.06547619047619048,-0.19769357495881384,-0.6500417594176366,-0.2240921530579955,-0.5742645478059425,Railroads,Industrials,FSTR
2017Q2,2017,Q2,2017-08-04,2017-06-30,3024000.0,144860000.0,5463000.0,0.29,27736000.0,0.1914676239,393010000.0,137502000.0,204884000.0,99477000.0,255508000.0,84588000.0,134270000.0,221685750.0,324212750.0,13.304499274310595,2.0596117695547713,0.3510953919747589,1.0035054035577664,0.017138369884459763,13.304499274310595,0.021992407383165335,1.5303448156841089,18.32719494047619,1.6122365492865558,0.0,1.3846408474015226,0.0,0.3685911299966922,1.1308945786463203,0.007694460700745528,12.296064673581451,0.19146762391274333,2.260869565217391,1.9333072911544569,-0.1399371905118578,-0.5031920116761455,0.3051006964050442,2.2485549132947975,45.69230769230769,-0.5640878712363454,-0.14111107151807006,-0.5849727629203242,Railroads,Industrials,FSTR
2017Q1,2017,Q1,2017-05-03,2017-03-31,-2422000.0,118702000.0,117000.0,-0.23,21252000.0,0.179036579,402240000.0,131781000.0,211098000.0,97259000.0,270459000.0,82551000.0,131245000.0,128987500.0,250484500.0,12.770714216493847,2.1704726554868956,0.38600089498806683,1.1782047487877616,0.0004958350704463432,12.770714216493847,-0.018378977242546345,1.0866497615878419,-13.314151527663089,0.9788019517229343,0.0,1.1804823684752457,0.0,0.2951024264120923,1.135473323805509,-0.006021280827366746,17.681631254283754,0.1790365789961416,0.9420654911838791,-1.7029536359442194,-0.020748381672035222,-0.5303789344698564,0.131629392971246,0.9407099143206854,1.0577777777777777,-1.6558961509326848,0.052817455028001795,-0.5904178043549345,Railroads,Industrials,FSTR
2016Q4,2016,Q4,2017-03-08,2016-12-31,-40850000.0,106566000.0,-2025000.0,-3.97,18780000.0,0.1762288159,393023000.0,133251000.0,199604000.0,82331000.0,259772000.0,83243000.0,133667000.0,140093600.0,269295600.0,12.93573439471896,2.424408788913046,0.40599405123873156,1.1974769420116922,-0.06672236491099848,12.93573439471896,-0.30656430345738495,1.3146181708987856,-0.8573659730722154,1.051351209371787,0.0,1.0545751594728685,0.0,0.2711444368395743,1.1781103108185251,-0.10393793747439717,26.078481012658226,0.17622881594504813,-5.844827586206897,-7.616970250505651,-0.2332504549410696,-0.5117007771613417,-0.05165883956976216,-5.828819792711467,-1.2625698324022345,-6.550252853040992,-0.32675273808405975,-0.5837139808309546,Railroads,Industrials,FSTR
2016Q3,2016,Q3,2016-11-08,2016-09-30,-5982000.0,114644000.0,-895000.0,-0.58,19803000.0,0.1727347266,411280000.0,176763000.0,173524000.0,77995000.0,234517000.0,91381000.0,174517000.0,123654960.0,255628960.0,17.168123543123542,2.2248092826463233,0.32976317836996694,0.7672702997799313,-0.0018308503867989258,17.168123543123542,-0.033841923932044604,1.0785994905969785,-5.167793380140421,0.6995522818689431,-0.06937479103978603,1.0378634508267583,0.0033561128482027733,0.27874927056992804,0.8790178857619079,-0.01454483563509045,31.837013388259525,0.17273472663200864,0.9352678571428571,-1.6075470986918625,-0.30296656977808295,-0.34211725778924074,-0.2879948225649876,0.9349754337145093,-1.7682403433476395,-1.6040810511861263,-0.3012263220401379,-0.43344190731806603,Railroads,Industrials,FSTR
2016Q2,2016,Q2,2016-08-09,2016-06-30,-91996000.0,135994000.0,1165000.0,-8.96,27813000.0,0.2045163757,470016000.0,184061000.0,221327000.0,96510000.0,285955000.0,95150000.0,180914000.0,111764070.0,247324070.0,17.93442463217383,2.293306393119884,0.3582112098311547,0.9147239230472506,0.0023496801909053686,17.93442463217383,-0.4998125621397254,0.8218308895980705,-0.30371991717031177,0.6072121198950348,-0.004511065698508631,1.1369521807672096,0.003713179020771165,0.28933908632897604,1.1833074292819397,-0.19572950708061002,11.5019110836678,0.20451637572245834,-31.000000000000004,-15.491535231293948,-0.21402849694684142,-0.2974179484131614,0.16080968280467445,-31.48446327683616,1.3910708291372944,-13.500240361160827,-0.10094027529500961,-0.38569446229051346,Railroads,Industrials,FSTR
2016Q1,2016,Q1,2016-05-04,2016-03-31,-2832000.0,126310000.0,-2979000.0,-0.28,23960000.0,0.1896920276,558105000.0,278851000.0,210818000.0,82028000.0,279254000.0,92204000.0,273325000.0,185813120.0,329841120.0,27.2528342455043,2.5700736333934753,0.31340160005733686,0.627256133203754,-0.004481177988315584,27.2528342455043,-0.010155961427428986,1.471087958198084,-16.402994350282487,0.666352711663218,-0.1461864406779661,1.11003861003861,0.002228045037939194,0.22631942018079035,1.2884746671868144,-0.0050743139731770906,-22.572050534499514,0.18969202755126277,-1.8750000000000002,-5.19244370083863,0.08420091605320836,0.08946932767022213,-0.19791108730583826,-1.8509615384615385,-1.4693556010713722,-1.5706349449420491,-0.03034697212255419,-0.047733693373031384,Railroads,Industrials,FSTR
2015Q4,2015,Q4,2016-03-01,2015-12-31,3328000.0,139138000.0,6347000.0,0.32,29872000.0,0.2146933261,566660000.0,282832000.0,214474000.0,91646000.0,283828000.0,96396000.0,276571000.0,139591540.0,275033540.0,27.677072120559743,2.3402439822796413,0.29780468005505945,0.5966580867794309,0.009109004119209221,27.677072120559743,0.011766702494767212,1.003259641506993,10.486143329326923,0.49354931549471065,0.12379807692307693,1.1335117639736088,0.002951468262331657,0.24554053577100907,1.2199004866551733,0.005873010270709067,3.56200821659139,0.214693326050396,1.0571428571428572,-0.4651718171844272,-0.05728616337622301,0.10882739952865572,-0.17109717520395137,1.057956880638083,-0.4432456140350877,-0.21790366726270438,-0.018526842240768948,-0.02371131151540288,Railroads,Industrials,FSTR
2015Q3,2015,Q3,2015-11-09,2015-09-30,-57422000.0,176059000.0,11400000.0,-5.6,36038000.0,0.204692745,611574000.0,281118000.0,257086000.0,95891000.0,330456000.0,98812000.0,273655000.0,125943680.0,300231680.0,27.410101404056164,2.6810232451429226,0.3392851887097882,0.7381170896207286,0.019083850120949174,27.410101404056164,-0.20426297853570388,0.7153492863187909,-0.548325032217617,0.44801001714582483,-0.0071923652955313295,1.417044488523661,0.003279243547592067,0.28787849058331455,1.5023724854261609,-0.09389215368867872,10.281116734693878,0.2046927450456949,-11.769230769230766,-9.80792435290226,0.40081184132353465,0.12764712324669628,-0.02833724284828386,-11.709063782170832,0.21859967931587387,-7.903116117957788,0.021948619262441633,-0.012126611396294082,Railroads,Industrials,FSTR
2015Q2,2015,Q2,2015-08-04,2015-06-30,5362000.0,171419000.0,9355000.0,0.52,37089000.0,0.2163645804,701827000.0,344712000.0,260349000.0,94619000.0,357115000.0,105891000.0,331489000.0,355929240.0,538840240.0,33.51925320886814,2.751550956995952,0.3112903892269747,0.6337812434728121,0.011385365133665592,33.51925320886814,0.015555014040706444,2.076369830648878,16.594985080193958,1.0325409037109239,0.07739649384558,1.2685686224513888,0.001165962088419597,0.24424680156220835,1.4669569536773799,0.007640059444848944,207.53891545189504,0.21636458035573652,0.2682926829268294,-0.1125790697684994,0.42130940943817613,0.41075113768515686,0.20996313574527778,0.2513418903150525,0.4804557683177718,2.6630989694136264,0.022796087024044204,0.251654227150806,Railroads,Industrials,FSTR
2015Q1,2015,Q1,2015-05-06,2015-03-31,4285000.0,137907000.0,6319000.0,0.41,30653000.0,0.2222729811,695726000.0,335496000.0,252668000.0,97746000.0,360230000.0,105686000.0,326541000.0,487097319.99999994,667782320.0,32.70260259284531,2.584944652466597,0.31367952326059395,0.6504846555547608,0.007336690357271049,32.70260259284531,0.012772134392064287,3.532071033377566,28.418746791131852,1.451872213081527,0.0970828471411902,1.0148364021724732,0.0008540387781234354,0.19822027637316988,1.3403924457266794,0.006159033872530278,-40.949753678015966,0.22227298106695093,-0.3050847457627119,1.423651832818089,0.667489807217619,0.4158127700504034,-0.030121816168327795,-0.2892685354121745,-0.2874379792512404,0.250938479084788,0.144340201255527,0.20258200245571603,Railroads,Industrials,FSTR
2014Q4,2014,Q4,2015-03-03,2014-12-31,6029000.0,161149000.0,8868000.0,0.59,31605000.0,0.1961228428,495121000.0,335888000.0,247679000.0,108771000.0,159233000.0,95089000.0,322672000.0,497308230.0,471712230.0,32.80476609043852,2.277068336229326,0.05337685131513307,0.07868098890106226,0.015301851214185772,32.80476609043852,0.017949435526127756,3.086014992336285,20.62150563940952,1.4805775437050446,0.06866810416321115,1.3623447507072322,0.000832481698523268,0.3254739750485235,1.3073521434941298,0.012176821423450026,43.10177067082683,0.19612284283489193,-0.3295454545454546,0.5292644847450633,0.6311242958828603,0.432965981112228,-0.10108364856793424,-0.338635366388767,-0.3660280240205891,-0.01749617625001004,0.16649886713649203,0.23831715297932415,Railroads,Industrials,FSTR
2014Q3,2014,Q3,2014-11-04,2014-09-30,9116000.0,167797000.0,13988000.0,0.88,35159000.0,0.2095329475,452365000.0,334481000.0,272753000.0,97150000.0,117884000.0,90795000.0,317057000.0,470379660.0,384237660.0,32.66735032718039,2.8075450334534224,0.0008267659964851392,0.0011181502088309949,0.027486243951677286,32.66735032718039,0.02725416391364532,2.8032662085734548,12.899837099605088,1.4062970990878405,0.03411584028082492,1.4608513684674267,0.0006611680445536272,0.3709327644711682,1.8290684508492023,0.0201518685132581,33.26824103543391,0.20953294754971782,0.31343283582089543,0.47227614187583433,0.8017199520870436,0.4535163299253874,0.1452442996742671,0.32847566307199066,0.40880249773391075,-0.06900178144803268,0.025882118650658096,0.25181333650252175,Railroads,Industrials,FSTR
2014Q2,2014,Q2,2014-08-04,2014-06-30,6862000.0,166832000.0,9929000.0,0.67,30700000.0,0.1840174547,439952000.0,327718000.0,272308000.0,90726000.0,112234000.0,84617000.0,308252000.0,553268760.0,466111760.0,32.05693045094395,3.001432885832066,0.0009046441429974179,0.0012144587724812186,0.020275547540427052,32.05693045094395,0.02093873391147267,3.316322767814328,20.156979014864472,1.6882464802055424,0.04532206353832702,1.608802013779737,0.000562113790773222,0.37920500418227443,2.0066022970262107,0.015597156053387642,-118.19456526383252,0.18401745468495254,0.9142857142857145,1.568498353976313,0.7660903050611771,0.46090232717881824,0.27243337339909646,0.8805152096464784,1.0014110058455956,0.08515589564388372,-0.03202893245069231,0.25583197820552755,Railroads,Industrials,FSTR
2014Q1,2014,Q1,2014-05-05,2014-03-31,3649000.0,111414000.0,4961000.0,0.35,24127000.0,0.2165526774,411165000.0,317941000.0,244517000.0,70842000.0,93224000.0,77644000.0,301701000.0,477729450.0,387031450.0,31.17985682063352,3.4515823946246575,0.0010531052010749943,0.001361887897440091,0.010685927851160577,31.17985682063352,0.011476972142630236,4.287876299208358,32.730162373252945,1.5025726471263536,0.08468073444779392,1.1241950440471897,0.0006468096115908283,0.2709715077888439,2.2289319894977555,0.008874782629844466,16.653168682678565,0.21655267740140377,-0.5070422535211268,0.2093895667733851,0.14052583205627334,0.4550447732824295,-0.21181928065074646,-0.4984192439862543,-0.5478902761323248,4.420457777078735,-0.040378623974219784,0.24645742682095867,Railroads,Industrials,FSTR
2013Q4,2013,Q4,2014-02-27,2013-12-31,7275000.0,156458000.0,10973000.0,0.71,30611000.0,0.1956499508,413654000.0,316397000.0,247367000.0,75482000.0,97257000.0,76956000.0,298361000.0,481506780.0,416939780.0,31.0741504615989,3.27716541692059,0.00013537884318778496,0.00017699282862985427,0.021833170006837644,31.0741504615989,0.02299326479075339,3.0775465620166433,16.54662474226804,1.5218436963688025,0.04247422680412371,1.6353110868548262,0.0006417355120108589,0.37823398299061534,2.1602501258578206,0.01758716221769885,65.02454827819041,0.19564995078551434,-0.25263157894736843,0.3338861672831122,0.12877528841535565,0.5084164653061931,-0.022168982590640474,-0.25712243439191257,-0.1596078731714789,0.17338159238043285,0.06391567088392343,0.2449246545591633,Railroads,Industrials,FSTR
2013Q3,2013,Q3,2013-11-05,2013-09-30,9793000.0,162248000.0,13057000.0,0.95,31305000.0,0.1929453676,419918000.0,308540000.0,291662000.0,86327000.0,111378000.0,93497000.0,291395000.0,465724680.0,369775680.0,30.302494598310744,3.3785721732482306,0.00011430803156806806,0.00015557140079082129,0.029550862566013705,30.302494598310744,0.03173980683217735,2.870449435432178,11.889223935464107,1.5094466843845207,0.03175737771877872,1.4005048290319475,0.0006677765069267962,0.3863801980386647,2.1363767998424597,0.023321219857210217,940.8579393939394,0.19294536758542477,0.3380281690140845,0.25000251393141026,0.1562163121062684,0.46232137270677587,0.07300771208226221,0.34242631939684715,0.24068795134929685,0.5130592508529621,0.3003068338118012,0.246639709838034,Railroads,Industrials,FSTR
2013Q2,2013,Q2,2013-08-06,2013-06-30,7295000.0,149936000.0,10524000.0,0.71,29175000.0,0.1945830221,410872000.0,296997000.0,283133000.0,88536000.0,113875000.0,98609000.0,281913000.0,454631370.0,359991370.0,29.194632851666174,3.1979420800578295,9.24862244202574e-05,0.00012794742034431323,0.02309746789686832,29.194632851666174,0.02456253766873066,3.0321695256642833,15.580238862234406,1.5307608157658157,0.04249485949280329,1.2246448092973259,0.0006818711168127267,0.364921435386203,1.9588303063160748,0.017754921240678363,30.100064221398306,0.19458302208942482,0.47916666666666663,0.020808088503010403,0.23736629423358716,0.4707419677732442,0.1741387636831938,0.4806170083214938,0.4997862334330911,0.2205095377610564,0.25674920146033786,0.22873744391452885,Railroads,Industrials,FSTR
2013Q1,2013,Q1,2013-05-07,2013-03-31,4927000.0,129321000.0,7017000.0,0.48,24848000.0,0.1921420342,399629000.0,290711000.0,271681000.0,82972000.0,108918000.0,107063000.0,274928000.0,445936200.0,364545200.0,28.618921047450286,3.2743696668755726,0.00011010211971603663,0.00015135306197563904,0.016099954009004942,28.618921047450286,0.016948103098953945,3.448289140974784,22.627166632839455,1.5339502117222945,0.06291861173127664,0.9758086360367261,0.0006951667077039271,0.32360264144994483,1.8506604637709108,0.012328935087293465,-24.074728715650814,0.19214203416305164,0.17073170731707318,-0.14905889630173735,0.507309661949981,0.42583693004227774,-0.09869781276070949,0.16642992424242425,-0.37275408956824885,1.8144840330535663,0.5792204252779738,0.2390155728128242,Railroads,Industrials,FSTR
2012Q4,2012,Q4,2013-03-08,2012-12-31,4224000.0,140724000.0,11187000.0,0.41,27569000.0,0.1959083028,406122000.0,287575000.0,276392000.0,91969000.0,118547000.0,107108000.0,270311000.0,440655360.0,339253360.0,28.349270504731862,3.0052735160760693,0.00015266348535661697,0.00021559593149613143,0.015188892854411974,28.349270504731862,0.014688342171607407,3.131344759955658,26.080454545454543,1.53231456141876,0.06084280303030303,1.056457034021735,0.0005832222260952414,0.3465067147310414,1.7520795050506148,0.010400815518489518,271.84167797655766,0.19590830277706717,-0.49382716049382724,-0.948405570856757,0.30003049774083346,0.4165697965390895,-0.10233784839802032,-0.4864437689969605,-0.16689008042895442,0.08145768419422889,0.43772530086613215,0.23834262712421622,Railroads,Industrials,FSTR
2012Q3,2012,Q3,2012-08-09,2012-09-30,8225000.0,170346000.0,13428000.0,0.81,30712000.0,0.1802918765,421690000.0,281378000.0,289781000.0,116188000.0,140312000.0,90928000.0,263904000.0,332117750.0,244928750.0,27.746573316241,2.4940699555892176,0.03194052503023548,0.0478679925225142,0.029400482417512353,27.746573316241,0.029231141027372433,1.9496656804386368,10.094764437689971,1.180325931664878,0.0313677811550152,1.5356545838465598,0.0007768329154343603,0.4039602551637459,1.6064653836885048,0.01950484953401788,16.06451339847151,0.18029187653364329,3.612903225806452,-0.4036294036549724,0.32208178910854546,1.386821190796031,1.4125687352710135,3.592184052946738,3.8162751677852347,0.3412126002530979,0.8467656853723967,0.23456898128258177,Railroads,Industrials,FSTR
2012Q2,2012,Q2,2012-05-08,2012-06-30,-3173000.0,164942000.0,-4768000.0,-0.31,12730000.0,0.0771786446,402921000.0,271040000.0,267489000.0,107578000.0,131881000.0,84742000.0,255937000.0,289561810.0,213045810.0,26.779962454302936,2.4864656342374833,0.001804323924541039,0.0026822609208972843,-0.012750460411726578,26.779962454302936,-0.011706759149940968,1.7555371585163269,-22.814513867002837,1.0683360758559621,-0.08099590293098015,1.7961813504519601,0.0008875479815518491,0.4093656076501349,1.583000241685103,-0.007874992864606214,150.81344270833333,0.07717864461447053,-1.9393939393939394,-1.4898540164015415,0.17080528926212793,1.619473450015253,-0.44325388147824185,-1.94182249925794,-2.0035781940644073,-2.1996473142546824,0.7636798068493073,0.22041970085443782,Railroads,Industrials,FSTR
2012Q1,2012,Q1,2012-03-15,2012-03-31,3369000.0,118527000.0,4751000.0,0.33,22865000.0,0.1929096324,371076000.0,274384000.0,231523000.0,72026000.0,96692000.0,96163000.0,258264000.0,287665900.0,234152900.0,27.193657086223983,3.2144364535029015,0.038369498431588135,0.051890780803545394,0.010880327703082272,27.193657086223983,0.01227841273543647,2.42700734853662,21.346534579994064,1.0484062481777365,0.07628376372810923,0.9947900959828624,0.0008933975142691574,0.31941435177699445,1.8004331769083386,0.009079002684086278,-58.5996944387859,0.19290963240443107,-0.44999999999999996,0.15136188472569645,0.1317575542874508,1.8630175293584448,-0.17194799550936155,-0.44806684141546527,-0.465639410639973,0.12842998636649097,0.22620732141289868,0.2690240637526107,Railroads,Industrials,FSTR
2011Q4,2011,Q4,2011-11-09,2011-12-31,6104000.0,137419000.0,8891000.0,0.6,27613000.0,0.2009401902,379894000.0,269815000.0,239993000.0,84732000.0,110079000.0,92278000.0,255152000.0,288133650.0,216841650.0,26.491408934707902,2.832377378086201,0.006409682700963953,0.009024702110705484,0.020901885489148495,26.491408934707902,0.022622908289012842,2.096752632459849,11.801017775229358,1.0678933713840966,0.04177588466579292,1.1899477665315676,0.0008850059685843706,0.36172985095842525,1.6788698484633904,0.016067639920609434,17.143669304456477,0.20094019022114845,-0.3684210526315789,1.1349179841178256,0.2906575225439072,1.8551676502929455,-0.10289148797920727,-0.373305954825462,-0.30041702730348574,0.1188512605190054,-0.008874700818235801,0.2859588060389689,Railroads,Industrials,FSTR
2011Q3,2011,Q3,2011-08-09,2011-09-30,9740000.0,162701000.0,12709000.0,0.95,30780000.0,0.1891813818,375722000.0,265788000.0,236126000.0,88969000.0,109934000.0,93880000.0,249303000.0,226412550.0,172061550.0,26.0960235640648,2.654025559464533,0.0074097337925381,0.010474513522055171,0.03231912716826689,26.0960235640648,0.03664574773879934,1.3915867142795681,5.811410420944559,0.851853921170256,0.025872689938398356,1.405208777162335,0.0011130125074780527,0.43303559546686116,1.5555080983263834,0.025923422104641197,11.959883260260948,0.18918138179851385,0.5573770491803278,1.7323093447266669,0.7605743586291401,1.9095459453930181,0.17065378617883087,0.5283226110152205,0.3817134159599913,0.24287126747347357,0.15910297827531786,0.2593277717313391,Railroads,Industrials,FSTR
2011Q2,2011,Q2,2011-05-10,2011-06-30,6373000.0,173701000.0,9198000.0,0.61,26293000.0,0.151369307,373751000.0,262999000.0,232706000.0,86072000.0,110752000.0,95731000.0,239816000.0,339071729.99999994,296507729.99999994,25.526448607201786,2.7036202249279673,0.008377235111076626,0.011904988231894419,0.024051537864963064,25.526448607201786,0.02423203130049924,1.9520424752879946,13.301103483445784,1.2892510237681511,0.0,1.5398146890766837,0.0,0.46475059598502744,1.507424017101961,0.01705145939408858,-31.588571827836773,0.15136930702759338,7.714285714285714,1.1329576705436282,0.7455897176750934,1.8969320157795933,0.5053818848047635,8.385861561119293,7.628517823639775,-0.11946206766628462,0.4154027156600895,0.2859493539640772,Railroads,Industrials,FSTR
2011Q1,2011,Q1,2011-03-16,2011-03-31,679000.0,117104000.0,1066000.0,0.07,17466000.0,0.149149474,367328000.0,257277000.0,227897000.0,85609000.0,110051000.0,101779000.0,233701000.0,443386350.0,399237350.0,25.014778804083615,2.6620682404887335,0.04011401254464675,0.057272900414728094,0.0027042311858790544,25.014778804083615,0.0026391787839565913,3.786261357425878,163.24976067746687,1.7233812194638465,0.0,0.9789642264121282,0.0,0.3187995469988675,1.4102489224263803,0.0018484841885181636,-70.68170731707318,0.14914947397185407,-0.8852459016393444,-0.8262671687243127,0.38287571430902767,2.038388809609327,-0.21157405317564212,-0.8911684564834108,-0.9023630701593699,-0.8841781155556955,0.34805953031218456,0.2462732384832119,Railroads,Industrials,FSTR
2010Q4,2010,Q4,2010-11-08,2010-12-31,6239000.0,147983000.0,10918000.0,0.61,22153000.0,0.1496996277,378716000.0,255747000.0,239282000.0,96819000.0,122969000.0,90367000.0,233279000.0,419471240.0,349472240.0,24.960667577591256,2.4714363916173476,0.01267704559617233,0.018772458718968356,0.024636164226935625,24.960667577591256,0.02439520307178579,2.8345907300162856,16.80843244109633,1.6401804908757482,0.0,1.3924330784467782,0.0,0.39074926858120596,1.4924446647868703,0.01647408612258262,16.96135376652784,0.14969962765993391,-0.03174603174603177,6.228238171674482,0.7801038072160911,2.1856363657088544,0.1053288095000499,-0.04206970674036542,0.058663822360127994,-0.924551818473412,0.35348075760790104,0.24724647803429348,Railroads,Industrials,FSTR
2010Q3,2010,Q3,2010-08-09,2010-09-30,6513000.0,125561000.0,10313000.0,0.63,20042000.0,0.1596196271,354133000.0,249053000.0,306860000.0,94863000.0,105080000.0,94688000.0,227040000.0,296519240.0,168735240.0,24.307339449541285,3.2347701422050745,0.046307460756269535,0.06584542246027954,0.025047981274960864,24.307339449541285,0.02615106021609858,2.3615552599931506,11.381822508828497,1.190586903189281,0.0,1.1143861946603582,0.0,0.35455888042063294,2.1775613252796138,0.01839139532322602,20.33879141230537,0.15961962711351455,0.08620689655172423,1.7637509534613747,0.2826823030186319,2.133080465255604,-0.013438346049716958,0.08785702355102723,0.0737116085372202,-0.5326009498992865,-0.035488122619714825,1.0909707382164564,Railroads,Industrials,FSTR
2010Q2,2010,Q2,2010-05-07,2010-06-30,5987000.0,119504000.0,9605000.0,0.58,20315000.0,0.1699943098,340162000.0,242113000.0,292328000.0,87437000.0,98049000.0,94164000.0,220527000.0,264124800.00000003,150619800.00000003,23.759862610402354,3.343298603565996,0.052366225504318534,0.07357308364276186,0.023626288283153885,23.759862610402354,0.024728122818683838,2.210175391618691,11.029096375480208,1.0909153990079015,0.0,1.0533643430610424,0.0,0.35131496169472193,2.210197056166154,0.017600437438632183,33.169006655783,0.16999430981389743,2.4117647058823524,2.672105004906771,0.19754177417871194,2.107709999101527,0.6826803611364202,2.4152880775812893,2.18997010959814,-0.08197374877330718,-0.1574705264227359,1.3240633511029727,Railroads,Industrials,FSTR
2010Q1,2010,Q1,2010-03-12,2010-03-31,1753000.0,82002000.0,3011000.0,0.17,12073000.0,0.1472281164,325058000.0,234954000.0,276578000.0,69235000.0,90104000.0,105934000.0,214540000.0,293869080.0,194309080.0,23.09811246559182,3.9947714306347946,0.07686320595093799,0.10633996441856704,0.007622317014616746,23.09811246559182,0.007461034925985512,3.583681861418014,41.90945236737022,1.2507515513675016,0.0,0.660118564389148,0.0,0.2522688258710753,2.3915938470426807,0.005392883731518683,48.58143164159365,0.14722811638740518,-0.5641025641025641,1.872263821975399,0.12034243626925747,2.242579622654826,-0.22539458488387015,-0.5518916155419223,-0.427130898021309,-0.4057385365948887,-0.2233141924826513,1.431828152954944,Railroads,Industrials,FSTR
2009Q4,2009,Q4,2009-12-31,2009-12-31,3912000.0,98034000.0,5256000.0,0.39,15586000.0,0.158985658,333168000.0,232592000.0,290092000.0,79760000.0,100576000.0,98982000.0,212787000.0,302869600.0,202353600.0,22.892913385826773,3.637061183550652,0.07302321951688037,0.10459947031712183,0.012140523117245478,22.892913385826773,0.01681915113159524,3.0894342779035844,19.355163599182003,1.3021496870055718,0.0,0.832959527994989,0.0,0.2942479469817029,2.3322843530591775,0.01174182394467656,47.41969625802411,0.15898565803700757,-0.35,4.807271135396868,0.42849506720506164,2.20471512735067,-0.12231107106656156,-0.36328125,-0.5421203937625229,0.3716169463897931,-0.07698601405862406,1.4673321785665778,Railroads,Industrials,FSTR
2009Q3,2009,Q3,2009-11-06,2009-09-30,6144000.0,92413000.0,11479000.0,0.6,17758000.0,0.1921591118,319442000.0,228343000.0,275352000.0,66029000.0,91099000.0,96986000.0,208875000.0,310692800.0,210687800.0,22.47470472440945,4.1701676536067485,0.06891078818690091,0.09640321796595473,0.028625825991555526,22.47470472440945,0.02690689007326697,3.362003181370586,12.642122395833333,1.3606407903898958,0.0,0.7697502732353123,0.0,0.289295083301507,2.6319647427645427,0.01923353848272926,65.32649285113541,0.19215911181327303,1.3076923076923075,3.6517262611920156,0.0936233142154422,2.105573874233238,0.3838840399002494,1.3167420814479638,1.3894671107410492,0.7277839802745045,0.0024542110333629842,1.505791192450367,Railroads,Industrials,FSTR
2009Q2,2009,Q2,2009-08-07,2009-06-30,2652000.0,93771000.0,4804000.0,0.26,12832000.0,0.1368440136,313826000.0,222680000.0,268486000.0,63564000.0,91146000.0,94293000.0,202731000.0,305150360.0,211532360.0,21.94324004729996,4.223868856585488,0.07797951731214112,0.1098976109215017,0.01202988741795543,21.94324004729996,0.011909466499012035,3.2542082306896587,28.76605957767723,1.3703536913957248,0.0,0.8583776102149683,0.0,0.2987993346631573,2.644909068025927,0.008450542657396136,14.392527120083011,0.13684401360761855,-0.10344827586206887,1.010248231654144,0.19812080619537317,1.9906338615465697,-0.06212542026019588,-0.1215634315998675,-0.029494949494949494,-0.09885416598923463,-0.043265037082843585,1.4902827495175215,Railroads,Industrials,FSTR
2009Q1,2009,Q1,2009-05-08,2009-03-31,3019000.0,97744000.0,4950000.0,0.29,13682000.0,0.1399779015,304471000.0,218638000.0,260632000.0,57170000.0,85833000.0,98058000.0,200079000.0,253340489.99999997,180351489.99999997,21.428795452317946,4.558894525100577,0.08531518601114721,0.11880825839972924,0.012821064870467568,21.428795452317946,0.013808212662025815,2.5918776600098212,20.978841503809207,1.158721219550124,0.0,0.8572681474229538,0.0,0.3210289321478893,2.7580024488368027,0.009915558460411665,-19.92923930144745,0.13997790145686692,-0.462962962962963,30.589336469665785,0.6539323540476432,2.394910532080767,-0.3160709822544364,-0.4663249071946261,-0.41440908553176387,-0.22133322273098133,0.1635309420789928,1.6028218284745,Railroads,Industrials,FSTR
2008Q4,2008,Q4,2009-03-13,2008-12-31,5657000.0,143768000.0,8453000.0,0.54,20005000.0,0.1391477937,332120000.0,217562000.0,286455000.0,84191000.0,114558000.0,102916000.0,197060000.0,330348080.0,242785080.0,20.600511315216362,3.4024420662541126,0.08283451764422498,0.12645131043104954,0.022783735068859456,20.600511315216362,0.026001783399674575,2.297785877246675,14.59908432031112,1.5184089133212602,0.0,1.2025632554704808,0.0,0.4328796820426352,2.1307146844674607,0.017033000120438395,23.88461282625985,0.13914779366757554,-0.28947368421052627,13.95927499534196,1.4972769382545055,1.847229889478333,-0.11899414277535562,-0.30383952744277626,-0.3299246928260008,5.358474826423678,0.6778187436722501,1.6291659785921067,Railroads,Industrials,FSTR
2008Q3,2008,Q3,2008-11-10,2008-09-30,8126000.0,145550000.0,12615000.0,0.76,22707000.0,0.1560082446,349958000.0,218847000.0,306380000.0,101066000.0,131111000.0,120336000.0,191403000.0,321265620.0,238798620.0,20.722185399109932,3.0314843765460195,0.08369004280513662,0.13382865655000983,0.0325701540493024,20.722185399109932,0.037130963641265356,2.2072526279628994,9.883879522520306,1.4679918847413949,0.0,1.0208333333333333,0.0,0.41590705170334724,1.7927591870658777,0.023219929248652696,28.050783200908057,0.15600824458948814,0.10144927536231894,4.440165662120108,0.7726831574356048,1.8757053665251193,0.03755997258396162,0.06125114274520047,0.05777293308737213,2.3453684297293225,0.44253332768348874,1.670974106653266,Railroads,Industrials,FSTR
2008Q2,2008,Q2,2008-08-08,2008-06-30,7657000.0,129833000.0,11926000.0,0.69,21885000.0,0.1685626921,337138000.0,216368000.0,292046000.0,88846000.0,120770000.0,105449000.0,183277000.0,361880000.00000006,285144000.00000006,19.8502752293578,3.2871035274519955,0.091689456543018,0.14286770686977743,0.03037152517773173,19.8502752293578,0.03538878207498336,2.787272881316769,11.815332375604022,1.6725208903349849,0.0,1.0236986600157423,0.0,0.3851034294561871,2.0430070008779238,0.02271176788140168,68.12500000000001,0.16856269207366387,0.2105263157894737,5.386154952861271,0.5514916240538945,1.913756496741134,0.4009986556558479,0.21424040596257532,3.1152518978605936,3.3904816513761467,0.21630084432409813,1.5963491383230661,Railroads,Industrials,FSTR
2008Q1,2008,Q1,2008-05-09,2008-03-31,6306000.0,93441000.0,2898000.0,0.57,15621000.0,0.1671750088,315544000.0,222056000.0,269193000.0,59931000.0,93488000.0,100705000.0,175620000.0,476379583.48,391878583.48,20.071664889898525,4.491715472793713,0.10362421722485612,0.147251143855604,0.007266515245921483,20.071664889898525,0.02839824188492993,5.098185844329577,18.885965091975898,2.1453128196490976,0.0,0.7727520977111365,0.0,0.2961266891463631,2.7178922427458243,0.01998453464493066,-42.02731217291575,0.16717500882910072,-0.929368029739777,72.92187429665202,0.17782516544054167,1.5269972178830469,-0.21742397675467162,-0.9268716949624269,-0.7276059780054517,8.500000212157664,0.17379175847199607,1.8177181863537046,Railroads,Industrials,FSTR
2007Q4,2007,Q4,2008-03-11,2007-12-31,86232000.0,114015000.0,10639000.0,8.07,19961000.0,0.1750734552,330772000.0,213826000.0,284397000.0,83752000.0,116946000.0,102447000.0,169314000.0,552712237.0699999,465862237.06999993,20.01261820913713,3.395703983188461,0.10353657504262755,0.16016293621916886,0.027552843730350805,20.01261820913713,0.40328117254216045,4.847715099504451,1.602398868952361,2.5848691790053593,0.0,0.9180747118022001,0.0,0.3446936258208071,2.0860039163243864,0.26069921275077695,-15.583405804387052,0.1750734552471166,5.113636363636363,29.065024462801986,0.7743016844295664,1.871673835470066,-0.0492045346289416,4.934347257587227,3.374588815789474,80.80324026368386,0.5797964000476958,1.8015106348334717,Railroads,Industrials,FSTR
2007Q3,2007,Q3,2007-11-09,2007-09-30,14531000.0,135753000.0,2432000.0,1.32,20994000.0,0.1546485161,241594000.0,124207000.0,166217000.0,82374000.0,117387000.0,93680000.0,83082000.0,487002199.21999997,516759199.21999997,11.62490655908213,2.0178332969140746,0.14695315281008633,0.2858373521621165,0.011753122162566867,11.62490655908213,0.11699018573832393,3.5874139003926246,8.378676608973917,3.920891730900835,0.0,1.2250106746370624,0.0,0.5619055108984494,0.83476582416782,0.06014636125069331,20.924731426484488,0.15464851605489383,1.0952380952380953,5.689655197389003,0.7966479111821593,0.5474848595933189,-0.01148884075713344,1.1275256222547585,-0.7875611460517121,9.461538366706204,0.5276407451146691,0.6063395067023153,Railroads,Industrials,FSTR
2007Q2,2007,Q2,2007-08-09,2007-06-30,6830000.0,148547000.0,11448000.0,0.63,21238000.0,0.1429715848,248206000.0,109103000.0,180491000.0,83217000.0,139103000.0,104670000.0,68551000.0,306069375.0,359659375.0,10.223414348462665,2.1689198120576325,0.22149746581468618,0.5038999844183937,0.045034446053126204,10.223414348462665,0.06260139501205284,2.0604211125098453,11.203125,2.8053250139776176,0.0,1.2162892901499953,0.0,0.5984827119408878,0.8612663277935999,0.027517465331216812,27.696079540313093,0.14297158475095426,1.2499999999999998,7.000000000000001,0.7959262192850749,0.20017021184384595,0.4966878083157153,1.2089262613195342,0.977543617205044,3.9230766949806952,0.8048274050628211,0.39334433133978297,Railroads,Industrials,FSTR
2007Q1,2007,Q1,2007-05-10,2007-03-31,3092000.0,110666000.0,5789000.0,0.28,14190000.0,0.128223664,243954000.0,101271000.0,178221000.0,71956000.0,142683000.0,110120000.0,61721000.0,219745242.09,285455242.09000003,9.498250292696474,2.476805269887153,0.2832419226575502,0.6823078670102991,0.021774848540429634,9.498250292696474,0.030531939054615834,1.985661739739396,17.767241436772316,2.1698733308647093,0.0,0.8760988013076644,0.0,0.45363470162407665,0.8418338984935239,0.012674520606343819,-23.771661844439638,0.12822366399797588,0.0,9.30873269728729,0.5827699473632568,0.18741477830845082,-0.018128978688070854,0.04248145650708024,0.061033724340175954,29.999999906209574,0.791959730219561,0.5047840662236793,Railroads,Industrials,FSTR
