Quarters,Year,Quarter,FillingDate,Date,NetIncome,Revenue,OperatingIncome,EPSDiluted,GrossProfit,GrossProfitRatio,TotalAssets,CommonStockEquity,CurrentAssets,CurrentLiability,TotalLiability,Inventory,RetainedEarnings,MarketCap,EnterpriseValue,bookValuePerShare,currentRatio,debtToAssets,debtToEquity,roic,shareholdersEquityPerShare,roe,priceToSalesRatio,peRatio,pbRatio,payoutRatio,inventoryTurnover,dividendYield,assetTurnover,quickRatio,returnOnAssets,priceToFreeCashFlowsRatio,grossProfitMargin,epsdilutedGrowth,fiveYNetIncomeGrowthPerShare,fiveYRevenueGrowthPerShare,fiveYShareholdersEquityGrowthPerShare,grossProfitGrowth,netIncomeGrowth,operatingIncomeGrowth,threeYNetIncomeGrowthPerShare,threeYRevenueGrowthPerShare,threeYShareholdersEquityGrowthPerShare,Industry,Sector,Symbol
2023Q1,2023,Q1,2023-05-10,2023-03-31,-1799000.0,18375000.0,-1334000.0,-0.46,2136000.0,0.116244898,92751000.0,36814000.0,18670000.0,23001000.0,56406000.0,1731000.0,-22431000.0,10332350.0,43449350.0,9.441908181585022,0.8117038389635233,0.3707453288913327,0.9340739935893954,-0.018529660384864,9.441908181585022,-0.04886727875264845,0.5623047619047619,-1.4358463035019455,0.28066360623675773,0.0,9.381282495667245,0.0,0.19811107157874308,0.6714490674318508,-0.019396017293614086,-12.127171361502347,0.11624489795918368,-0.7037037037037037,-1.196127115806787,0.5563195815922021,-0.04625416838248455,-0.2766677954622418,-0.7035984848484849,-1.3568904593639577,-1.19917145311489,0.26792293795764416,0.010199188349493595,Waste Management,Industrials,AWX
2022Q4,2022,Q4,2023-03-23,2022-12-31,-1056000.0,21636000.0,-566000.0,-0.27,2953000.0,0.1364854872,89750000.0,38490000.0,16088000.0,18856000.0,51607000.0,1461000.0,-20754000.0,10721860.1,42790860.1,9.871761990253912,0.8532032244378447,0.37540947075208914,0.8753702260327357,-0.007541948187718416,9.871761990253912,-0.027435697583787996,0.49555648456276574,-2.5383191524621207,0.27856222655235124,0.0,12.787816563997263,0.0,0.24106963788300836,0.7079974543911752,-0.011766016713091921,-39.564059409594094,0.13648548715104455,-1.9000000000000004,-20.02039769485635,0.4856237201589338,-0.023505414114976107,-0.4436699321778448,-1.904109589041096,-1.3740912095175148,-1.3852269812772506,0.24250671652689318,0.03302937381133965,Waste Management,Industrials,AWX
2022Q3,2022,Q3,2022-11-10,2022-09-30,1168000.0,25713000.0,1513000.0,0.3,5308000.0,0.2064325438,91680000.0,39462000.0,18400000.0,20431000.0,52482000.0,1489000.0,-19781000.0,10332350.0,41909350.0,10.121056681200308,0.9005922372864764,0.36052574171029667,0.8375905934823374,0.019386052480497275,10.121056681200308,0.029598094369266637,0.4018337027962509,2.2115475171232877,0.26183036845572955,0.0,13.7038280725319,0.0,0.28046465968586387,0.771523665018844,0.01273996509598604,-3.8582337565347276,0.2064325438494147,1.5,1.0827090619495083,0.5326266366803089,-6.810176902881894e-05,0.40646528881823,1.4132231404958677,1.5557432432432432,7.061183779316634,0.4182886874602699,0.04673573822064674,Waste Management,Industrials,AWX
2022Q2,2022,Q2,2022-08-12,2022-06-30,484000.0,19522000.0,592000.0,0.12,3774000.0,0.1933203565,80392000.0,38293000.0,17429000.0,21999000.0,42267000.0,1530000.0,-20949000.0,10137400.0,28835400.0,9.821236214413952,0.7922632846947588,0.2732237038511295,0.5736035306714021,0.00878807897792137,9.821236214413952,0.012639385788525317,0.5192808113922753,5.236260330578513,0.26473245762933173,0.0,10.29281045751634,0.0,0.24283510797094238,0.6757579889995,0.006020499552194248,20.23433133732535,0.19332035652084828,1.3333333333333333,2.9015132085150035,0.3062588470986812,-0.01562445448656512,0.9574688796680498,1.3457142857142856,1.5077186963979416,0.004218736028348317,0.05301676002927367,0.019673936469578074,Waste Management,Industrials,AWX
2022Q1,2022,Q1,2022-05-12,2022-03-31,-1400000.0,14309000.0,-1166000.0,-0.36,1928000.0,0.1347403732,78613000.0,37808000.0,16509000.0,20145000.0,40893000.0,1358000.0,-21433000.0,12769225.0,32803225.0,9.696845344960247,0.8195085629188384,0.28575426456184094,0.5941599661447313,-0.018923349075742085,9.696845344960247,-0.03702920016927634,0.8923911524215529,-2.28021875,0.33773870609394835,0.0,9.117083946980854,0.0,0.18201824125780725,0.6913378009431621,-0.017808759365499346,-7.573680308422301,0.13474037319169754,-1.4,-0.4746540204970317,0.3041196155074097,-0.024931178030570718,-0.30043541364296084,-1.4137931034482758,-5.268817204301075,-1.1808501657446127,-0.026497670366232517,0.019903254756010912,Waste Management,Industrials,AWX
2021Q4,2021,Q4,2022-03-10,2021-12-31,-580000.0,17579000.0,-186000.0,-0.15,2756000.0,0.1567779737,78037000.0,39069000.0,15971000.0,18024000.0,39060000.0,1105000.0,-20171000.0,14075390.0,33584390.0,10.020261605539883,0.8860963160230804,0.2916949652088112,0.5826358493946607,-0.0029221859901497303,10.020261605539883,-0.014845529703857278,0.8006934410376016,-6.0669784482758615,0.36027003506616495,0.0,13.41447963800905,0.0,0.22526493842664377,0.7637039502885042,-0.007432371823622128,-15.604645232815965,0.15677797371864155,-1.6,-0.45803972998627723,0.10066601445123338,-0.016363674508449014,-0.3965403985110576,-1.590030518819939,-1.177650429799427,0.6827573726974854,0.10121612311883582,0.036007196602551916,Waste Management,Industrials,AWX
2021Q3,2021,Q3,2021-11-12,2021-09-30,983000.0,21301000.0,1047000.0,0.25,4567000.0,0.21440307966762123,78594000.0,39538000.0,16835000.0,18017000.0,39038000.0,1154000.0,-19701000.0,15167110.0,33811110.0,10.140548858681713,0.9343952933340733,0.28946229992111355,0.5753958217411098,0.015769736801253025,10.140548858681713,0.02486215792402246,0.7120374630299047,3.8573524923702958,0.38360842733572764,0.0,14.500866551126517,0.0,0.27102577804921496,0.8249986124216018,0.012507316080107897,-14.625949855351976,0.21440307966762123,0.3157894736842105,0.189574281628489,0.08590044497175163,-0.014250107111943357,0.37147147147147147,0.3247978436657682,37.77777777777778,0.1293249363869989,0.14483872678226387,-0.01430049817077614,Waste Management,Industrials,AWX
2021Q2,2021,Q2,2021-08-06,2021-06-30,742000.0,16390000.0,27000.0,0.19,3330000.0,0.2031726662599146,78720000.0,38554000.0,16642000.0,18754000.0,40338000.0,1234000.0,-20684000.0,18286310.0,37239310.0,9.88817645550141,0.8873840247413886,0.2973069105691057,0.6070446646262385,0.0004112620238337157,9.88817645550141,0.019245733257249573,1.115699206833435,6.161155660377359,0.47430383358406397,0.0,10.583468395461912,0.0,0.20820630081300814,0.7780206889196971,0.009425813008130082,64.61593639575972,0.2031726662599146,0.05555555555555561,0.7190752973385587,0.02202086509974613,-0.01840942155385379,0.14906832298136646,0.036312849162011177,1.1849315068493151,0.16168651714210777,-0.0430140453822072,-0.017460479704442686,Waste Management,Industrials,AWX
2021Q1,2021,Q1,2021-05-13,2021-03-31,716000.0,15113000.0,-146000.0,0.18,2898000.0,0.19175544233441408,79776000.0,37810000.0,17508000.0,19559000.0,42120000.0,1138000.0,-21426000.0,14309330.0,35062330.0,9.69735829699923,0.8951377882304822,0.3107576213397513,0.6556731023538747,-0.0021073484756906164,9.69735829699923,0.018936789209203914,0.9468226030569709,4.996274441340782,0.37845358370801374,0.0,10.733743409490334,0.0,0.18944294023265143,0.7887417557134823,0.008975130365022062,-35.33167901234568,0.19175544233441408,0.5,1.7691309078460193,0.340202953002256,-0.026501237930256976,-0.047963206307490146,0.4885654885654886,-0.25862068965517243,1.874056150593474,0.2800358006314531,-0.020450646670879147,Waste Management,Industrials,AWX
2020Q4,2020,Q4,2021-03-11,2020-12-31,481000.0,14625000.0,-116000.0,0.12,3044000.0,0.20813675213675215,77950000.0,37093000.0,15259000.0,17183000.0,40983000.0,910000.0,-22142000.0,10137400.0,30324400.0,9.513464991023339,0.8880288657393935,0.3129826812059012,0.6577251772571644,-0.00179758729868286,9.513464991023339,0.012967406249157524,0.6931555555555555,5.268918918918919,0.273296848461974,0.0,12.726373626373626,0.0,0.18762026940346377,0.7879299307455043,0.006170622193713919,-18.167383512544802,0.20813675213675215,-0.4000000000000001,3.3936579761424954,0.029362654685595527,-0.06707647144576571,-0.21343669250645994,-0.38412291933418696,-1.113837095191364,10.574631904569983,0.004217364916084662,-0.05894742337663843,Waste Management,Industrials,AWX
2020Q3,2020,Q3,2020-11-12,2020-09-30,781000.0,16625000.0,1019000.0,0.2,3870000.0,0.23278195488721803,78027000.0,36567000.0,16071000.0,18122000.0,41563000.0,1034000.0,-22623000.0,6781250.0,27584250.0,9.436645161290322,0.886822646507008,0.32642546810719364,0.6965296578882599,0.01531702109455213,9.436645161290322,0.021358055076981977,0.40789473684210525,2.1706946222791292,0.18544726119178495,0.0,12.335589941972922,0.0,0.2130672715854768,0.7842401500938087,0.010009355735835031,-6.033140569395018,0.23278195488721803,2.8181818181818183,0.44893859381669604,0.11930416232376674,-0.07895591960817434,0.6011584609019446,2.7954022988505747,5.59009009009009,0.401258713215781,-0.0029273543025209662,-0.06768603256729544,Waste Management,Industrials,AWX
2020Q2,2020,Q2,2020-08-07,2020-06-30,-435000.0,13067000.0,-222000.0,-0.11,2417000.0,0.18496977117930666,78966000.0,35785000.0,16093000.0,18728000.0,43276000.0,1072000.0,-23404000.0,6238750.0,26439750.0,9.234838709677419,0.8593015805211448,0.32583643593445283,0.7190163476316892,-0.0036575005796737046,9.234838709677419,-0.012155931256112897,0.4774431774699625,-3.5854885057471266,0.1743398071817801,0.0,9.934701492537313,0.0,0.16547628093103361,0.7714117898334045,-0.0055086999468125526,5.7712765957446805,0.18496977117930666,0.47619047619047616,-84.38348387096775,-0.08103140740398285,-0.08596175173975938,0.018112889637742206,0.46494464944649444,0.6014362657091562,-4.528243135163955,-0.12024376005505803,-0.07439866080955054,Waste Management,Industrials,AWX
2020Q1,2020,Q1,2020-05-14,2020-03-31,-813000.0,14403000.0,-557000.0,-0.21,2374000.0,0.16482677220023606,77676000.0,36218000.0,15162000.0,18631000.0,41541000.0,1049000.0,-22969000.0,4998750.0,26656750.0,9.346580645161291,0.8138049487413451,0.29746639888768733,0.6379700701308741,-0.009549007428690305,9.346580645161291,-0.022447401844386768,0.3470631118516976,-1.537130996309963,0.13801838864652935,0.0,11.467111534795043,0.0,0.18542406921056698,0.7105362031023563,-0.010466553375560019,-3.6301742919389977,0.16482677220023606,-0.8494055482166446,0.23279429280397024,0.3210638287609285,-0.0746851097634095,-0.1673097158891617,-0.8477272727272728,-1.11787072243346,0.1383434821988434,0.3208169470885756,-0.06015213660633562,Waste Management,Industrials,AWX
2019Q4,2019,Q4,2020-03-12,2019-12-31,-440000.0,17306000.0,-263000.0,-0.11355,2851000.0,0.16474055240956895,79164000.0,37030000.0,15610000.0,19022000.0,42200000.0,813000.0,-22156000.0,7440000.0,29387000.0,9.556129032258065,0.8206287456629167,0.29550048001616896,0.6317310288954902,-0.004436827962395165,9.556129032258065,-0.0118822576289495,0.42990870218421356,-4.227272727272727,0.20091817445314608,0.0,17.77982779827798,0.0,0.21860946895053307,0.7389864367574388,-0.005558081956444849,-5.23943661971831,0.16474055240956895,-3.8387499999999997,-0.10441052718422575,0.2100629349414868,-0.07848064736979429,-0.14997018485390579,-4.055555555555555,-1.76231884057971,-0.11294978383771208,0.09028394882775129,-0.06192512558587998,Waste Management,Industrials,AWX
2019Q3,2019,Q3,2019-11-13,2019-09-30,144000.0,18018000.0,345000.0,0.04,3354000.0,0.18614718614718614,71059000.0,37468000.0,15435000.0,18419000.0,33644000.0,853000.0,-21716000.0,8544375.0,21795375.0,9.669161290322581,0.8379933764047994,0.21380824385369904,0.405492687092986,0.004825344079112998,9.669161290322581,0.0038432795985907974,0.4742132867132867,14.833984375000002,0.22804459805700864,0.0,17.191090269636575,0.0,0.25356393982465275,0.7486834247244692,0.0020264850335636585,-4.047548555187115,0.18614718614718614,-0.6666666666666666,0.4420855826201447,0.22485377401703066,-0.0762705891505031,-0.05971404541631623,-0.6993736951983298,-0.3936731107205624,-0.824659569358841,-0.07577411093483137,-0.06007309475239578,Waste Management,Industrials,AWX
2019Q2,2019,Q2,2019-08-09,2019-06-30,479000.0,18425000.0,569000.0,0.12,3567000.0,0.19359565807327,73138000.0,37323000.0,18125000.0,20691000.0,35850000.0,913000.0,-21860000.0,9765000.0,21312000.0,9.631741935483872,0.8759847276593689,0.20272635292187371,0.3972617420893283,0.009212815398982346,9.631741935483872,0.012833909385633524,0.5299864314789688,5.096555323590814,0.2616349168073306,0.0,16.273822562979188,0.0,0.2519210260056332,0.8047943550335895,0.0065492630369985505,-137.53521126760563,0.19359565807327,1.7500000000000002,6.342043988269794,0.38926333842218996,-0.07713298781473973,0.5421530479896238,1.750783699059561,2.0984555984555984,0.11662677189487398,0.1560319404745702,-0.04386545077929624,Waste Management,Industrials,AWX
2019Q1,2019,Q1,2019-05-09,2019-03-31,-638000.0,14608000.0,-518000.0,-0.16,2313000.0,0.1583378970427163,68634000.0,36842000.0,14698000.0,17026000.0,31793000.0,919000.0,-22339000.0,9939375.0,22996375.0,9.507612903225807,0.863267943145777,0.20826412565200922,0.38798110851745293,-0.010279068939175556,9.507612903225807,-0.01731719233483524,0.6804062842278203,-3.8947394200626957,0.2697838065251615,0.0,13.37867247007617,0.0,0.2128391176384882,0.7690590861036063,-0.00929568435469301,-19.958584337349397,0.1583378970427163,0.6587758583919812,0.10422668328026213,0.4360987614428399,-0.09058447468578827,-0.16708678429960389,0.6488717666483214,0.8492871690427699,0.3104123916441665,0.3034433980801774,-0.045549405512558476,Waste Management,Industrials,AWX
2018Q4,2018,Q4,2019-03-14,2018-12-31,-1817000.0,15865000.0,-3437000.0,-0.4689,2777000.0,0.1750393948944217,64769000.0,37479000.0,15630000.0,16321000.0,27276000.0,820000.0,-21701000.0,10268750.0,19843750.0,9.672,0.9576619079713253,0.16954098411277,0.2929907414818965,-0.07068059248286371,9.672,-0.04848048240347928,0.6472581153482508,-1.4128714914694551,0.27398676592224974,0.0,15.960975609756098,0.0,0.24494742855378346,0.8674100851663501,-0.028053544133767698,-8.47256600660066,0.1750393948944217,-3.2328571428571427,-5.106982766239504,0.2277415285062393,-0.08998970806531417,-0.29802831142568253,-3.1401648998822145,-4.707659115426106,-8.098157998683345,0.12355448582162849,-0.05152997601918454,Waste Management,Industrials,AWX
2018Q3,2018,Q3,2018-11-08,2018-09-30,849000.0,18148000.0,927000.0,0.21,3956000.0,0.217985452942473,68145000.0,39124000.0,15389000.0,16087000.0,27235000.0,881000.0,-19884000.0,14337310.0,23655310.0,10.287667630817776,0.9566109280785727,0.163152102135153,0.2841733974031285,0.0169326157910249,10.287667630817776,0.021700235149780187,0.7900214899713467,4.221822732626619,0.3664581842347408,0.0,16.108967082860385,0.0,0.266314476483968,0.8645490147323927,0.012458727712965,-39.4967217630854,0.217985452942473,0.31249999999999994,1.0457831325301206,0.10753081899182239,-0.03848611452445322,0.11846197342380549,0.36276083467094705,0.5553691275167785,0.604914933837429,0.24497496055429788,0.004106354583718344,Waste Management,Industrials,AWX
2018Q2,2018,Q2,2018-08-09,2018-06-30,623000.0,16705000.0,596000.0,0.16,3537000.0,0.21173301406764442,67571000.0,38273000.0,15878000.0,16015000.0,27416000.0,1010000.0,-20733000.0,8214480.000000001,17058480.0,10.063896923481462,0.9914455198251639,0.16653593997424931,0.2940192825229274,0.010876422657908608,10.063896923481462,0.016277793744937683,0.4917378030529782,3.2963402889245588,0.21462858934496906,0.0,13.037623762376237,0.0,0.24722144115078953,0.9031532937870747,0.009219931627473324,8.239197592778336,0.21173301406764442,1.7619047619047619,0.3572984749455339,0.06178096993580364,-0.04869258301849275,0.6299539170506913,1.7797246558197748,1.760204081632653,125.60000000000002,0.19706198495163024,-0.0039039117195429768,Waste Management,Industrials,AWX
2018Q1,2018,Q1,2018-05-10,2018-03-31,-799000.0,11516000.0,-784000.0,-0.21,2170000.0,0.18843348384855851,63940000.0,37649000.0,12099000.0,12725000.0,24280000.0,982000.0,-21356000.0,8366600.000000001,18127600.0,9.899815934788325,0.9508055009823183,0.17786987801063497,0.302079736513586,-0.01598473836885071,9.899815934788325,-0.021222343222927566,0.7265196248697465,-2.617834793491865,0.22222635395362428,0.0,9.517311608961304,0.0,0.18010634970284642,0.8319056974459725,-0.012496090084454176,-10.851621271076525,0.18843348384855851,-15.304347826086955,-4.548611111111112,-0.21494307723771222,-0.0527600261661551,-0.24705065926439973,-15.306122448979592,-195.0,0.23173076923076924,0.07626168224299058,-0.019914614463476896,Waste Management,Industrials,AWX
2017Q4,2017,Q4,2018-03-15,2017-12-31,-49000.0,14205000.0,-4000.0,-0.01288,2882000.0,0.20288630763815557,65378000.0,38446000.0,12907000.0,13104000.0,24806000.0,850000.0,-20557000.0,7606000.0,18085000.0,10.109387325795424,0.9849664224664225,0.17596133255835297,0.2992248868542891,-0.00010221319145445454,10.109387325795424,-0.0012745149040212247,0.535445265751496,-38.80612244897959,0.19783592571398845,0.0,13.321176470588235,0.0,0.21727492428645723,0.8784340659340659,-0.0007494875952155159,-18.461165048543688,0.20288630763815557,-1.092,0.8333333333333333,0.17261020307082722,-0.0354015605790702,-0.17938496583143507,-1.089579524680073,-1.0076190476190476,0.8746803069053709,0.012040467369620935,-0.02512868625909679,Waste Management,Industrials,AWX
2017Q3,2017,Q3,2017-11-09,2017-09-30,547000.0,16364000.0,525000.0,0.14,3512000.0,0.2146174529454901,66838000.0,38493000.0,13994000.0,14290000.0,26092000.0,925000.0,-20508000.0,7606000.0,17603000.0,10.121745990007888,0.9792862141357592,0.17373350489242648,0.30166523783545063,0.009526124237137673,10.121745990007888,0.014210375912503572,0.4648007822048399,3.4762340036563066,0.19759436780713377,0.0,13.894054054054054,0.0,0.24483078488285107,0.871518544436669,0.008183967204284987,42.25555555555555,0.2146174529454901,3.6666666666666674,5.2873563218390816,0.2368858654572941,-0.04064898813677599,0.19740879645414253,3.520661157024793,3.81651376146789,4.581632653061225,0.13347648403407913,-0.03303356109324772,Waste Management,Industrials,AWX
2017Q2,2017,Q2,2017-08-11,2017-06-30,121000.0,14577000.0,109000.0,0.03,2933000.0,0.20120738149139056,66001000.0,37943000.0,12929000.0,13597000.0,25628000.0,1005000.0,-21055000.0,9241290.0,19321290.0,9.977123323691822,0.9508715157755387,0.17810336207027166,0.3098068154863875,0.000470963492407934,9.977123323691822,0.003188994017341802,0.6339637785552583,19.09357438016529,0.2435571778720713,0.0,11.586069651741294,0.0,0.22086028999560614,0.8512907258954181,0.0018333055559764245,12.624713114754098,0.20120738149139056,1.1250000000000002,-0.5583941605839416,0.1560789911967642,-0.05168578640873761,0.5862628447809627,1.130669546436285,1.120976692563818,2.3750000000000004,0.11992931776275345,-0.04404021062709424,Waste Management,Industrials,AWX
2017Q1,2017,Q1,2017-05-12,2017-03-31,-926000.0,10702000.0,-901000.0,-0.24,1849000.0,0.1727714445897963,64907000.0,37820000.0,11503000.0,12319000.0,24545000.0,919000.0,-21176000.0,9058746.0,19876746.0,9.944780436497503,0.9337608572124361,0.1832930192429168,0.31456901110523533,-0.01805753095663696,9.944780436497503,-0.02448439978847171,0.8464535600822276,-2.445665766738661,0.23952263352723427,0.0,9.633297062023939,0.0,0.16488206202720815,0.817517655653868,-0.014266566009829448,-8.701965417867434,0.1727714445897963,-1.3524799059008037,-1.356234096692112,-0.021576156518559177,-0.047595064215562824,-0.3064516129032258,-1.3865979381443299,-1.281012658227848,-0.3247496423462088,0.07202243814484621,-0.048768832214089806,Waste Management,Industrials,AWX
2016Q4,2016,Q4,2017-03-16,2016-12-31,-388000.0,15578000.0,-395000.0,-0.10202,2666000.0,0.1711387854666838,67898000.0,38741000.0,14918000.0,14676000.0,26522000.0,773000.0,-20250000.0,11218850.0,20842850.0,10.186957665001314,1.0164895066775688,0.17560163775074375,0.30776180274128184,-0.008520418877661438,10.186957665001314,-0.010015229343589479,0.7201726794196944,-7.228640463917526,0.2895859683539403,0.0,16.703751617076325,0.0,0.22943238386992254,0.9299536658490052,-0.005714454033992165,14.457280927835052,0.1711387854666838,-1.4858095238095237,-1.527891156462585,-0.0772420329344865,-0.03026282853566962,-0.2669782788012098,-1.4813895781637718,-1.4846625766871167,-0.3287671232876711,0.22835514903012138,-0.04153884215734795,Waste Management,Industrials,AWX
2016Q3,2016,Q3,2016-11-10,2016-09-30,806000.0,19133000.0,815000.0,0.21,3637000.0,0.1900904196937229,66808000.0,39122000.0,16821000.0,24575000.0,24955000.0,863000.0,-19862000.0,11219230.299999999,18968230.299999997,10.28714173021299,0.6844760935910478,0.13580708897138066,0.23191554623996727,0.015859664926536014,10.28714173021299,0.020602218700475437,0.5863811373020436,3.4799101426799006,0.28677547926997593,0.0,17.955967555040555,0.0,0.2863878577415878,0.6242522889114954,0.01206442342234463,-38.955660763888886,0.1900904196937229,0.9090909090909091,1.6513157894736843,0.2082728133880645,-0.001046906518908133,0.23121191604603927,0.9144893111638955,1.2027027027027026,0.9421686746987951,0.16764310997192738,-0.038535266650282604,Waste Management,Industrials,AWX
2016Q2,2016,Q2,2016-08-05,2016-06-30,421000.0,15642000.0,370000.0,0.11,2954000.0,0.18885053062268253,64761000.0,38310000.0,14586000.0,23244000.0,23649000.0,959000.0,-20668000.0,8860990.0,16321990.0,10.073626084669998,0.62751677852349,0.14009975139358566,0.23683111459149048,0.007178022606548844,10.073626084669998,0.010989297833463847,0.5664870221199335,5.26187054631829,0.23129705037849124,0.0,13.230448383733055,0.0,0.24153425672858664,0.5674152469454483,0.006500826114482482,54.69746913580247,0.18885053062268253,1.4583333333333333,4.467532467532468,0.3751208791208791,-0.012806967815084863,0.8743654822335025,1.4636563876651982,1.3790983606557377,-0.08278867102396513,-0.005784020847899409,-0.04777291708093051,Waste Management,Industrials,AWX
2016Q1,2016,Q1,2016-05-13,2016-03-31,-908000.0,10999000.0,-976000.0,-0.24,1576000.0,0.1432857532502955,61091000.0,37883000.0,11365000.0,19938000.0,20325000.0,856000.0,-21089000.0,7149640.0,14704640.0,9.96134630554825,0.570017052863878,0.13985693473670427,0.2255365203389383,-0.02106885814452222,9.96134630554825,-0.023968534698941477,0.6500263660332758,-1.9685132158590308,0.18872950927856824,0.0,11.008177570093459,0.0,0.1800428868409422,0.5021566857257498,-0.014863073120426904,-6.7385862393967955,0.1432857532502955,-3.656577415599534,-1.6705882352941173,0.11168384879725085,-0.020554320285433587,-0.34305960817007086,-3.63265306122449,-3.1531914893617023,-5.305555555555555,-0.25018747017519943,-0.046872641272077804,Waste Management,Industrials,AWX
2015Q4,2015,Q4,2016-03-16,2015-12-31,-196000.0,13858000.0,-235000.0,-0.05154,2399000.0,0.1731130033193823,62302000.0,38781000.0,12788000.0,12147000.0,20546000.0,830000.0,-20181000.0,7187670.0,13407670.0,10.197475677097028,1.0527702313328393,0.12895252158839202,0.2071633016167711,-0.0053028505343276746,10.197475677097028,-0.0050540212990897605,0.5186657526338577,-9.167946428571428,0.1853399860756556,0.0,13.806024096385542,0.0,0.2224326666880678,0.9406437803572899,-0.003145966421623704,-18.620906735751294,0.1731130033193823,-1.368142857142857,-4.563636363636364,0.2282194451830186,-0.005028606614157064,-0.14656705798648167,-1.3705103969754253,-1.551643192488263,0.3333333333333333,0.14396565956744267,-0.02699651253230303,Waste Management,Industrials,AWX
2015Q3,2015,Q3,2015-11-12,2015-09-30,529000.0,14577000.0,426000.0,0.14,2811000.0,0.1928380325169788,61140000.0,38964000.0,12713000.0,18652000.0,19114000.0,984000.0,-19985000.0,7301760.0,13409760.0,10.24559558243492,0.6815891057259276,0.12526987242394505,0.19656606097936558,0.008693954138488962,10.24559558243492,0.013576634842418642,0.500909652191809,3.4507372400756138,0.1873975977825685,0.0,11.957317073170731,0.0,0.23842001962708537,0.5957538065622989,0.008652273470722931,-4.9773415132924335,0.1928380325169788,107.46387832699622,265.5,0.23649164475358378,0.0002310358105505379,0.2275109170305677,106.8,2.9906542056074765,5.080459770114944,0.10181405895691609,-0.028910377828730884,Waste Management,Industrials,AWX
2015Q2,2015,Q2,2015-08-07,2015-06-30,-5000.0,13955000.0,-214000.0,-0.001315,2290000.0,0.1640988892869939,61383000.0,38423000.0,13721000.0,12689000.0,19786000.0,1091000.0,-20514000.0,9127200.0,13464200.0,10.103339468840389,1.0813302860745528,0.10848280468533633,0.17330765426957812,-0.005376095646752485,10.103339468840389,-0.00013013039065143273,0.6540451451092798,-456.36,0.23754522031075137,0.0,10.692025664527955,0.0,0.22734307544434126,0.9613838757979353,-8.14557776583093e-05,-5.051023796347537,0.1640988892869939,0.9951296296296296,0.5833333333333334,0.1579951871214006,-0.012033632459952136,0.6439339554917445,0.9951923076923077,0.8326817826426895,-1.0182481751824817,0.10674914743437222,-0.039689085501487156,Waste Management,Industrials,AWX
2015Q1,2015,Q1,2015-05-14,2015-03-31,-1040000.0,10700000.0,-1279000.0,-0.27,1393000.0,0.13018691588785047,57499000.0,38414000.0,12088000.0,10245000.0,15779000.0,1032000.0,-20509000.0,10458250.0,12973250.0,10.100972916118854,1.1798926305514885,0.08796674724777823,0.1316707450408705,-0.029336745734141474,10.100972916118854,-0.027073462800020827,0.9774065420560748,-2.5140024038461535,0.2722510022387671,0.0,9.018410852713178,0.0,0.18609019287291953,1.0267447535383114,-0.018087271082975358,-3.5189266487213997,0.13018691588785047,-1.6262036766851475,-0.7808219178082192,0.28451380552220884,-0.010917143004274063,-0.37280504277352544,-1.659846547314578,-1.255731922398589,-1.646310432569975,-0.021759005302614706,-0.03263661546210024,Waste Management,Industrials,AWX
2014Q4,2014,Q4,2015-03-12,2014-12-31,-391000.0,14036000.0,-567000.0,-0.10281,2221000.0,0.15823596466229695,57844000.0,39437000.0,14553000.0,10551000.0,14922000.0,947000.0,-19469000.0,9963860.0,9492860.0,10.369971075466736,1.3793005402331533,0.06669663232141622,0.09782691381190253,-0.013340182685052894,10.369971075466736,-0.009914547252580064,0.7098788828726132,-6.3707544757033245,0.2526525851357862,0.0,12.47624076029567,0.0,0.24265265196044533,1.2403563643256563,-0.006759560196390291,-3.6604922850844965,0.15823596466229695,-6.1405,-2.6542056074766354,0.39163196510013876,0.0009390862944161713,-0.22478184991273997,-4.989795918367347,-5.32824427480916,-1.5319727891156465,-0.16858192157327334,-0.012841051314142675,Waste Management,Industrials,AWX
2014Q3,2014,Q3,2014-11-13,2014-09-30,98000.0,14437000.0,131000.0,0.02,2865000.0,0.19844843111449748,58115000.0,39808000.0,17431000.0,14076000.0,14660000.0,0.0,-19078000.0,14147160.0,11287160.0,10.467525637654484,1.2383489627735151,0.05088187215004732,0.07428155144694534,0.002509972543868755,10.467525637654484,0.002461816720257235,0.979923806885087,36.08969387755102,0.355384847266881,0.0,0.0,0.0,0.24842123376064698,1.1242540494458653,0.001686311623505119,-14.923164556962025,0.19844843111449748,1.6666666666666667,0.0,0.5008836677409295,0.007618902979219003,0.28475336322869954,2.1136363636363638,1.6517412935323383,-0.6776315789473684,-0.0882854436375118,0.016469626943799005,Waste Management,Industrials,AWX
2014Q2,2014,Q2,2014-08-12,2014-06-30,-88000.0,13016000.0,-201000.0,-0.03,2230000.0,0.1713275968039336,54752000.0,39691000.0,17621000.0,11224000.0,11662000.0,0.0,-19176000.0,16390929.999999998,9673929.999999998,10.43676045227452,1.5699394155381325,0.0010410578609000585,0.0014360938247965534,-0.005953014580142711,10.43676045227452,-0.0022171273084578367,1.2592908727719727,-46.56514204545454,0.4129633922047819,0.0,0.0,0.0,0.23772647574517825,1.4425338560228083,-0.0016072472238457044,-66.90175510204081,0.1713275968039336,0.8333333333333334,0.6653992395437262,0.5547061634018156,0.004657402485635469,0.5180394826412525,0.8741058655221745,0.7351778656126482,-2.142857142857143,0.1442637362637364,0.02277939546988938,Waste Management,Industrials,AWX
2014Q1,2014,Q1,2014-05-09,2014-03-31,-699000.0,9983000.0,-759000.0,-0.18,1469000.0,0.1471501552639487,53576000.0,39759000.0,16728000.0,9967000.0,10418000.0,0.0,-19088000.0,19844054.0,12946054.0,10.454641072837234,1.6783385171064513,0.0010639092130804838,0.0014336376669433337,-0.019075618437078896,10.454641072837234,-0.01758092507356825,1.987784633877592,-7.097301144492131,0.4991084785834654,0.0,0.0,0.0,0.1863334328803942,1.538476974014247,-0.013046886665671196,-7.0344041120170155,0.1471501552639487,-1.3443605105496221,-0.7301980198019804,0.12891552640506607,-0.00027659039476994254,-0.3031309297912713,-1.393835616438356,-1.2522255192878338,-1.0558823529411765,0.008995350717606668,0.027948704690004725,Waste Management,Industrials,AWX
2013Q4,2013,Q4,2014-03-25,2013-12-31,-292000.0,12682000.0,-337000.0,-0.07678,2108000.0,0.16621983914209115,55579000.0,40420000.0,21181000.0,11644000.0,12109000.0,0.0,-18389000.0,19775600.0,10423600.0,10.628451222718907,1.819048436963243,0.0010075748034329513,0.0013854527461652647,-0.008291973460022348,10.628451222718907,-0.007224146462147452,1.559343952058035,-16.931164383561644,0.4892528451261752,0.0,0.0,0.0,0.22817970816315514,1.7177945723119203,-0.005253782903614675,-10.660700808625338,0.16621983914209115,-1.7677999999999998,-5.709677419354839,0.002608901889477441,0.006123363369343408,-0.2863913337846987,-1.7036144578313253,-1.8403990024937655,-6.3090909090909095,0.1239918461402109,0.037021833388921774,Waste Management,Industrials,AWX
2013Q3,2013,Q3,2013-11-13,2013-09-30,415000.0,16386000.0,401000.0,0.1,2954000.0,0.1802758452337361,52979000.0,40690000.0,21123000.0,11878000.0,12289000.0,0.0,-18097000.0,20460140.0,12308140.0,10.699447804364976,1.778329685132177,0.0010381471903961948,0.0013516834603096585,0.008953704855994737,10.699447804364976,0.01019906610960924,1.2486354204808983,12.325385542168673,0.502829687884001,0.0,0.0,0.0,0.30929236112421904,1.6761239265869674,0.007833292436625833,319.6896875,0.1802758452337361,-0.09090909090909087,-0.13900414937759342,0.14949140652402648,0.014409652971679414,0.09610389610389611,-0.09586056644880174,0.012626262626262626,208.49999999999997,0.3899397743659342,0.044538570145039126,Waste Management,Industrials,AWX
2013Q2,2013,Q2,2013-08-13,2013-06-30,459000.0,15733000.0,396000.0,0.11,2695000.0,0.1712960020339414,52664000.0,40232000.0,20833000.0,12008000.0,12432000.0,0.0,-18512000.0,14223220.0,6135220.0,10.57901656586905,1.7349267155229846,0.001044356676287407,0.0013670709882680453,0.009118027804356391,10.57901656586905,0.011408828793000597,0.904037373673171,7.7468518518518525,0.35353002585006965,0.0,0.0,0.0,0.29874297432781405,1.6295802798134578,0.008715631171198541,15.019239704329461,0.1712960020339414,3.75,0.8070866141732285,0.3424061433447099,0.015190512238203299,0.27423167848699764,4.1875,3.0952380952380953,39.25,0.3055348103891793,0.03448098531793993,Waste Management,Industrials,AWX
2013Q1,2013,Q1,2013-05-14,2013-03-31,-144000.0,14669000.0,-189000.0,-0.04,2115000.0,0.14418160747153863,52303000.0,39746000.0,20386000.0,12120000.0,12557000.0,0.0,-18971000.0,15440179.999999998,8308179.999999998,10.451222718906127,1.682013201320132,0.0010515649197942757,0.001383787047753233,-0.00587349836361694,10.451222718906127,-0.0036230060886630103,1.0525720908037357,-26.80586805555555,0.3884712927087002,0.0,0.0,0.0,0.28046192379022233,1.5722772277227723,-0.0027531881536431943,-57.6126119402985,0.14418160747153863,0.48260250937782956,-1.4000000000000004,0.4167471508595711,0.00939658675335226,0.06441872169099144,0.5102040816326531,0.4166666666666667,0.7534246575342466,0.7609843937575028,0.023379164735568333,Waste Management,Industrials,AWX
2012Q4,2012,Q4,2013-03-15,2012-12-31,-294000.0,12114000.0,-324000.0,-0.07731,1987000.0,0.16402509493148423,50155000.0,39857000.0,18186000.0,10074000.0,10298000.0,0.0,-18827000.0,14527079.700000001,6865079.700000001,10.480410202471733,1.8052412150089339,3.987638321204267e-05,5.017939132398324e-05,-0.008736581822450821,10.480410202471733,-0.007376370524625536,1.1991975978207035,-12.352958928571429,0.36448000853049656,0.0,0.0,0.0,0.24153125311534243,1.701508834623784,-0.0058618283321702725,14.369020474777448,0.16402509493148423,-4.8655,-2.4999999999999996,0.15934539190353128,0.010675524901105578,-0.12351124834583149,-4.379310344827586,-8.043478260869565,-1.747663551401869,0.2010707911957167,0.01159898477157355,Waste Management,Industrials,AWX
2012Q3,2012,Q3,2012-11-13,2012-09-30,87000.0,13230000.0,46000.0,0.02,2267000.0,0.1713529856386999,50153000.0,40124000.0,17935000.0,9802000.0,10029000.0,0.0,-18533000.0,16390929.999999998,9742929.999999998,10.550617933210622,1.829728626810855,1.993898670069587e-05,2.4922739507526666e-05,0.0009917478254404877,10.550617933210622,0.00216827833715482,1.2389213907785335,47.10037356321839,0.4085068786761041,0.0,0.0,0.0,0.2637927940502064,1.7106712915731483,0.0017346918429605408,-134.35188524590163,0.1713529856386999,-0.7142857142857143,-0.8409506398537477,0.0898756075459263,0.022528032619775668,-0.060894780447390225,-0.6824817518248175,-0.7964601769911505,0.0,0.37540284852895317,0.015617485508897145,Waste Management,Industrials,AWX
2012Q2,2012,Q2,2012-08-09,2012-06-30,274000.0,12609000.0,226000.0,0.07,2414000.0,0.1914505511935919,50324000.0,40011000.0,17878000.0,10086000.0,10313000.0,0.0,-18620000.0,13880950.0,7147950.0,10.520904549040232,1.7725560182431093,1.9871234401080993e-05,2.499312689010522e-05,0.005252105116739835,10.520904549040232,0.00684811676788883,1.1008763581568721,12.665100364963502,0.34692834470520606,0.0,0.0,0.0,0.25055639456323026,1.6532817767202062,0.005444718225896193,-23.850429553264604,0.1914505511935919,1.7,-0.24517906336088152,0.09320270504595106,0.03406300881296363,0.26919032597266035,1.6972010178117047,1.5033407572383073,2.041825095057034,0.5060917343526038,0.012757232895436343,Waste Management,Industrials,AWX
2012Q1,2012,Q1,2012-05-11,2012-03-31,-393000.0,10938000.0,-449000.0,-0.1,1902000.0,0.1738891936368623,49090000.0,39710000.0,17218000.0,9153000.0,9380000.0,0.0,-18894000.0,21296800.0,13984800.0,10.441756508019985,1.8811318693324592,2.0370747606437155e-05,2.518257365902795e-05,-0.011750432707751663,10.441756508019985,-0.009896751447997985,1.9470469921375022,-13.547582697201017,0.5363082347015864,0.0,0.0,0.0,0.2228152373192096,1.752758658363378,-0.008005703809329802,98.5962962962963,0.1738891936368623,-1.5263157894736843,-2.1164772727272725,-0.032891246684350096,0.03600313070701809,-0.3106197897789054,-1.5346938775510204,-2.6035714285714286,0.027227722772277183,0.23691055071808204,-0.0015086748805631684,Waste Management,Industrials,AWX
2011Q4,2011,Q4,2012-03-15,2011-12-31,735000.0,16882000.0,280000.0,0.19,2759000.0,0.16342850373178533,53367000.0,39950000.0,21209000.0,13190000.0,13417000.0,0.0,-18501000.0,11021094.0,3925094.0,10.504864580594267,1.6079605761940865,1.8738171529222178e-05,2.5031289111389236e-05,0.006600616878643329,10.504864580594267,0.01839799749687109,0.6528310626702998,3.7486714285714284,0.27587219023779724,0.0,0.0,0.0,0.3163378117563288,1.5322971948445792,0.013772556073978301,8.464741935483872,0.16342850373178533,1.375,1.142857142857143,0.6806371329019414,0.051924798567591725,0.07437694704049844,1.417763157894737,0.014492753623188406,10.85483870967742,0.3346509605502412,-0.005575745507044378,Waste Management,Industrials,AWX
2011Q3,2011,Q3,2011-11-10,2011-09-30,304000.0,15835000.0,276000.0,0.08,2568000.0,0.16217240290495738,51696000.0,39163000.0,19251000.0,12305000.0,12533000.0,0.0,-19236000.0,8518720.0,2739720.0,10.297922692611097,1.5644859813084113,1.9343856391210152e-05,2.5534305339223245e-05,0.006493663291670614,10.297922692611097,0.007762428823123867,0.5379677928639091,7.005526315789474,0.21751959757934786,0.0,0.0,0.0,0.30630996595481275,1.4763104429093865,0.005880532342927886,-52.26208588957055,0.16217240290495738,3.0,-0.3932135728542915,0.42273135669362083,0.04060050484920966,0.2706580900544285,2.948051948051948,4.209302325581396,-0.3692946058091287,0.11083830235005251,-0.023658755484642885,Waste Management,Industrials,AWX
2011Q2,2011,Q2,2011-08-11,2011-06-30,77000.0,11375000.0,-86000.0,0.02,2021000.0,0.17767032967032967,47766000.0,38807000.0,15091000.0,8731000.0,8959000.0,0.0,-19540000.0,10458250.0,4522250.0,10.204312384959243,1.7284388958882144,2.0935393376041534e-05,2.576854691163965e-05,-0.001927658375387453,10.204312384959243,0.0019841781121962532,0.9194065934065934,33.955357142857146,0.2694939057386554,0.0,0.0,0.0,0.23814009965247246,1.6063452067346238,0.0016120252899551983,-42.00100401606426,0.17767032967032967,1.2222222222222223,-0.83991683991684,0.2323943661971831,0.04510933965312943,0.21820373719107897,1.2264705882352942,0.7806122448979592,-0.6968503937007874,-0.02943686006825946,-0.020767095634620265,Waste Management,Industrials,AWX
2011Q1,2011,Q1,2011-05-11,2011-03-31,-340000.0,9894000.0,-392000.0,-0.09,1659000.0,0.16767738023044268,47314000.0,38678000.0,14936000.0,8408000.0,8636000.0,0.0,-19617000.0,10724460.0,4894460.0,10.170391795950565,1.7764034253092293,2.1135393329669867e-05,2.5854490925073685e-05,-0.010475585942719419,10.170391795950565,-0.008790526914525053,1.083935718617344,-7.885632352941176,0.27727545374631574,0.0,0.0,0.0,0.20911358160375365,1.6597288296860133,-0.007186033732087754,21.709433198380566,0.16767738023044268,-7.428571428571428,-171.0,0.10869565217391297,0.055449435136167534,-0.14484536082474228,-7.181818181818182,-25.133333333333333,-4.666666666666667,-0.04442727448329159,-0.01772653392929718,Waste Management,Industrials,AWX
2010Q4,2010,Q4,2011-03-11,2010-12-31,55000.0,11283000.0,-15000.0,0.014,1940000.0,0.17194008685633252,47337000.0,38977000.0,14722000.0,8132000.0,8360000.0,0.0,-19277000.0,10382570.3,5046570.300000001,10.249013936366026,1.810378750614855,2.1125124110104147e-05,2.565615619467891e-05,-0.00028435352484629397,10.249013936366026,0.0014110885907073403,0.9201958964814323,47.193501363636365,0.2663768453190343,0.0,0.0,0.0,0.2383547753343051,1.6946630595179537,0.0011618818260557282,-69.21713533333333,0.17194008685633252,27.621,-0.8348348348348348,0.33195608546806776,0.06375371851204926,-0.1213768115942029,28.5,0.6511627906976745,-0.7193877551020408,0.07981625035888602,-0.011639111471751758,Waste Management,Industrials,AWX
2010Q3,2010,Q3,2010-11-12,2010-09-30,-2000.0,11789000.0,-43000.0,-0.0005259006047856955,2208000.0,0.18729323946051404,47111000.0,38955000.0,14070000.0,7927000.0,8156000.0,0.0,-19332000.0,11028700.0,5564700.0,10.243229029713385,1.7749463857701526,2.1226465156757445e-05,2.567064561673726e-05,0.0003657768931080827,10.243229029713385,-5.134129123347452e-05,0.9355076766477225,-1378.5874999999999,0.2831138493133102,0.0,0.0,0.0,0.2502387977330135,1.6561120222025987,-4.245293031351489e-05,380.3,0.18729323946051404,0.8333333333333333,-1.1,0.2387306924450982,0.07293359407276842,-0.0004526935264825713,0.8333333333333334,0.328125,-1.0036563071297988,-0.028832688030315516,-0.007262996941895945,Waste Management,Industrials,AWX
2010Q2,2010,Q2,2010-08-11,2010-06-30,-12000.0,12051000.0,-64000.0,-0.003155403628714173,2209000.0,0.1833042901004066,48395000.0,38891000.0,15147000.0,9275000.0,9504000.0,0.0,-19330000.0,9507500.0,4074500.0,10.226400210360241,1.633099730458221,2.0663291662361816e-05,2.571288987169268e-05,0.019630898215837637,10.226400210360241,-0.00030855467846031213,0.7889386772881919,-198.07291666666669,0.24446530045511816,0.0,0.0,0.0,0.24901332782312222,1.5245283018867926,-0.00024795949994834175,43.612385321100916,0.1833042901004066,0.9789639758085722,0.8400000000000001,0.3789907312049433,0.07164310710644509,0.6423791821561339,0.9794520547945206,0.9004665629860031,-1.0330578512396695,0.04482399861279696,0.005117204662341963,Waste Management,Industrials,AWX
2010Q1,2010,Q1,2010-05-13,2010-03-31,-584000.0,8330000.0,-643000.0,-0.15,1345000.0,0.16146458583433373,46086000.0,38838000.0,12483000.0,7019000.0,7248000.0,0.0,-19318000.0,12968610.299999999,7753610.299999999,10.21246384433342,1.7784584698675026,2.1698563555092652e-05,2.5747978783665482e-05,-0.016486291329493266,10.21246384433342,-0.015036819609660641,1.5568559783913565,-5.551631121575342,0.3339155028580256,0.0,0.0,0.0,0.1807490344139218,1.647955549223536,-0.01267196111617411,-31.09978489208633,0.16146458583433373,-4.330490405117271,-6.214285714285714,0.12113055181695832,0.06809306418788832,-0.2548476454293629,-4.457943925233645,-2.9691358024691357,-2.659090909090909,-0.2634836427939875,0.013253326376206598,Waste Management,Industrials,AWX
2009Q4,2009,Q4,2010-03-18,2009-12-31,-107000.0,10086000.0,-162000.0,-0.02814,1805000.0,0.17896093595082294,47757000.0,39400000.0,13840000.0,8128000.0,8357000.0,0.0,-18734000.0,7986300.0,2354300.0,10.360241914278202,1.702755905511811,2.0939338735682726e-05,2.5380710659898476e-05,-0.004330543321547214,10.360241914278202,-0.002715736040609137,0.7918203450327186,-18.659579439252337,0.2026979695431472,0.0,0.0,0.0,0.211194170488096,1.5970718503937007,-0.0022405092447180517,25.193375394321766,0.17896093595082294,0.0,0.22463768115942023,0.25245250217310333,0.08662676852643479,-0.030612244897959183,0.0,-2.857142857142857,-1.3119533527696794,0.004081632653061315,0.0374427300015799,Waste Management,Industrials,AWX
2009Q3,2009,Q3,2009-11-12,2009-09-30,0.0,9619000.0,-42000.0,0.0,1862000.0,0.1935752157188897,46851000.0,39507000.0,12575000.0,7114000.0,7344000.0,0.0,-18627000.0,10648400.0,5333400.0,10.388377596634236,1.7676412707337643,2.134426159527011e-05,2.5311970030627484e-05,0.0,10.388377596634236,0.0,1.1070173614720864,0.0,0.26953198167413367,0.0,0.0,0.0,0.20531045228490322,1.6449254990160247,0.0,-27.87539267015707,0.1935752157188897,1.0,-1.0,0.1386126893939392,0.08550625085863442,0.1875,1.0,0.864951768488746,-1.0,-0.13575920934411503,0.04974093264248707,Waste Management,Industrials,AWX
2009Q2,2009,Q2,2009-08-11,2009-06-30,-263000.0,8372000.0,-311000.0,-0.07,1568000.0,0.18729096989966554,47259000.0,39507000.0,12633000.0,7522000.0,7752000.0,0.0,-18627000.0,10001890.0,4306890.0,10.388377596634236,1.679473544270141,2.1159990689604098e-05,2.5311970030627484e-05,-0.008266084797682387,10.388377596634236,-0.006657048118055028,1.194683468705208,-9.5075,0.2531675399296327,0.0,0.0,0.0,0.1771514420533655,1.548258441903749,-0.005565077551365877,17.36439236111111,0.18729096989966554,0.3636363636363636,0.8955105284068335,0.15300922737914893,0.11806990236309609,-0.0019096117122851686,0.349009900990099,0.3282937365010799,-1.5467775467775469,-0.09295774647887313,0.06396100398578043,Waste Management,Industrials,AWX
2009Q1,2009,Q1,2009-05-14,2009-03-31,-404000.0,8843000.0,-463000.0,-0.11,1571000.0,0.17765464208978854,47944000.0,39770000.0,12949000.0,7944000.0,8174000.0,0.0,-18364000.0,6084800.0,965800.0,10.457533526163555,1.6300352467270895,2.0857667278491573e-05,2.5144581342720645e-05,-0.011574421278936053,10.457533526163555,-0.01015841086245914,0.6880922763767952,-3.7653465346534656,0.15299974855418658,0.0,0.0,0.0,0.184444351743701,1.5075528700906344,-0.008426497580510596,2.65827872433377,0.17765464208978854,-7.875,0.6181474480151229,-0.35878471466898704,0.050199371517600164,-0.1553763440860215,-7.516129032258065,-21.130434782608695,-202.99999999999997,-0.009076647243388572,0.08524804890028922,Waste Management,Industrials,AWX
2008Q4,2008,Q4,2009-03-20,2008-12-31,62000.0,12649000.0,23000.0,0.016,1860000.0,0.14704719740690964,48713000.0,40174000.0,13310000.0,8309000.0,8539000.0,0.0,-17960000.0,5617031.0,2787031.0,10.563765448330265,1.6018774822481647,2.052840104284277e-05,2.489172101359088e-05,0.0005189968874744869,10.563765448330265,0.0015432867028426346,0.4440691754288877,22.6493185483871,0.1398175685766914,0.0,0.0,0.0,0.25966374479091825,1.4881453845228065,0.001272760864656252,-5.517712180746562,0.14704719740690964,-0.8769230769230769,1.0278026905829596,0.6964860515021459,0.032219938335046314,-0.17662682602921648,-0.8713692946058091,-0.9490022172949002,-0.8138138138138139,0.49321213552119014,0.09642204088316364,Waste Management,Industrials,AWX
2008Q3,2008,Q3,2008-11-13,2008-09-30,482000.0,14255000.0,451000.0,0.13,2259000.0,0.15847071203086635,50283000.0,40112000.0,14735000.0,9940000.0,10171000.0,0.0,-18022000.0,12359750.0,8511750.0,10.547462529581908,1.482394366197183,1.9887437105980152e-05,2.4930195452732348e-05,0.010819701570509682,10.547462529581908,0.012016354208216992,0.867046650298141,6.410658713692945,0.3081309832469087,0.0,0.0,0.0,0.28349541594574706,1.3816901408450704,0.009585744685082434,23.58730916030534,0.15847071203086635,0.857142857142857,11.041666666666668,-0.09365462868769069,-0.025366896685781064,0.21713362068965517,0.8976377952755905,1.2107843137254901,23.100000000000005,0.49784595986130076,0.10480072713250882,Waste Management,Industrials,AWX
2008Q2,2008,Q2,2008-08-12,2008-06-30,254000.0,11720000.0,204000.0,0.07,1856000.0,0.1583617747440273,48413000.0,39630000.0,12702000.0,8552000.0,8783000.0,0.0,-18504000.0,16466990.0,13146990.0,10.420720483828557,1.485266604303087,2.065560903063227e-05,2.5233409033560434e-05,0.004850315678643559,10.420720483828557,0.00640928589452435,1.405033276450512,16.20766732283465,0.4155182942215493,0.0,0.0,0.0,0.2420837378390102,1.3681010289990645,0.005246524693780596,-40.861017369727044,0.1583617747440273,4.5,1.6563307493540051,-0.28186274509803927,-0.03864347572956837,0.2299536116633532,5.233333333333333,2.3421052631578947,4.386666666666667,0.34111454399816904,0.09200628254939251,Waste Management,Industrials,AWX
2008Q1,2008,Q1,2008-05-13,2008-03-31,-60000.0,10354000.0,-152000.0,-0.02,1509000.0,0.14574077651149314,47429000.0,39376000.0,12060000.0,7822000.0,8053000.0,0.0,-18758000.0,22703910.0,18982910.0,10.353931107020774,1.541805164919458,2.1084146829998525e-05,2.5396180414465664e-05,-0.0038376085639264795,10.353931107020774,-0.0015237708248679398,2.1927670465520572,-94.599625,0.5765925944737911,0.0,0.0,0.0,0.21830525627780473,1.4259780107389415,-0.0012650488097999115,-20.038755516328333,0.14574077651149314,-1.3846153846153846,0.9387129724208376,-0.260850942318675,-0.05425723549897921,-0.017578125,-1.3061224489795917,-2.5353535353535355,-1.5357142857142858,0.39353970390309556,0.08288872999284966,Waste Management,Industrials,AWX
2007Q4,2007,Q4,2008-03-20,2007-12-31,196000.0,10449000.0,99000.0,0.052,1536000.0,0.14699971289118577,47849000.0,39436000.0,13443000.0,8182000.0,8413000.0,0.0,-18698000.0,20535819.7,15681819.7,10.369708125164344,1.642996822292838,2.0899078350644736e-05,2.535754133279237e-05,0.002374563243856044,10.369708125164344,0.004970078101227305,1.965338281175232,26.193647576530612,0.5207378968455219,0.0,0.0,0.0,0.21837446968588686,1.5631874847225617,0.004096219356726368,-12.4158522974607,0.14699971289118577,-0.6285714285714287,1.1129032258064517,-0.3260883585940019,-0.07501055495613829,-0.22463402322059567,-0.6416819012797075,-0.773972602739726,2.420289855072464,0.29752887122811394,0.08761962547229646,Waste Management,Industrials,AWX
2007Q3,2007,Q3,2007-11-13,2007-09-30,547000.0,12139000.0,438000.0,0.14,1981000.0,0.1631930142515858,48133000.0,39240000.0,15320000.0,8661000.0,8893000.0,0.0,-18894000.0,27571750.0,21063750.0,10.318169865895346,1.7688488627179308,2.0775767145201835e-05,2.5484199796126402e-05,0.010574246004700784,10.318169865895346,0.013939857288481142,2.2713361891424335,12.601348263254112,0.7026439857288481,0.0,0.0,0.0,0.2521970373756051,1.690682369241427,0.011364344628425404,-10.03704040771751,0.1631930142515858,0.4000000000000001,1.3343520782396088,-0.3649822138522703,-0.11585778018115447,0.07721587819467102,0.5068870523415978,1.7037037037037037,-0.4829867674858223,0.43690814393939387,0.07817007830745987,Waste Management,Industrials,AWX
2007Q2,2007,Q2,2007-08-13,2007-06-30,363000.0,11534000.0,162000.0,0.1,1839000.0,0.1594416507716317,47914000.0,38693000.0,18235000.0,8989000.0,9221000.0,0.0,-19441000.0,37649700.0,28395700.0,10.174336050486458,2.028590499499388,2.0870726718704347e-05,2.5844467991626394e-05,0.004112394065236582,10.174336050486458,0.009381541880960381,3.264236171319577,25.929545454545455,0.9730364665443362,0.0,0.0,0.0,0.24072296197353593,1.9491600845477806,0.0075760737988896775,-11.457608034083993,0.1594416507716317,0.11111111111111122,1.4347305389221556,-0.29012801575578534,-0.15855514961725814,0.000544069640914037,0.03125,0.10204081632653061,1.1442193087008343,0.5884864343754305,0.09503325314843644,Waste Management,Industrials,AWX
2007Q1,2007,Q1,2007-05-11,2007-03-31,352000.0,11310000.0,147000.0,0.09,1838000.0,0.16251105216622458,47265000.0,38330000.0,21390000.0,8627000.0,8935000.0,0.0,-19804000.0,30424000.0,17997000.0,10.078885090717854,2.479425060855454,0.0008462921823759652,0.0010435690060005217,0.0038006101659858317,10.078885090717854,0.009183407252804593,2.6900088417329795,21.607954545454547,0.7937385859639968,0.0,0.0,0.0,0.23928911456680418,2.410571461690043,0.007447371204908495,-65.00854700854701,0.16251105216622458,0.0,1.2158185162477007,-0.3122529644268775,-0.18040498642204972,0.1881060116354234,0.026239067055393587,10.8,1.332703213610586,-0.17989993474004792,0.012173545644194459,Waste Management,Industrials,AWX
