Quarters,Year,Quarter,FillingDate,Date,NetIncome,Revenue,OperatingIncome,EPSDiluted,GrossProfit,GrossProfitRatio,TotalAssets,CommonStockEquity,CurrentAssets,CurrentLiability,TotalLiability,Inventory,RetainedEarnings,MarketCap,EnterpriseValue,bookValuePerShare,currentRatio,debtToAssets,debtToEquity,roic,shareholdersEquityPerShare,roe,priceToSalesRatio,peRatio,pbRatio,payoutRatio,inventoryTurnover,dividendYield,assetTurnover,quickRatio,returnOnAssets,priceToFreeCashFlowsRatio,grossProfitMargin,epsdilutedGrowth,fiveYNetIncomeGrowthPerShare,fiveYRevenueGrowthPerShare,fiveYShareholdersEquityGrowthPerShare,grossProfitGrowth,netIncomeGrowth,operatingIncomeGrowth,threeYNetIncomeGrowthPerShare,threeYRevenueGrowthPerShare,threeYShareholdersEquityGrowthPerShare,Industry,Sector,Symbol
2023Q3,2023,Q3,2023-05-09,2023-03-31,6948000.0,60356000.0,6740000.0,0.09,22893000.0,0.3792994897,283096000.0,162451000.0,118244000.0,79432000.0,120645000.0,29837000.0,-315284000.0,413200826.1,408266826.1,2.240970108263779,1.4886191962936852,0.14744821544635037,0.2569513268616383,0.0323259753900814,2.240970108263779,0.04276981982259266,6.8460604761746975,14.867617519430054,2.5435412899889815,0.0,1.2555886985957032,0.0,0.21319976262469267,1.0496021754456641,0.024542911238590443,22.132991917081796,0.3792994896944794,12.25,3.4318051970604593,0.2463162062213139,0.036994799280512906,0.24141857816821213,13.12565445026178,1.4297043979812545,1.6609373415657844,0.2382638853430816,0.3352944895373234,Information Technology Services,Technology,CTLP
2023Q2,2023,Q2,2023-02-09,2022-12-31,-573000.0,61330000.0,2774000.0,-0.008,18441000.0,0.3006848198,275411000.0,154093000.0,111987000.0,81211000.0,121318000.0,26895000.0,-322232000.0,311590234.65,324529234.65,2.151237347835798,1.3789634409131768,0.1491661553097008,0.26660523190540775,0.01519629830685151,2.151237347835798,-0.0037185336128182332,5.080551681884884,-135.9468737565445,2.0220920784850707,0.0,1.594683026584867,0.0,0.22268536841302636,1.005048577163192,-0.0020805269215826527,-26.996208165829145,0.3006848198271645,0.9333333333333332,0.9666688973052402,0.37363088762684277,-0.017366596121610508,0.30214658946476486,0.9331700489853044,1.3256633012444237,0.9392123502060539,0.23742327284560746,0.17575740212715296,Information Technology Services,Technology,CTLP
2023Q1,2023,Q1,2022-11-09,2022-09-30,-8574000.0,57782000.0,-8518000.0,-0.12,14162000.0,0.2450936278,248464000.0,150564000.0,126549000.0,81918000.0,97900000.0,23503000.0,-321659000.0,247802970.0,213489970.0,2.11443276890507,1.544825313117996,0.06632751625990083,0.10945511543263994,-0.05053354596558272,2.11443276890507,-0.05694588347812226,4.288584161157454,-7.22541899930021,1.6458314736590418,0.0,1.8559332851125387,0.0,0.23255682915834888,1.2053516931565713,-0.034508017258033354,-17.71539676865885,0.24509362777335503,-3.0,-25.89307572342997,0.5069571403655251,-0.05188998860797031,-0.17326328079392878,-3.1240981240981243,-3.097162097162097,0.43892716880782645,0.15707275386697353,0.23388830475450756,Information Technology Services,Technology,CTLP
2022Q4,2022,Q4,2022-10-19,2022-06-30,-2079000.0,58031000.0,-2079000.0,-0.03,17130000.0,0.2951870552,255632000.0,159971000.0,136580000.0,79179000.0,95661000.0,19754000.0,-313085000.0,388080000.0,336943000.0,2.3083838383838384,1.7249523232170145,0.06645490392439131,0.10619424770739697,-0.0113746274816546,2.3083838383838384,-0.012996105544129874,6.687460150609157,-46.666666666666664,2.4259397015709094,0.0,2.070517363571935,0.0,0.22700992051073418,1.421349095088344,-0.00813278462790261,-56.75343667739105,0.29518705519463734,-2.003344481605351,-5.979258395061728,-0.015032992931190915,0.4153930008667047,0.05740740740740741,-1.973314606741573,-3.3598183881952326,0.8290498339815957,0.315859169812674,0.19953821862682158,Information Technology Services,Technology,CTLP
2022Q3,2022,Q3,2022-05-06,2022-03-31,2136000.0,50300000.0,881000.0,0.0299,16200000.0,0.3220675944,244245000.0,160381000.0,128861000.0,66896000.0,83864000.0,13650000.0,-311005000.0,481232207.88,425191207.88,2.2562483396180952,1.9262885673283903,0.0779749841347827,0.11874848018156764,0.004718802699128182,2.2562483396180952,0.013318285831862876,9.56724071332008,56.32399436797752,3.000556224739838,0.0,2.498168498168498,0.0,0.205940756207906,1.6663776608466874,0.008745317201989806,-190.8894120904403,0.3220675944333996,5.53030303030303,7.910452183885918,0.07848857613369455,0.39985691159666525,0.013133208255159476,5.564102564102564,7.08256880733945,1.4002031970548205,0.12902873254756336,0.07574814929728686,Information Technology Services,Technology,CTLP
2022Q2,2022,Q2,2022-02-04,2021-12-31,-468000.0,51091000.0,109000.0,-0.0066,15990000.0,0.3129709734,235092000.0,155987000.0,123469000.0,62637000.0,79105000.0,11752000.0,-313141000.0,630206904.48,572488904.48,2.197952053767064,1.971183166499034,0.07907967944464295,0.11918300884048029,0.0007777867329270461,2.197952053767064,-0.0030002500208350697,12.334988637529115,-336.6489874358975,4.040124526274626,0.0,2.9868107556160655,0.0,0.21732343082708047,1.7489024059262097,-0.0019907100199071004,-103.46526095550813,0.31297097336125734,0.67,-2.1408303173106336,0.3338176958178934,0.37083559137337196,0.07488572196827104,0.6374903175832688,1.0957820738137083,0.9628357338832422,0.2566805460825331,0.014266854756887578,Information Technology Services,Technology,CTLP
2022Q1,2022,Q1,2021-11-05,2021-09-30,-1291000.0,45780000.0,-1138000.0,-0.02,14876000.0,0.32494539100043685,236941000.0,155002000.0,126556000.0,64742000.0,81939000.0,9537000.0,-312673000.0,767276493.06,703869493.06,2.177730681329939,1.9547743350529796,0.0806276668031282,0.12325002258035381,-0.006825567687013519,2.177730681329939,-0.00832892478806725,16.76008066972477,-148.58181507745934,4.950107050618701,0.0,3.2404320016776764,0.0,0.19321265631528525,1.7720490562540545,-0.005448613789930827,-305.0801165248509,0.32494539100043685,-1.5,0.7166796256540263,0.14671540567207575,0.30630596062653087,0.00635908537410364,-1.4857035364936042,-1.436830835117773,0.827647600091289,0.1522694236437574,-0.0675266898419402,Information Technology Services,Technology,CTLP
2021Q4,2021,Q4,2021-09-03,2021-06-30,2658000.0,49018000.0,-467000.0,0.04,14782000.0,0.3015626912562732,237672000.0,154531000.0,131279000.0,65673000.0,83141000.0,5292000.0,-311382000.0,788097000.0,719091000.0,2.325522949586155,1.9989797938269913,0.08048907738395772,0.12379393131475237,-0.002402443587325174,2.325522949586155,0.01720043227572461,16.077706148761678,74.125,5.0999281697523475,0.0,6.469387755102041,0.0,0.20624221616345215,1.8816408569731853,0.011183479753610018,-3665.567441860465,0.3015626912562732,2.3333333333333335,2.7121872018348627,0.2547365462027018,0.5774961885403344,0.1635705289672544,2.438311688311688,0.7685827552031714,6.5873684210526315,0.03437607130964914,-0.13789193521986803,Information Technology Services,Technology,CTLP
2021Q3,2021,Q3,2021-05-07,2021-03-31,-1848000.0,42760000.0,-2018000.0,-0.03,12704000.0,0.2971000935453695,235908000.0,149157000.0,127777000.0,68853000.0,86751000.0,6064000.0,-314040000.0,786558628.9200001,720626628.9200001,2.222491719911955,1.8557942282834445,0.09592722586771114,0.1517193292973176,-0.011687592296139727,2.222491719911955,-0.012389629719020898,18.394729394761463,-106.40674092532468,5.273360478690239,0.0,4.95646437994723,0.0,0.18125710022551164,1.724485498090134,-0.007833562236125947,96.17982745414528,0.2971000935453695,0.25000000000000006,0.8162839978010928,0.13157383940695605,0.5937669397576797,0.03276156410047964,0.36319779462439694,0.21843532145623548,-2.273226463974288,-0.04626366986130303,0.028444041486258738,Information Technology Services,Technology,CTLP
2021Q2,2021,Q2,2021-02-05,2020-12-31,-2902000.0,38285000.0,-2582000.0,-0.04,12301000.0,0.32130077053676376,175507000.0,95379000.0,65651000.0,61838000.0,80128000.0,8794000.0,-312192000.0,680292054.72,675190054.72,1.4693276410694107,1.0616611145250494,0.13139077073848907,0.24177229788527874,-0.02121545148489932,1.4693276410694107,-0.030425984755554157,17.76915383884028,-58.60544923501033,7.13251402006731,0.0,2.9547418694564476,0.0,0.21813944742944727,0.8965037679096995,-0.016534953021816793,-107.65818242126919,0.32130077053676376,0.6363636363636365,-0.832668145303988,0.14204800194171618,-0.012211071911355318,-0.13616573033707866,0.5611673975502798,0.2843680709534368,0.8137257030129039,-0.05379290592877511,-0.3288465250897809,Information Technology Services,Technology,CTLP
2021Q1,2021,Q1,2020-11-06,2020-09-30,-6613000.0,36877000.0,-3608000.0,-0.11,14240000.0,0.38614854787536945,181449000.0,96590000.0,69771000.0,66181000.0,84859000.0,7005000.0,-309290000.0,567516267.5,556329267.5,1.4892304386675577,1.0542451761079463,0.12952950966938367,0.24332746661145047,-0.028887357759219426,1.4892304386675577,-0.06846464437312351,15.389436979689238,-21.45456931422955,5.875517833109018,0.0,3.231548893647395,0.0,0.2032361710453075,0.9250540185249543,-0.036445502593015114,120.87673429179979,0.38614854787536945,0.38228090064832665,-11.135976703699855,0.22579283088660912,-0.012508795377383716,0.2832297017211859,0.4206237953390573,0.6524084778420038,-21.772594855338752,0.05589544281111421,-0.3322302279198896,Information Technology Services,Technology,CTLP
2020Q4,2020,Q4,2020-09-11,2020-06-30,-11414000.0,32645000.0,-10380000.0,-0.17807446801539797,11097000.0,0.3399295451064481,181023000.0,101353000.0,67364000.0,62349000.0,79670000.0,9128000.0,-303025000.0,449318427.8,439192427.8,1.5812494793030165,1.0804343293396848,0.11925004005015938,0.2129882687241621,-0.08025862634866197,1.5812494793030165,-0.11261630144149655,13.763774783274622,-9.841388378307341,4.433203040857202,0.0,2.3606485539000874,0.0,0.18033620037232836,0.9054515709955252,-0.0630527612513327,168.91670218045113,0.3399295451064481,-0.1871631201026532,-30.642703660888095,0.030859630914530867,0.059390523135277644,0.00900163666121113,-0.22797202797202798,-0.01984672823737473,-30.555959660394052,-0.4009331006674459,-0.030451778246481993,Information Technology Services,Technology,CTLP
2020Q3,2020,Q3,2020-06-24,2020-03-31,-9295000.0,43098000.0,-10178000.0,-0.15,10998000.0,0.2551858554921342,179724000.0,107571000.0,64149000.0,54295000.0,72153000.0,9577000.0,-291611000.0,294845178.79999995,286654178.79999995,1.6782590850354444,1.181490008288056,0.09850103492021099,0.16457037677440947,-0.07740480476992469,1.6782590850354444,-0.08640804677840681,6.841272885052669,-7.930209220010759,2.7409355569809706,0.0,3.351780306985486,0.0,0.2398010282433064,0.962390643705682,-0.05171819011372994,-36.2262168325347,0.2551858554921342,-0.15384615384615377,-8.133703534571548,0.5624695336126533,0.1231217796399417,-0.1382228490832158,-0.1094533301503939,-0.31227436823104693,-44.000916109070346,0.024789104325650242,0.04125177108581116,Information Technology Services,Technology,CTLP
2020Q2,2020,Q2,2020-02-18,2019-12-31,-8378000.0,44051000.0,-7756000.0,-0.13,12762000.0,0.2897096547183946,195720000.0,116484000.0,77754000.0,60112000.0,79236000.0,11324000.0,-282316000.0,471115494.40000004,451720494.40000004,1.829660901087103,1.2934854937450093,0.0925301451052524,0.15547199615397822,-0.05592297228701826,1.829660901087103,-0.0719240410700182,10.69477411182493,-14.058113344473623,4.044465286219567,0.0,2.763069586718474,0.0,0.22507153075822603,1.0753426936385413,-0.042806049458409975,-42.80144402652858,0.2897096547183946,0.40909090909090906,-16.98443351832933,0.9243827699365982,0.21542850323425047,0.2695980899323518,0.35039156392959603,0.3959501557632399,-23.766175526069418,0.2819832962669235,0.14113694111558966,Information Technology Services,Technology,CTLP
2020Q1,2020,Q1,2019-10-09,2019-09-30,-12897000.0,42146000.0,-12840000.0,-0.22,10052000.0,0.2385042471408912,179296000.0,102984000.0,61028000.0,70725000.0,76312000.0,9344000.0,-277297000.0,440509925.16,431306925.16,1.713633852235721,0.8628914810887239,0.09111748170622881,0.1586362930163909,-0.10333095032894486,1.713633852235721,-0.12523304591004428,10.451998414084374,-8.538999867411027,4.277459849685388,0.0,3.4347174657534247,0.0,0.23506380510440836,0.7052103216684341,-0.0719313314295913,-2306.3346867015707,0.2385042471408912,-0.25363268562311236,-124.28677878635528,1.0368593460547582,0.13319155564373542,0.11850450650940247,-0.2235082060525567,-0.2658976634131914,-2.3521363332962153,0.25030978614387345,0.027918711298064187,Information Technology Services,Technology,CTLP
2019Q4,2019,Q4,2019-10-09,2019-06-30,-10541000.0,38225000.0,-10143000.0,-0.17549,8987000.0,0.23510791366906475,181097000.0,115591000.0,67902000.0,65059000.0,65506000.0,10908000.0,-264400000.0,450496425.0,435805425.0,1.9243937396395543,1.0436987964770439,0.07053126225172145,0.11050168265695426,-0.08056129924366445,1.9243937396395543,-0.09119222084764385,11.78538718116416,-10.68438537615027,3.897331323372927,0.0,2.6804180418041805,0.0,0.21107472790824808,0.8520881046434775,-0.05820637558877287,-107.92918663152851,0.23510791366906475,-1.193625,-159.97746403840986,1.0167297128503068,0.2719226327482922,-0.08098987626546682,-1.337250554323725,-1.606115107913669,-6.511782125077887,0.0824537618274653,0.30539403624140044,Information Technology Services,Technology,CTLP
2019Q3,2019,Q3,2019-10-09,2019-03-31,-4510000.0,37646000.0,-3892000.0,-0.08,9779000.0,0.25976199330606176,187270000.0,125979000.0,73765000.0,60598000.0,61291000.0,11488000.0,-253859000.0,257078426.84,238004426.84,2.0973759899953803,1.2172843988250437,0.07323116356063437,0.10885941307678264,-0.028003909129327317,2.0973759899953803,-0.03579961739655022,6.828837773999894,-14.250467119733926,2.0406450824343745,0.0,2.42574860724234,0.0,0.20102525764938325,0.9802138684445031,-0.024082874993325145,-25.813678766944474,0.25976199330606176,0.5555555555555556,-1.0992273955307914,1.1306953895192333,0.39231812679956574,0.05798983014172888,0.5768039786056114,0.6184313725490196,0.4990398448292768,0.11312942549333951,0.5040454293474689,Information Technology Services,Technology,CTLP
2019Q2,2019,Q2,2019-10-09,2018-12-31,-10657000.0,34406000.0,-10200000.0,-0.18,9243000.0,0.2686450037784107,204378000.0,130152000.0,89130000.0,73417000.0,74226000.0,7343000.0,-249349000.0,233633151.04000002,204307151.04000002,2.1670352762280665,1.2140239998910334,0.16570765933711065,0.2602111377466347,-0.0622989879836841,2.1670352762280665,-0.08188118507591124,6.790476981921758,-5.4807439016608805,1.7950792230622659,0.0,3.426801034999319,0.0,0.1683449294933897,1.0749009085089285,-0.052143577097339244,-56.99759722859235,0.2686450037784107,-0.6363636363636362,-15.802937451537217,0.8500228417264967,1.7825660514323562,-0.0857566765578635,-0.6862341772151899,-0.7226819793953724,-6.273955501172644,0.10927478964165042,0.4568387559071868,Information Technology Services,Technology,CTLP
2019Q1,2019,Q1,2019-10-09,2018-09-30,-6320000.0,33522000.0,-5921000.0,-0.11,10110000.0,0.301592983712189,217832000.0,140252000.0,100702000.0,76511000.0,77580000.0,6915000.0,-238692000.0,436591940.23999995,403150940.23999995,2.335434867257274,1.3161767588974134,0.15985254691689008,0.2482745344094915,-0.033916776282122245,2.335434867257274,-0.04506174600005704,13.024042128751267,-17.270250800632912,3.1129106197416077,0.0,3.3856832971800435,0.0,0.15388923574130522,1.206676164211682,-0.029013184472437475,-29.46958759635504,0.301592983712189,-2.497615262321145,-12.942653292058308,0.8375444935971199,2.2595134107329264,0.3792633015006821,-23.17543859649123,-0.19110842888754778,-11.461961508482208,0.2034287262414462,0.5485994178637422,Information Technology Services,Technology,CTLP
2018Q4,2018,Q4,2018-06-30,2018-06-30,285000.0,38553000.0,-4971000.0,-0.03145,7330000.0,0.19012787591108343,231995000.0,145826000.0,113282000.0,84909000.0,86169000.0,8038000.0,-232748000.0,756840000.0,708642000.0,2.69748427672956,1.334157745350905,0.15416711567059635,0.24526490474949597,0.001241723360553192,2.69748427672956,0.0019543839918807347,19.631157108396234,663.8947368421052,5.1900209839123335,0.0,3.8844239860661856,0.0,0.1661803056100347,1.2285505658999636,0.001228474751611026,273.3261105092091,0.19012787591108343,-2.5725,-0.8927489549761457,1.5124571541973328,2.9367557039083425,-0.3863027461486939,-0.7543103448275862,-8.942,1.9367867665287513,0.44344822016459096,0.8072349217995173,Information Technology Services,Technology,CTLP
2018Q3,2018,Q3,2018-05-10,2018-03-31,1160000.0,35832000.0,-500000.0,0.02,11944000.0,0.3333333333333333,191393000.0,115911000.0,57076000.0,42521000.0,75482000.0,11030000.0,-194861000.0,482733765.0,502996765.0,2.161023478438472,1.3423014510477176,0.19525269994200414,0.32240253297788823,0.003366219205594554,2.161023478438472,0.010007678304906351,13.472141242464836,104.03744935344827,4.1646932991691905,0.0,2.1657298277425205,0.0,0.1872168783602326,1.0389454622421863,0.006060827720972032,145.7089541201328,0.3333333333333333,1.0833333333333335,1.698682481078397,1.4414455223267655,2.3386069850900757,0.29811976959026193,1.0926813678491532,0.84375,2.3621550281122103,0.5523745785889544,0.44619657154798265,Information Technology Services,Technology,CTLP
2018Q2,2018,Q2,2018-02-09,2017-12-31,-12516000.0,32506000.0,-3200000.0,-0.24,9201000.0,0.28305543591952254,184651000.0,114170000.0,49561000.0,36493000.0,70481000.0,11215000.0,-196021000.0,508463533.5,532072533.5,2.1892572950858433,1.3580960732195215,0.21118217610519305,0.34155207147236577,-0.0657066858053926,2.1892572950858433,-0.10962599632127529,15.642144019565619,-10.156270643576223,4.453565152842253,0.0,2.0780205082478824,0.0,0.17604020557700745,0.9967665031649905,-0.06778192373721237,215.63338994910941,0.28305543591952254,-22.999999999999996,-52.09482818079707,1.2966160692557376,2.2602962392824444,0.2777392028884877,-57.76056338028169,-4.797101449275362,-31.799138284332354,0.733563249656288,0.45430539384640656,Information Technology Services,Technology,CTLP
2018Q1,2018,Q1,2017-11-09,2017-09-30,-213000.0,25617000.0,-552000.0,-0.01,7201000.0,0.2811023929421868,135219000.0,106096000.0,74602000.0,27913000.0,29123000.0,8240000.0,-183505000.0,297333525.0,256212525.0,2.230155513072399,2.6726614838963925,0.07949326647882324,0.10131390438847836,-0.0014776154938495839,2.230155513072399,-0.0020076157442316393,11.606883124487645,-348.9830105633803,2.8024951459055947,0.0,2.2349514563106796,0.0,0.1894482284294367,2.337262207573532,-0.0015752224169680296,22871.809615384616,0.2811023929421868,-2.0,-4.719819085280606,1.0869642300481963,2.3236658277314066,-0.04242021276595745,-1.876543209876543,-2.2777777777777777,-1.613870142914334,0.563942589772395,0.47475692773506994,Information Technology Services,Technology,CTLP
2017Q4,2017,Q4,2017-08-23,2017-06-30,243000.0,34289000.0,432000.0,0.01,7520000.0,0.2193123159030593,97691000.0,65778000.0,36502000.0,30699000.0,31913000.0,4586000.0,-183359000.0,209726363.6,208308363.6,1.6309137016859048,1.1890289585979998,0.1159472213407581,0.17220043175529812,0.005768932745243939,1.6309137016859048,0.0036942442762017695,6.116432780191898,215.76786378600823,3.188396783118976,0.0,5.837112952464021,0.0,0.35099446213059543,1.0081110133880582,0.002487434871175441,-56.69812479048391,0.2193123159030593,3.0366598778004072,1.0706159085799127,2.4958749855057207,1.447409425802736,0.1350943396226415,0.7867647058823529,0.031026252983293555,6.526751580090818,1.694234696840327,0.07794782663455375,Information Technology Services,Technology,CTLP
2017Q3,2017,Q3,2017-05-10,2017-03-31,136000.0,26460000.0,419000.0,-0.00491,6625000.0,0.2503779289493575,88992000.0,64999000.0,34617000.0,22702000.0,23993000.0,4147000.0,-183602000.0,171392712.25,162658712.25,1.6117706895089992,1.524843626112237,0.10164958647968357,0.1391713718672595,0.0022306842392160664,1.6117706895089992,0.002092339882152033,6.477426766817838,315.0601328125,2.636851524638841,0.0,4.78297564504461,0.0,0.2973300970873786,1.1704255131706458,0.0015282272563825962,-6592.0273942307695,0.2503779289493575,-1.4909999999999999,1.2032780431287307,1.8300714950700876,1.162726094025402,0.04594253236501421,-0.41630901287553645,0.7905982905982906,-0.9955433102487592,1.2305440857777108,0.0699548187602534,Information Technology Services,Technology,CTLP
2017Q2,2017,Q2,2017-02-09,2016-12-31,233000.0,21756000.0,234000.0,0.01,6334000.0,0.2911380768523626,86398000.0,64630000.0,35093000.0,20322000.0,21768000.0,4786000.0,-183738000.0,173328416.2,164532416.2,1.6033666382742844,1.72684775120559,0.10692377138359684,0.14293671669503327,0.0031678128553636214,1.6033666382742844,0.0036051369333127033,7.96692481154624,185.97469549356222,2.6818569735416986,0.0,3.2223150856665272,0.0,0.2518113845227899,1.292786143096152,0.002696821685687169,-14444.034683333331,0.2911380768523626,1.1428571428571428,1.1029955789285193,1.5449362437692402,1.1105083238826423,0.02707961731798281,1.0945616883116882,1.2463157894736843,-0.5177720135843346,0.7430325915569734,1.0587913932932695,Information Technology Services,Technology,CTLP
2017Q1,2017,Q1,2016-11-09,2016-09-30,-2464000.0,21588000.0,-950000.0,-0.07,6167000.0,0.28566796368352787,87081000.0,64163000.0,35361000.0,21390000.0,22918000.0,4264000.0,-183971000.0,215917708.05,207328708.05,1.6670908247907368,1.6531556802244038,0.11034554035897613,0.1497592070196219,-0.012303294198612045,1.6670908247907368,-0.0384021944111092,10.001746713451919,-21.90723498883929,3.3651435882050404,0.0,3.6165572232645404,0.0,0.24790712095635098,1.2803646563814868,-0.02829549499890906,-30.518403964664312,0.28566796368352787,-2.5,-25.181280995355895,1.7007818496540565,1.0469258956441307,0.066401521701539,-1.8256880733944953,0.3979721166032953,-8.265079191411738,0.8464444831592394,1.3267208075456969,Information Technology Services,Technology,CTLP
2016Q4,2016,Q4,2016-09-13,2016-06-30,-872000.0,21944000.0,-1578000.0,-0.02,5783000.0,0.26353445133065984,84833000.0,55025000.0,33048000.0,28177000.0,29808000.0,2031000.0,-181507000.0,159380657.86999997,149432657.86999997,1.474186097234234,1.1728714909323208,0.10991005858569189,0.16945024988641527,-0.01357691576218671,1.474186097234234,-0.015847342117219446,7.263063154848704,-45.69399594896789,2.896513546024534,0.0,7.957163958641064,0.0,0.25867292209399645,0.9851652056641942,-0.010279018778069854,149.51281226078797,0.26353445133065984,0.8750000000000001,0.6124678636172705,1.7224874025881218,0.8000222273672472,0.01956981664315938,0.8391143911439114,-1.6521008403361344,-1.4752711568377743,1.071212134816244,1.151452958215366,Information Technology Services,Technology,CTLP
2016Q3,2016,Q3,2016-05-13,2016-03-31,-5420000.0,20361000.0,-595000.0,-0.16,5672000.0,0.27857177938215216,82240000.0,50427000.0,29600000.0,29797000.0,31813000.0,2341000.0,-180635000.0,157664632.68,152110632.68,1.394489786724945,0.9933885961673994,0.11365515564202334,0.18535705078628512,-0.009786241763378015,1.394489786724945,-0.10748210284173161,7.7434621423309276,-7.27235390590406,3.126591561663395,0.0,6.274668944895343,0.0,0.24758025291828795,0.8364264858878411,-0.06590466926070039,37.86374463976946,0.27857177938215216,-7.000000000000001,-0.6044206281268302,1.7438248674017909,0.42254101869480387,0.03447018055808864,-5.201372997711671,-2.0016835016835017,-3.8421531830476603,1.0577493148107942,1.1543742532407777,Information Technology Services,Technology,CTLP
2016Q2,2016,Q2,2016-02-12,2015-12-31,-874000.0,18503000.0,594000.0,-0.02,5483000.0,0.2963303248121926,75616000.0,53295000.0,28297000.0,18376000.0,22321000.0,2849000.0,-175215000.0,110352630.08,104651630.08,1.487491506826803,1.539888985633435,0.12045069826491747,0.17089783281733747,0.011554732945531465,1.487491506826803,-0.01639928698752228,5.964039889747609,-31.5653976201373,2.0706000577915376,0.0,4.57002457002457,0.0,0.24469688954718577,1.2673051806704396,-0.011558400338552688,283.6828536760925,0.2963303248121926,-1.0,-3.764983671105984,1.2321647785930967,0.8504329220007513,0.08638795323954825,-3.4277777777777776,4.303571428571429,-6.193331495089487,0.9027872851168055,1.2152092294304044,Information Technology Services,Technology,CTLP
2016Q1,2016,Q1,2015-11-13,2015-09-30,360000.0,16600000.0,112000.0,-0.01,5047000.0,0.30403614457831324,74200000.0,53972000.0,24587000.0,17112000.0,20228000.0,3718000.0,-174341000.0,89112615.51,83861615.51,1.508094889044291,1.4368279569892473,0.08545822102425876,0.1174868450307567,0.0017274227200044419,1.508094889044291,0.006670125250129697,5.3682298500000005,61.88376077083334,1.6510897411620842,0.0,3.107315761161915,0.0,0.22371967654986524,1.109513791491351,0.004851752021563342,284.70484188498403,0.30403614457831324,0.0,1.137789421575222,1.6993332578997424,0.8610243392311008,0.04970860031019128,2.7910358654932064,1.3141549232564402,7.357352768315956,0.7977067284883965,1.2475578130367697,Information Technology Services,Technology,CTLP
2015Q4,2015,Q4,2015-09-30,2015-06-30,-201001.0,17646195.0,-356512.0,-0.01,4808001.0,0.2724667272462987,73835195.0,53310709.0,23035338.0,16742201.0,20524486.0,4216396.0,-174701068.0,96434828.10000001,91392801.10000001,1.4926030059465623,1.3758846880407183,0.08575782863443375,0.11877437233108268,-0.013121573063308651,1.4926030059465623,-0.0037703681637398594,5.464907766235157,-119.94321931234174,1.8089203822068844,0.0,3.0448264347086944,0.0,0.23899435763662574,1.0146017838395323,-0.002722292532714243,36.049392297412226,0.2724667272462987,0.6666666666666666,0.9348313829477999,1.6693465080624903,0.583408749675691,-0.06570712528363497,0.6452568786290394,-1.487433791902172,0.9340410045950099,1.0315695029819112,1.2398552798709894,Information Technology Services,Technology,CTLP
2015Q3,2015,Q3,2015-05-15,2015-03-31,-566610.0,15357740.0,731406.0,-0.03,5146139.0,0.3350843939277524,69958211.0,53327363.0,18190620.0,12497251.0,16630848.0,4241057.0,-174500067.0,98141037.5,95791510.5,1.4942805984703391,1.4555697088903792,0.08755482612326951,0.1148599641051068,0.016256523527616737,1.4942805984703391,-0.010625126916551264,6.39033070621068,-43.30184672879053,1.8403504688577983,0.0,2.4077962168393396,0.0,0.2195273404003999,1.0104482977896498,-0.008099263716163353,1596.8278148389197,0.3350843939277524,-1.9999999999999996,0.843777488359859,1.648399243414006,0.4675278241221321,0.3784586430718922,-1.1716267750033535,13.214478670683121,0.042979439138915776,0.8561811095955837,1.0050740859992868,Information Technology Services,Technology,CTLP
2015Q2,2015,Q2,2015-02-17,2014-12-31,-260915.0,12820937.0,51455.0,-0.01,3733256.0,0.29118433387512943,67688304.0,53677504.0,14797659.0,12176447.0,14010800.0,3448374.0,-173933457.0,57408605.59,55139865.59,1.5053628380594848,1.2152690353762472,0.06596910745466454,0.08318823840989327,-0.001632483957639206,1.5053628380594848,-0.004860788608948732,4.477723086073975,-55.006999971255006,1.0695095954908782,0.0,2.6353524878681953,0.0,0.18941140850567034,0.8093863505503699,-0.003854654121633776,-18.771195957931358,0.29118433387512943,0.0,0.9608258261216098,1.1671885110754587,0.3359610049098806,0.1907408624161866,-3.2803825710348447,1.077184198052357,0.869619722750454,0.6953829589130771,0.9815061161604665,Information Technology Services,Technology,CTLP
2015Q1,2015,Q1,2014-11-14,2014-09-30,-60956.0,12252602.0,-666652.0,-0.01,3135238.0,0.2558834441859778,71474718.0,53814515.0,17553917.0,15479453.0,17660203.0,2629361.0,-173672542.0,64055619.0,58569831.0,1.5122190451395061,1.1340140378345411,0.07597497621466656,0.10090753396179451,-0.0016275747916671532,1.5122190451395061,-0.001132705553510981,5.227919669634254,-262.7125262484415,1.1903037498340363,0.0,3.467520815894052,0.0,0.17142567809781356,0.881170801061252,-0.0008528330255181979,-20.80914280999167,0.2558834441859778,-8.174311926605505,0.9883980789916637,0.7828507884533519,-0.0033998254904451294,-0.14387910469932366,-0.5743175185309538,-0.17407376750362358,0.299501319078304,0.6578532942899816,0.8567676561778502,Information Technology Services,Technology,CTLP
2014Q4,2014,Q4,2014-09-29,2014-06-30,-38719.0,11207460.0,-567811.0,-0.00109,3662144.0,0.326759497691716,70764242.0,53736667.0,14633527.0,15244537.0,17027575.0,1486777.0,-173611586.0,74941078.89,71291534.89,1.5129801845584292,0.9599194124426343,0.07663158463564126,0.10091388809060302,-0.0006404882440670358,1.5129801845584292,-0.0007205322205785483,6.686713928936619,-483.8779338955035,1.3945985687947486,0.0,5.0749480251577745,0.0,0.15837744718582586,0.7790129670714171,-0.0005471548751981262,-51.50129465408589,0.326759497691716,-1.0014533333333333,0.9953941023652724,0.06710274605315443,-0.06595275311664928,-0.08395742845793724,-1.0014411613916887,-2.5533697183580233,0.981916369521895,0.46126013400891386,0.8473908869991539,Information Technology Services,Technology,CTLP
2014Q3,2014,Q3,2014-05-14,2014-03-31,26866526.0,10443932.0,365535.0,0.75,3997788.0,0.3827857171034817,66631129.0,53484291.0,11240434.0,11967321.0,13146838.0,1512003.0,-173572867.0,73495165.77,71484834.77,1.5063913552691344,0.9392606749664357,0.06853832538241998,0.08538555741535397,1.218770572503589,1.5063913552691344,0.5023255520018018,7.0371164586288,0.6838915996247523,1.3741449011635958,0.0,4.263314292365822,0.0,0.15674253395886478,0.7234955091452799,0.40321282864650243,-142.49020585857448,0.3827857171034817,74.0,4.288979500283982,0.9549933367452286,0.018715826207575975,0.04377263139426229,64.65766597994579,-0.2828287782769919,9.100089723468681,0.4334438481112245,0.5366935731457427,Information Technology Services,Technology,CTLP
2014Q2,2014,Q2,2014-02-12,2013-12-31,409191.0,10570514.0,509690.0,0.01,3830133.0,0.3623412257909123,38759925.0,26585472.0,10925819.0,11325257.0,12174453.0,1712812.0,-200439393.0,61787760.04,59448876.04,0.7787902375623973,0.9647303368038359,0.11135509163136925,0.1623486316135369,0.016219988989975006,0.7787902375623973,0.015391526620253348,5.84529380879681,37.74995053654651,2.3241174743860107,0.0,3.935271938776702,0.0,0.27271760716771254,0.7779339577017987,0.010557063771408226,-81.24666012707496,0.3623412257909123,9.64304235090752,1.0531236678319706,0.7623056827868802,-0.5447117137888278,0.06904209060528847,0.39344602831904213,2.9535984113932887,3.3414460339991425,0.33840732091102327,-0.031188354149008782,Information Technology Services,Technology,CTLP
2014Q1,2014,Q1,2013-11-13,2013-09-30,293654.0,10123058.0,128918.0,-0.001157,3582771.0,0.35392180900277365,36678497.0,23876791.0,9969915.0,11881661.0,12801706.0,1766259.0,-200848584.0,53652114.95,52257029.95,0.7164980084349871,0.8391011155763491,0.12041973802797863,0.18498361023472543,0.004451668044474238,0.7164980084349871,0.012298721381780325,5.299990867384144,45.67630182970435,2.2470404398145463,0.0,3.702903707780116,0.0,0.2759943516769512,0.6620433792884681,0.008006162302670145,-45.553712587357374,0.35392180900277365,-1.023497156783103,1.0346847212038115,0.3573429464675031,-0.6275562644754054,-0.02398380085490645,-0.8249106976228366,-0.38694260700851696,1.1207058087966608,0.7678239604943581,-0.11582471209544647,Information Technology Services,Technology,CTLP
2013Q4,2013,Q4,2013-09-30,2013-06-30,1677167.0,9684841.0,210287.0,0.04924,3670811.0,0.37902646001106266,36576196.0,23379191.0,10726079.0,12016583.0,13197005.0,1823615.0,-201142238.0,60733600.0,58122506.0,0.6852048944900352,0.8926064089933053,0.09213385667552744,0.14414125792462193,0.007829195682771508,0.6852048944900352,0.07173759776375496,6.270996085532018,9.053004262545114,2.597763113360082,0.0,3.2978616648799224,0.0,0.2647853538405142,0.7255080749660698,0.04585405764995354,70.73034388305554,0.37902646001106266,2.231,1.2107748771450721,-0.09055708646214852,-0.6613576594227472,-0.00285982899157073,2.6508475377063476,-0.39955570657217343,1.5692168130753654,0.5335837507232337,-0.27310917843952554,Information Technology Services,Technology,CTLP
2013Q3,2013,Q3,2013-05-14,2013-03-31,-1015943.0,8980804.0,350219.0,-0.04,3681339.0,0.4099119633386944,33229370.0,21244698.0,8927878.0,9248686.0,11984672.0,1838557.0,-202819405.0,86976564.25,85502558.25,0.6472829800241275,0.9653131266430712,0.07446818883415485,0.11647757948830338,0.014866322107875805,0.6472829800241275,-0.04782101397722858,9.684719124256581,-21.402914398248722,4.094036274368316,0.0,2.8824045161504377,0.0,0.2702670559207111,0.6955598881830348,-0.03057364614496152,-42.9049041433627,0.4099119633386944,-9.707009142359599,0.8763404168449624,-0.03582232822418287,-0.7316985384123,0.0225427554892379,-7.60741554910964,-0.383037082709416,0.6954277722743432,0.6839645291417082,-0.3643056168710922,Information Technology Services,Technology,CTLP
2013Q2,2013,Q2,2013-02-13,2012-12-31,153758.0,8884321.0,567650.0,0.004594,3600181.0,0.405228604414451,33069459.0,21980828.0,9432667.0,9636279.0,11088631.0,2439280.0,-201803464.0,56957845.56,53467170.56,0.6714902985526477,0.9788702672473473,0.04704252948317056,0.07077399450102607,0.02308175026616158,0.6714902985526477,0.006995095908125026,6.41105218507976,92.6095643153527,2.59125113758226,0.0,2.1662703748647143,0.0,0.2686563756606965,0.6551401220325812,0.004649546882517794,-95.99237822697259,0.405228604414451,1.4593999999999998,1.0186737018610776,0.13521289353950106,-0.7508957758040835,0.14499340230723654,2.9284108329075114,2.370367330384905,1.0251469511095195,0.635866964518479,-0.40407400039313146,Information Technology Services,Technology,CTLP
2013Q1,2013,Q1,2012-11-13,2012-09-30,39140.0,8390277.0,-414232.0,-0.01,3144281.0,0.37475294319841884,32665045.0,21819495.0,10499302.0,9775797.0,10845550.0,1185917.0,-201957221.0,42924063.6,38752715.6,0.6709927016322844,1.07400982242164,0.06221803766074714,0.0931439980622833,-0.014757372344443263,0.6709927016322844,0.0017938087018054267,5.115929259546497,274.17005365355135,1.9672345120728048,0.0,4.423577704004581,0.0,0.2568579654489991,0.8909239829755057,0.0011982227485068519,-30.684044734989154,0.37475294319841884,0.888888888888889,1.0027515811069792,-0.0748911716798797,-0.6894940927852866,-0.010715659972079756,1.0141166779136026,0.8409181333173572,1.0081525241493978,0.33604411571879167,-0.5577945895532073,Information Technology Services,Technology,CTLP
2012Q4,2012,Q4,2012-09-26,2012-06-30,-2772607.0,7902846.0,-2603892.0,-0.09,3178339.0,0.40217650704568964,33219657.0,21655022.0,12142806.0,9944955.0,11564635.0,2511748.0,-201996361.0,47119674.15,41421359.15,0.6663836808387607,1.2210016033255053,0.02192466948108465,0.03363330686064415,-0.11686267381956138,0.6663836808387607,-0.12803528899670477,5.962367753338481,-4.24867950542576,2.1759236333262555,0.0,1.8809637750283865,0.0,0.2378966766574381,0.9125466128303246,-0.08346284249713957,145.54249595369294,0.40217650704568964,-2.0,0.8141563384299216,0.21348570462830743,-0.7102804066085661,0.13706219903978936,-4.147631531066544,-3.0864530972173614,0.6395195850003023,-0.17759494963916928,-0.5886041014892087,Information Technology Services,Technology,CTLP
2012Q3,2012,Q3,2012-05-11,2012-03-31,-538618.0,7527051.0,-637201.0,-0.03,2795220.0,0.3713565910474102,32429359.0,24195666.0,13084742.0,6756221.0,8233693.0,3233320.0,-199223754.0,41557155.84,35931155.84,0.7452495690330669,1.9366953804501066,0.01751607239600388,0.023476725129202892,,0.7452495690330669,-0.022260928878750433,5.521040821963343,-19.288789011878546,1.7175454414026048,0.0,1.4634589214800886,0.0,0.23210606783809695,1.2693178627519732,-0.01660896226780184,-40.56315570934257,0.3713565910474102,0.5,0.9611265191726515,-0.16820100560788237,-0.7413072439370605,0.4419826913791182,0.7042284690079026,0.6710429450386519,0.9278920585551174,0.5408440502680333,-0.49601574133255616,Information Technology Services,Technology,CTLP
2012Q2,2012,Q2,2012-02-08,2011-12-31,-1821061.0,6881598.0,-1937034.0,-0.06,1938456.0,0.28168689888598547,32590150.0,24650983.0,13714302.0,6362208.0,7939167.0,3341622.0,-198685137.0,36341804.800000004,29645537.800000004,0.7597063797998277,2.1555884372217946,0.019457228641169187,0.02572368006582131,-0.07660773458769013,0.7597063797998277,-0.07387376803594405,5.281012462512342,-4.9890976743777395,1.474253777222596,0.0,1.4792642614873854,0.0,0.21115576332112618,1.455045323887556,-0.05587765014889468,-9.92381509961552,0.28168689888598547,-4.999999999999999,0.9070633728810995,-0.2358668778914081,-0.7257980918879493,-0.053966840992544785,-22.064835220508144,-0.0629809259460474,0.7512736018756202,0.20700714955204433,-0.5558683211472013,Information Technology Services,Technology,CTLP
2012Q1,2012,Q1,2011-11-08,2011-09-30,-78954.0,6705748.0,-1822266.0,-0.01,2049036.0,0.30556412200398825,34841198.0,26297040.0,16362618.0,6927909.0,8544158.0,2509534.0,-196864077.0,38746365.6,28375977.6,0.8144363351591355,2.361840780529883,0.020939262765878486,0.027742628067645637,-0.06742493475591758,0.8144363351591355,-0.003002391143642022,5.778082564391027,-122.68651873242646,1.4734116691460333,0.0,1.8556082523687665,0.0,0.19246605699379224,1.868737450217663,-0.002266110367387482,-21.624933012231093,0.30556412200398825,0.8338594450905465,0.9957134903381649,-0.33303337566694136,-0.4559431507414413,-0.12878751802770144,0.9589434519553522,0.07996752587781611,0.9903752896459718,-0.07202486732460277,-0.5766468190523203,Information Technology Services,Technology,CTLP
2011Q4,2011,Q4,2011-09-27,2011-06-30,-1923055.0,6888630.0,-1980654.0,-0.06019,2351936.0,0.3414228954088113,36004005.0,26125531.0,18428381.0,6881879.0,9878474.0,2670332.0,-196785123.0,70818000.0,58079550.0,0.8189821630094044,2.6778124114068267,0.007028690280428525,0.009686348576034684,,0.8189821630094044,-0.07360826465115676,10.280418602828139,-9.20644495347247,2.7106817465260327,0.0,1.6989250774810023,0.0,0.1913295479211271,2.166852395980807,-0.05341225233137258,-44.423005267931856,0.3414228954088113,0.45281818181818184,0.9283941067898036,-0.04798574752471017,-0.5237225035518157,0.5143181648436836,0.23514319078157142,-0.18767813037239403,0.7415047417018744,-0.3081146319900124,-0.5952421840492862,Information Technology Services,Technology,CTLP
2011Q3,2011,Q3,2011-05-10,2011-03-31,-2514268.0,5522977.0,-1667669.0,-0.11,1553132.0,0.2812128314132034,35768113.0,26383284.0,17311069.0,6497273.0,9384829.0,1594321.0,-194862068.0,66746729.92,53786026.92,0.9802808976323255,2.664359185769168,0.009258917293176747,0.012552417659605984,,0.9802808976323255,-0.09529776505457016,12.085281166298538,-6.6367954728771945,2.5298871027579435,0.0,2.4899910369367273,0.0,0.15441063385144194,2.32834175199349,-0.07029356007682037,-44.895715709763735,0.2812128314132034,-10.0,0.8582610624619846,-0.3626187433667848,-0.41742141883969186,-0.37575607279842094,-17.885669002711616,-10.859148218996893,0.6267944741600655,-0.2769086806435657,-0.5936695298377047,Information Technology Services,Technology,CTLP
2011Q2,2011,Q2,2011-01-20,2010-12-31,-133131.0,6016516.0,-140623.0,-0.01,2488021.0,0.41353185132392234,27626258.0,20904621.0,8345865.0,6571431.0,6721637.0,1351601.0,-192347799.0,26785414.71,22247771.71,0.8038613500339566,1.2700224654264802,0.016591208262805624,0.021925917719340618,-0.006582557278775886,0.8038613500339566,-0.006368496228656813,4.45198096539592,-50.298981285350514,1.2813154904841375,0.0,2.610604017013897,0.0,0.21778251690837028,0.9912181988976222,-0.00481900226950751,-74.97393995459927,0.41353185132392234,0.888888888888889,0.9915805348809116,-0.4433537363959703,-0.6273129508163455,0.835409832195679,0.9294338958578703,0.9259595255445244,0.9796476272115879,-0.032298744051914206,-0.701789797420892,Information Technology Services,Technology,CTLP
2011Q1,2011,Q1,2010-11-10,2010-09-30,-1886614.0,4440665.0,-1899272.0,-0.09,1355567.0,0.30526216231127545,27925647.0,20941746.0,11432114.0,6787768.0,6983901.0,3102162.0,-192181670.0,31269550.84,26372383.84,0.8103574237333049,1.6842228549944547,0.020419007659876243,0.027228579699133015,,0.8103574237333049,-0.0900886678694317,7.041636971039248,-4.143607388686822,1.4931682792829213,0.0,0.9944993201515588,0.0,0.15901744371401672,1.1133978061713365,-0.06755847053427268,-15.443461815035342,0.30526216231127545,-0.042149143121815544,0.9080241074987426,-0.49255830873946804,-0.5980106783342731,-0.11105639053615307,0.09722791787352002,0.10660248045767012,0.8331081318234275,-0.38389438933187614,-0.625002229663028,Information Technology Services,Technology,CTLP
2010Q4,2010,Q4,2010-09-21,2010-06-30,-2089801.0,4479106.0,-2125898.0,-0.08636,1524919.0,0.34045164369854164,29848424.0,22812172.0,13376512.0,6784749.0,7036252.0,2633971.0,-190295056.0,12100000.0,5091831.0,0.9426517355371901,1.971555911648316,0.019972746299771138,0.026133197663072153,,0.9426517355371901,-0.09160903223068807,2.7014319375339633,-1.4475062458100076,0.5304185853061252,0.0,1.121571573870783,0.0,0.1500617252019738,1.4584470258221784,-0.0700137802920516,-7.289007333584734,0.34045164369854164,0.28033333333333327,0.910697587313215,-0.3997752924798936,-0.5443282296014791,0.1770028442530266,0.09537828476047751,0.07599461391151202,0.8119023883884385,-0.07644790873674333,-0.5901690191665347,Information Technology Services,Technology,CTLP
2010Q3,2010,Q3,2010-05-03,2010-03-31,-2310138.0,3693526.0,-2300742.0,-0.12,1295595.0,0.35077457150700986,29225210.0,23145207.0,13292212.0,5774291.0,6080003.0,2318432.0,-188159217.0,24321985.96,17325987.96,1.0182298242721295,2.3019643450598526,0.02137243838453171,0.026986753672153373,,1.0182298242721295,-0.09981064330079226,6.585031744733894,-2.6320923208916525,1.0508433111010846,0.0,1.0342899856454708,0.0,0.12638150418765168,1.7507394414309914,-0.0790460701565532,-6.727993542538775,0.35077457150700986,0.368421052631579,0.889357858263152,-0.4164938988068786,-0.6280253335510934,0.2835349060230078,0.4558435146546014,0.4584369032957845,0.7618606945091992,-0.41701781398300547,-0.6465497056399474,Information Technology Services,Technology,CTLP
2010Q2,2010,Q2,2010-02-11,2009-12-31,-4245356.0,3770839.0,-4248336.0,-0.19,1009396.0,0.26768472480527544,32253006.0,25610228.0,17639149.0,6419366.0,6642778.0,2265549.0,-185810421.0,36819768.24,25840253.240000002,1.1268014803778135,2.7478023530672657,0.018397137928787166,0.02316898545378042,,1.1268014803778135,-0.16576798925804176,9.764343754798336,-2.1682379663802047,1.4376977916791682,0.0,1.2188846941734652,0.0,0.11691434280575275,2.235823755803922,-0.13162667690571228,-7.764098187571419,0.26768472480527544,-0.11764705882352934,0.8149632279573503,-0.449231105598347,-0.6101277090824057,-0.02012089818400327,-0.4508090529728156,-0.45455043463583134,0.6906864392848335,-0.40222169555473214,-0.5933019332225568,Information Technology Services,Technology,CTLP
2010Q1,2010,Q1,2009-11-09,2009-09-30,-2926199.0,3827636.0,-2920721.0,-0.17,1030123.0,0.26912773314912913,36123887.0,30074317.0,21545157.0,5766252.0,6049570.0,1699519.0,-181529840.0,33693874.199999996,17731958.199999996,1.5173778650838554,3.7364230699594816,0.02016817846872348,0.02422508880251545,,1.5173778650838554,-0.09729893450281847,8.802789554701647,-2.8786383120218413,1.1203537623148683,0.0,1.64606162096452,0.0,0.10595858635035593,3.2770851846225244,-0.08100454416768606,-11.81980334866445,0.26912773314912913,0.282155223376404,0.8557445447588176,-0.3347061184292558,-0.5131549670512704,0.493375568103567,-0.0026940000418046307,-0.0009393484533821343,0.741189897628495,-0.3797950885776209,0.013633337283380976,Information Technology Services,Technology,CTLP
2009Q4,2009,Q4,2009-09-25,2009-06-30,-2918337.0,3646083.0,-2917980.0,-0.23682,689795.0,0.1891879586943029,25980378.0,19972272.0,11178494.0,5682897.0,6008106.0,1671226.0,-178590975.0,37483200.0,31554997.0,1.6198111922141119,1.9670414579043047,0.031564552294042834,0.04105987541127019,,1.6198111922141119,-0.14611942997772112,10.280402283765893,-3.2110068165534003,1.8767619427574391,0.0,1.7689337049567204,0.0,0.1403398749625583,1.4832649615152271,-0.1123285042273057,-25.30673697216024,0.1891879586943029,0.08915384615384618,0.8358023887662348,0.4981139842818306,-0.6016103556111155,0.16680255216649978,0.1734051294513919,0.17697871271029425,0.7188616388031381,0.30366122596515427,-0.05800192703631947,Information Technology Services,Technology,CTLP
2009Q3,2009,Q3,2009-05-11,2009-03-31,-3530553.0,2308932.0,-3545449.0,-0.26,591184.0,0.25604218747022434,28888576.0,22691624.0,13558367.0,5800323.0,6196952.0,2310164.0,-175672638.0,28542615.12,21066300.12,1.4787159642714616,2.3375193071144484,0.03336751524201124,0.0424799917361578,,1.4787159642714616,-0.1555883792186932,12.361825779191419,-2.0211150434507004,1.2578480553000526,0.0,0.7435610631972449,0.0,0.07992543488471014,1.8083386045915029,-0.12221277365834854,-12.69353877133889,0.25604218747022434,-0.13043478260869565,0.8002705275612808,-0.6732709353211042,-0.6591847668129748,-0.11117392265259822,-0.029606014290326166,-0.013151874950884788,0.6509257320491307,-0.5326581303119043,-0.1212026568251294,Information Technology Services,Technology,CTLP
2009Q2,2009,Q2,2009-02-09,2008-12-31,-3429033.0,2670229.0,-3499425.0,-0.23,665129.0,0.24909062106658267,31134023.0,25995103.0,15321219.0,4642548.0,5138920.0,2481791.0,-172142085.0,32065644.68,27141044.68,1.7105431023568618,3.300174602395064,0.038126682183025305,0.045663869845024276,,1.7105431023568618,-0.13191072949393584,12.008574800138865,-2.337805197558612,1.233526356098685,0.0,0.8079245996137466,0.0,0.08576562688349013,2.626866539667441,-0.11013780647621414,-9.905768022173152,0.24909062106658267,0.1785714285714286,0.8283827170878901,-0.7391093010348732,-0.6768773762093102,-0.26375650452895644,0.11024223545270434,0.11516793205800496,0.6289088457928423,-0.5772473290858147,-0.20695619799122883,Information Technology Services,Technology,CTLP
2009Q1,2009,Q1,2008-11-05,2008-09-30,-3853895.0,3394879.0,-3954903.0,-0.28,903409.0,0.26610933703380885,34972372.0,29182161.0,13816244.0,5437152.0,5790211.0,1983262.0,-168696668.0,62800554.239999995,55693105.239999995,1.9237751641218637,2.541081065969831,0.024606023291757276,0.029488254828009482,,1.9237751641218637,-0.13206338625847483,18.49861342333556,-4.073836614645702,2.152018633575491,0.0,1.2562485440652824,0.0,0.09707316964374049,1.9973916491575001,-0.11019827308253498,-35.36612869327813,0.26610933703380885,-0.20212948651897664,0.9317298201406804,-0.6670983217507821,-0.7263083902930497,-0.0599731958719978,-0.02642107528393807,-0.019063525932904037,0.6799159944540939,-0.3391002747693388,-0.0456839776947218,Information Technology Services,Technology,CTLP
2008Q4,2008,Q4,2008-09-24,2008-06-30,-3754692.0,5024975.0,-3880919.0,-0.23292,961046.0,0.19125388683525787,40055651.0,32576549.0,16955009.0,7037932.0,7479102.0,2299002.0,-164842773.0,95795000.0,86791827.0,2.0233881366459627,2.409089630306175,0.024154344664127417,0.029699831004198755,,2.0233881366459627,-0.11525751239027805,19.06377643669869,-6.378352738387063,2.9406122790968436,0.0,1.7676926770833605,0.0,0.12544983977416818,1.968445276254445,-0.09373688621363313,-24.79262911344902,0.19125388683525787,0.16814285714285726,0.9544597444863836,-0.07334574103434485,0.00838311907629688,0.07292887748654159,0.0015566888425244633,0.026524439111106204,0.7588306754674282,0.0121524336855799,-0.021907222285642285,Information Technology Services,Technology,CTLP
2008Q3,2008,Q3,2008-05-06,2008-03-31,-3760546.0,4263512.0,-3986663.0,-0.28,895722.0,0.21009017917622844,42974500.0,36244062.0,19767416.0,6208092.0,6730438.0,2258046.0,-161088081.0,67604908.5,61968977.5,2.4125212594585497,3.184137090751877,0.027430220246890596,0.032523948336695814,,2.4125212594585497,-0.10375619598046157,15.85662442136905,-4.494354576436507,1.865268536953722,0.0,1.4914620871319717,0.0,0.09921027586126656,2.741515106412727,-0.08750645150030832,-18.60209580319311,0.21009017917622844,-0.1200000000000001,0.945840935678711,-0.5474576719418444,6.974667490247929,-0.1411320248151806,-0.03321183866871301,-0.020446228918721894,0.7274895909451649,0.019110487320490206,-0.11866970560454321,Information Technology Services,Technology,CTLP
2008Q2,2008,Q2,2008-02-11,2007-12-31,-3639666.0,3459403.0,-3906784.0,-0.25,1042910.0,0.30147109197743077,48109907.0,39004722.0,31393631.0,8579153.0,9105185.0,2456006.0,-157327535.0,71624851.65,49006708.650000006,2.695619878467141,3.6592925898395796,0.026126676985677815,0.03222563668060498,,2.695619878467141,-0.09331347112280405,20.704396582300475,-4.919740688431301,1.8363123226464735,0.0,0.983911684254843,0.0,0.07190624999545311,3.2485260491332886,-0.07565314977640676,-43.82520766919778,0.30147109197743077,0.4680851063829787,0.9392361159332056,-0.7292881921041897,1.580836461909938,1.0087792964235636,0.30844126788028625,0.272951538898871,0.750820126901646,-0.2063298042476999,-0.06731796526517536,Information Technology Services,Technology,CTLP
2008Q1,2008,Q1,2007-11-13,2007-09-30,-5262989.0,3355656.0,-5373485.0,-0.47,519176.0,0.15471669324865242,33800206.0,25999727.0,16865727.0,7236615.0,7800479.0,2655242.0,-153687869.0,105877464.00000001,103189559.00000001,2.1609659785580053,2.330609960596218,0.03713989198764055,0.048282660814092396,,2.1609659785580053,-0.20242477930633657,31.55194215378454,-5.029340931550494,4.072252912501736,0.0,1.068256678675616,0.0,0.09927915823944979,1.9054280212502668,-0.15570878473344216,-21.03293576795198,0.15471669324865242,-0.022939973011796445,0.9128700930114226,-0.7296452647834927,0.8388442704870447,3.0381432393752723,0.061119081318353544,-0.15940423264098286,0.5725926160951018,-0.03918117686719357,-0.3066621194095146,Information Technology Services,Technology,CTLP
2007Q4,2007,Q4,2007-09-27,2007-06-30,-5605598.0,2446979.0,-4634695.0,-0.45946,128568.0,0.05254152160684664,34491497.0,28084206.0,17354029.0,5891848.0,6407291.0,3033792.0,-148424880.0,131257500.0,127123401.0,2.3000987714987713,2.9454305338494815,0.029855039344914486,0.036666338368262934,,2.3000987714987713,-0.1995996611048929,53.64063197926913,-5.853858054038124,4.67371233496863,0.0,0.764195765563361,0.0,0.07094441276352835,2.3954672625634608,-0.16252115702603456,-44.148452756623236,0.05254152160684664,-0.02102222222222215,0.9713450007927463,-0.7976145228116243,-0.4176031334563083,-0.5956218154368749,-0.3607610515752315,-0.24894802552171602,0.6815063664832752,0.015303684246486038,-0.43429485112757427,Information Technology Services,Technology,CTLP
2007Q3,2007,Q3,2007-05-15,2007-03-31,-4119458.0,2690414.0,-3710879.0,-0.45,317940.0,0.11817512100368197,35210838.0,27807757.0,18184459.0,4472469.0,7403081.0,1948916.0,-142819282.0,79924298.03999999,77587203.03999999,2.880828904431126,4.065865856197103,0.09550840567895601,0.12093499666298148,,2.880828904431126,-0.14814060695366404,29.70706294272926,-4.850413454876831,2.874172772726689,0.0,1.2173300439834247,0.0,0.0764086898471431,3.5934525202969545,-0.1169940346208176,-16.250767669217876,0.11817512100368197,0.24999999999999994,0.9557094707202731,-0.7658152788454077,-0.3181969695275525,0.11876251367927682,0.05885876637618435,-0.029510260620794676,0.6295139823625925,-0.3947593844736117,-0.336025038913171,Information Technology Services,Technology,CTLP
2007Q2,2007,Q2,2007-02-13,2006-12-31,-4377088.0,2011722.0,-3604509.0,-0.6,284189.0,0.14126653682765314,28859074.0,20082208.0,11867048.0,4515176.0,8776866.0,1837295.0,-138699824.0,,,,,,,,,,,,,,,,,,,,,,,,,,,,,,,Information Technology Services,Technology,CTLP
2007Q1,2007,Q1,2006-11-13,2006-09-30,-3680314.0,2008897.0,-3158492.0,-0.63,615536.0,0.30640495754635505,21964195.0,9657776.0,4804724.0,5360330.0,12306419.0,1469298.0,-134322736.0,,,,,,,,,,,,,,,,,,,,,,,,,,,,,,,Information Technology Services,Technology,CTLP
