Quarters,Year,Quarter,FillingDate,Date,NetIncome,Revenue,OperatingIncome,EPSDiluted,GrossProfit,GrossProfitRatio,TotalAssets,CommonStockEquity,CurrentAssets,CurrentLiability,TotalLiability,Inventory,RetainedEarnings,MarketCap,EnterpriseValue,bookValuePerShare,currentRatio,debtToAssets,debtToEquity,roic,shareholdersEquityPerShare,roe,priceToSalesRatio,peRatio,pbRatio,payoutRatio,inventoryTurnover,dividendYield,assetTurnover,quickRatio,returnOnAssets,priceToFreeCashFlowsRatio,grossProfitMargin,epsdilutedGrowth,fiveYNetIncomeGrowthPerShare,fiveYRevenueGrowthPerShare,fiveYShareholdersEquityGrowthPerShare,grossProfitGrowth,netIncomeGrowth,operatingIncomeGrowth,threeYNetIncomeGrowthPerShare,threeYRevenueGrowthPerShare,threeYShareholdersEquityGrowthPerShare,Industry,Sector,Symbol
2023Q3,2023,Q3,2023-05-10,2023-04-02,-5184000.0,156738000.0,-1966000.0,-0.29,9653000.0,0.0615868519,551402000.0,334908000.0,297722000.0,76489000.0,216494000.0,143178000.0,322081000.0,148387440.0,242804440.0,18.552404165743408,3.8923505340637217,0.26137554814817504,0.43033609229997494,-0.005176620887542243,18.552404165743408,-0.015478877781360851,0.9467228113156988,-7.156030092592593,0.4430692608119245,0.0,1.0272877117992987,0.0,0.2842535935669439,1.8231510413262038,-0.009401489294561862,-19.960645682001616,0.061586851944008474,0.71,-30.873879499627343,-0.04158498075360972,-0.12921683478406779,2.206625,0.7125907856073627,0.9007972550206883,0.8709476033719609,-0.06189262264884683,0.026740238152196127,Textile Manufacturing,Consumer Cyclical,UFI
2023Q2,2023,Q2,2023-02-08,2023-01-01,-18037000.0,136212000.0,-19818000.0,-1.0,-8000000.0,-0.0587319766,528233000.0,334879000.0,278155000.0,58810000.0,193354000.0,147253000.0,327265000.0,155272740.0,242383740.0,18.56931351890873,4.729722836252338,0.26104389540221834,0.41176663809913433,-0.035238870987871804,18.56931351890873,-0.053861245405056754,1.139934367016122,-2.1521419859178352,0.4636681906001869,0.0,0.9793484682824798,0.0,0.2578634806988583,2.001343308961061,-0.03414591666934856,376.87558252427186,-0.058731976624673304,-1.272727272727273,-2.548554461806003,-0.17590857977293559,-0.12159790744489436,-2.2189547463050436,-1.3023997957620628,-4.143524526343109,-46.23735294348925,-0.1757220717830372,-0.13139830234654035,Textile Manufacturing,Consumer Cyclical,UFI
2023Q1,2023,Q1,2022-11-09,2022-10-02,-7834000.0,179519000.0,-3853000.0,-0.44,6563000.0,0.0365588044,557825000.0,348299000.0,318786000.0,78724000.0,209526000.0,165063000.0,345302000.0,172629590.0,260561590.0,19.348869507249596,4.049413139576241,0.242248016851163,0.38797699677575875,-0.012035142914820642,19.348869507249596,-0.02249216908460834,0.9616229479887922,-5.508986150114884,0.49563619189259805,0.0,1.0478181058141436,0.0,0.32181956706852505,1.770578222651288,-0.014043830950566934,-10.10120479812756,0.03655880436054122,-3.3157894736842106,-1.8860845900426166,0.10770935049799663,-0.05651220873091712,-0.6424212705677237,-3.240846681922197,-1.7702918832467014,-3.1667281954163466,0.024211901116614587,-0.08312810446099742,Textile Manufacturing,Consumer Cyclical,UFI
2022Q4,2022,Q4,2022-08-31,2022-07-03,3496000.0,217576000.0,5002000.0,0.19,18354000.0,0.0843567305,588718000.0,361449000.0,352266000.0,108792000.0,227269000.0,173295000.0,353136000.0,255626660.0,325297660.0,19.823890747545658,3.237977057136554,0.20886230759039132,0.34018907231725637,0.00729800572435014,19.823890747545658,0.009672180584259466,1.174884454167739,18.279938501144166,0.7072274650088948,0.0,1.1496119334083499,0.0,0.3695759259951284,1.4708342525185676,0.005938327008856532,-36.03420637158162,0.08435673052174872,0.7272727272727273,-0.6399140212552283,0.269889647911203,0.0012876309797288947,-0.04126619306310071,0.6921587608906099,-0.1308427454387489,2.528441608528679,0.22586516578024257,-0.06952431240312501,Textile Manufacturing,Consumer Cyclical,UFI
2022Q3,2022,Q3,2022-05-04,2022-03-27,2066000.0,200780000.0,5755000.0,0.11,19144000.0,0.0953481422,593182000.0,377265000.0,358525000.0,114351000.0,215917000.0,163380000.0,354693000.0,336208600.0,389874600.0,20.4225085259568,3.1353027083278677,0.1797728184604388,0.2826607291956582,0.005057000251026446,20.4225085259568,0.005476256742607981,1.6745124016336288,40.68351887705711,0.8911735782540124,0.0,1.111739502999143,0.0,0.3384795897380568,1.523091184161048,0.003482910809835767,-37.21179856115108,0.09534814224524354,1.2494887525562373,-0.7780771091537835,0.2301206757020212,0.05095737959338196,0.1334517465956187,1.223896663078579,0.18684264796865332,2.3454314760619472,0.11074211194998551,-0.040370868103742776,Textile Manufacturing,Consumer Cyclical,UFI
2022Q2,2022,Q2,2022-02-02,2021-12-26,929000.0,201410000.0,4849000.0,0.0489,16890000.0,0.0838587955,543425000.0,361192000.0,312181000.0,98135000.0,182233000.0,148893000.0,353393000.0,425567890.0,468061890.0,19.512289989735834,3.1811382279512914,0.165826010949073,0.24949057564951604,0.0023413279073891988,19.512289989735834,0.002572039247823872,2.1129432004369195,114.52311356297093,1.1782317714678066,0.0,1.2392792139321527,0.0,0.3706307218107375,1.5856727976766698,0.0017095275336983025,214.28393252769385,0.08385879549178293,-0.893695652173913,-0.8018343240864831,0.27126258564061023,0.03373651767058132,-0.3527991723186573,-0.8929723502304148,-0.634065353558222,-0.2121896178148927,0.19256583099308439,-0.08948887841827523,Textile Manufacturing,Consumer Cyclical,UFI
2022Q1,2022,Q1,2021-11-03,2021-09-26,8680000.0,195992000.0,13251000.0,0.46,26097000.0,0.13315339401608228,548705000.0,360997000.0,319282000.0,99602000.0,187708000.0,150511000.0,353477000.0,427326199.99999994,471337199.99999994,19.497542533081287,3.205578201240939,0.17052332309711046,0.25919051958880546,0.01862019230648282,19.497542533081287,0.02404452114560509,2.180324707130903,12.307782258064515,1.1837389230381414,0.0,1.1287879291214595,0.0,0.35719011126197137,1.6254894480030522,0.015819064889148086,-17.01952365779831,0.13315339401608228,-0.3428571428571428,-0.10426206332813784,0.18885857251234542,0.0445714251827617,-0.04769376733323603,-0.35315597287428274,-0.05329713510037865,3.7522544515245975,0.07061752784121703,-0.0819817302995873,Textile Manufacturing,Consumer Cyclical,UFI
2021Q4,2021,Q4,2021-08-25,2021-06-27,13419000.0,184445000.0,13997000.0,0.7,27404000.0,0.1485754560980238,555368000.0,358419000.0,329067000.0,105423000.0,196949000.0,141221000.0,344797000.0,445978800.0,462994800.0,19.384478096268253,3.1213966591730458,0.17154211261721958,0.26580343117970867,0.017261367761568377,19.384478096268253,0.03743942145924184,2.4179500664154627,8.308718980549967,1.2442945267968495,0.0,1.1120229994122688,0.0,0.33211312138978116,1.7240260664181442,0.024162357211794702,239.25901287553648,0.1485754560980238,1.7999999999999998,0.265035616410276,0.08631190848734517,0.0641958063994225,0.07067786677085368,1.8203026481715006,0.624535747446611,0.2365420339295759,0.008954590841990937,-0.08792032375728988,Textile Manufacturing,Consumer Cyclical,UFI
2021Q3,2021,Q3,2021-05-05,2021-03-28,4758000.0,178866000.0,8616000.0,0.25,25595000.0,0.14309594892265717,528372000.0,335597000.0,312659000.0,100610000.0,192775000.0,122004000.0,331378000.0,497801050.0,520176050.0,18.155098728698945,3.107633436040155,0.18542428440568387,0.29193645950351166,0.01077230879579864,18.155098728698945,0.014177719109527202,2.783094886674941,26.156003047498952,1.48332985694151,0.0,1.2562784826726991,0.0,0.33852285889486955,1.8346983401252361,0.009005019191024505,-136.12279190593384,0.14309594892265717,-0.37500000000000006,-0.526115846315126,0.07023554417247498,0.04275546772578265,-0.013071643402483226,-0.362540192926045,-0.34188817598533455,25.77669301890968,0.06810260667197295,-0.14786492389080985,Textile Manufacturing,Consumer Cyclical,UFI
2021Q2,2021,Q2,2021-02-03,2020-12-27,7464000.0,162776000.0,13092000.0,0.4,25934000.0,0.15932324175554136,512998000.0,334873000.0,297499000.0,80952000.0,178125000.0,111489000.0,326620000.0,328307700.0,345513700.0,18.135553750338477,3.6750049411997234,0.19595982830342418,0.3001944020568992,0.01711437606883621,18.135553750338477,0.022289046892403987,2.0169293999115347,10.996372588424437,0.9803946570789525,0.0,1.227403600355192,0.0,0.3173033812997322,2.2071227394011266,0.014549764326566576,43.011620594785796,0.15932324175554136,1.2222222222222223,0.11455570211773417,0.004992616872771449,0.09047533329380275,0.7810589932010165,1.1748251748251748,3.5051617343427393,-0.3741409123816737,-0.0381814509744791,-0.1421164628556987,Textile Manufacturing,Consumer Cyclical,UFI
2021Q1,2021,Q1,2020-11-04,2020-09-27,3432000.0,141505000.0,2906000.0,0.18,14561000.0,0.10290095756333699,492237000.0,320077000.0,277250000.0,74301000.0,172160000.0,104780000.0,319156000.0,231878790.0,257152790.0,17.35116821163333,3.7314437221571715,0.20999843571287816,0.32295041505637706,0.010004647539387092,17.35116821163333,0.010722419917707301,1.6386614607257695,16.8909375,0.7244468987149967,0.0,1.2115289177323916,0.0,0.2874733106206969,2.2273859032852856,0.006972251171691685,38.27645922746781,0.10290095756333699,1.1636363636363636,-0.5865633152213288,-0.15642940905745809,0.06988579736693083,2.5406835255528515,1.1695065935694178,1.1392229195611556,-0.6212001661129568,-0.14796375214184673,-0.1539239351529792,Textile Manufacturing,Consumer Cyclical,UFI
2020Q4,2020,Q4,2020-08-26,2020-06-28,-20247000.0,86055000.0,-20873000.0,-1.1,-9451000.0,-0.10982511184707454,474162000.0,316155000.0,254493000.0,54994000.0,158007000.0,109704000.0,315724000.0,232235140.0,264172140.0,17.13948823593191,4.62765028912245,0.22609150459125785,0.33908684031566794,-0.04322251836361407,17.13948823593191,-0.06404137211178061,2.6986827029225497,-2.8675253123919595,0.7345610222833736,0.0,0.8705790126157661,0.0,0.1814886051602617,2.5563334181910755,-0.04270059599883584,13.596109127100286,-0.10982511184707454,0.506726457399103,-2.2763213644174063,-0.5267083727188511,0.04775067266770035,-1.614379509848534,0.5075040743353361,-7.636883942766295,-3.0613483853719226,-0.5035368354739935,-0.1342992255904194,Textile Manufacturing,Consumer Cyclical,UFI
2020Q3,2020,Q3,2020-05-07,2020-03-29,-41111000.0,170994000.0,3145000.0,-2.23,15383000.0,0.08996222089663965,543042000.0,333829000.0,262981000.0,77871000.0,209213000.0,124146000.0,335971000.0,218005000.0,323741000.0,18.069228687415425,3.3771365463394587,0.25620301928764255,0.4167672670738612,0.006639922620643679,18.069228687415425,-0.12314987613418846,1.2749277752435757,-1.3257096640801733,0.6530439236854798,0.0,1.2534515812027773,0.0,0.31488172185576807,1.7169934892321916,-0.07570500992556745,-68.85818066961465,0.08996222089663965,-112.5,-5.0458604792494395,-0.011612471554773194,0.1499822791096409,-0.01800191509735078,-101.5158924205379,0.22803592346739554,-5.415529675515494,0.047517104485517034,-0.07014413981203159,Textile Manufacturing,Consumer Cyclical,UFI
2020Q2,2020,Q2,2020-02-06,2019-12-29,409000.0,169511000.0,2561000.0,0.02,15665000.0,0.0924128817598858,595207000.0,395479000.0,272141000.0,68921000.0,199728000.0,133893000.0,378789000.0,458775200.0,556777200.0,21.378398832369317,3.9485933169861145,0.22716802725774393,0.3418942598722056,0.002072551369781563,21.378398832369317,0.001034188920271367,2.7064627074349157,280.42493887530566,1.1600494590104657,0.0,1.149021980237951,0.0,0.2847933576050013,1.9178044427678067,0.0006871558970240606,431.58532455315145,0.0924128817598858,-0.9,-0.9574821103035294,0.017233253206288983,0.3521857419350318,-0.10193200710886889,-0.8898168103448276,-0.5964387015442799,-0.9126993141993617,0.07061605157997469,0.1326006108955679,Textile Manufacturing,Consumer Cyclical,UFI
2020Q1,2020,Q1,2019-11-07,2019-09-29,3712000.0,179949000.0,6346000.0,0.2,17443000.0,0.09693301991119706,591040000.0,390007000.0,269208000.0,75479000.0,201033000.0,129447000.0,378380000.0,405103520.00000006,501492520.00000006,21.103132947351334,3.5666609255554524,0.22080908229561452,0.3346273272018195,0.009929149545887252,21.103132947351334,0.009517777886037943,2.251212954781633,27.283372844827586,1.0387083308761125,0.0,1.2553863743462574,0.0,0.3044616269626421,1.7666768240172763,0.0062804547915538715,21.058560066538444,0.09693301991119706,3.0000000000000004,-0.4849873492428173,0.014390772311953808,0.36025625209171314,-0.04901319376294842,2.7045908183632736,0.205318138651472,-0.6162331479344461,0.0935522435573726,0.13059015623300732,Textile Manufacturing,Consumer Cyclical,UFI
2019Q4,2019,Q4,2019-08-29,2019-06-30,1002000.0,179493000.0,5265000.0,0.05,18342000.0,0.10218782905182931,592151000.0,392845000.0,265622000.0,74733000.0,199306000.0,133781000.0,374668000.0,339093210.0,443925210.0,21.305114160203917,3.55427990312178,0.21457364760002093,0.32343545164123255,0.002006595522351848,21.305114160203917,0.0025506242920235716,1.8891723354114087,84.60409431137725,0.8631730326210082,0.0,1.2045880954694612,0.0,0.3031203189726945,1.6832992118608914,0.0016921359585646229,108.37111217641419,0.10218782905182931,1.625,-0.8867888734799833,-0.021770591868698026,0.3652931456362639,0.3299978246682619,1.6553302812295618,5.7935483870967746,-0.9052782161105991,0.06007042161020643,0.1696375332650691,Textile Manufacturing,Consumer Cyclical,UFI
2019Q3,2019,Q3,2019-05-08,2019-03-31,-1529000.0,179989000.0,775000.0,-0.08,13791000.0,0.07662134908244393,608791000.0,391455000.0,279984000.0,84755000.0,217336000.0,130981000.0,373666000.0,361626040.0,469586040.0,21.28166793519626,3.303451123827503,0.2231603292427122,0.3470590489328275,-0.001458270434864298,21.28166793519626,-0.0039059406572913872,2.0091563373317256,-59.12786788750818,0.9237997726430879,0.0,1.2688710576343134,0.0,0.29564990284021936,1.6954751932039407,-0.002511535157385704,-82.20641964082746,0.07662134908244393,-2.3333333333333335,-1.329923433630731,0.04151450793301341,0.4328693298237813,-0.025784119807855325,-2.3057216054654144,1.972396486825596,-1.153037727090934,0.08228293912939073,0.22233296185113555,Textile Manufacturing,Consumer Cyclical,UFI
2019Q2,2019,Q2,2019-02-06,2018-12-30,1171000.0,167711000.0,-797000.0,0.06,14156000.0,0.0844071050795714,594383000.0,393927000.0,268000000.0,71790000.0,200456000.0,134642000.0,375195000.0,419844880.0,523251880.0,21.43004025677293,3.733110461067001,0.21881514107906855,0.3301626951186387,0.001594562443433613,21.43004025677293,0.0029726319851139933,2.503383081610628,89.63383432963279,1.0657936115067004,0.0,1.1404687987403634,0.0,0.2821598195103157,1.7692436272461345,0.0019701101814823103,-84.39093065326634,0.0844071050795714,-0.4000000000000001,-0.8126364026189302,0.07643173032814965,0.4284281383120775,-0.29287177181677404,-0.35375275938189843,-1.1394087808291062,-0.8243518448821545,0.040137125499250914,0.2885699887199705,Textile Manufacturing,Consumer Cyclical,UFI
2019Q1,2019,Q1,2018-11-08,2018-09-30,1812000.0,181611000.0,5717000.0,0.1,20019000.0,0.11023010720716256,608118000.0,390113000.0,282418000.0,80303000.0,218005000.0,131961000.0,374024000.0,506589439.99999994,604841440.0,21.238730400696863,3.516904723360273,0.23095353204476762,0.36001620043423316,0.004211612962903214,21.238730400696863,0.004644808042797856,2.7894204646194334,69.89368653421633,1.298571029419681,0.0,1.2245436151590243,0.0,0.29864434205203594,1.8218372912593552,0.0029796848637928825,-44.664912713807084,0.11023010720716256,-0.8275862068965517,-0.7855438536064878,0.13034444399455755,0.4035276291778079,-0.16252510040160642,-0.8316610925306578,-0.3832128600712051,-0.7807781690221107,0.08731573224736092,0.30959574206512963,Textile Manufacturing,Consumer Cyclical,UFI
2018Q4,2018,Q4,2018-08-22,2018-06-24,10764000.0,181325000.0,9269000.0,0.58,23904000.0,0.1318295877567903,601807000.0,389781000.0,274294000.0,85003000.0,212026000.0,126311000.0,371753000.0,574042000.0,659701000.0,21.253053435114502,3.2268743456113316,0.21692835078355685,0.3349291012132454,0.01900198098726821,21.253053435114502,0.027615507169410514,3.1658182820901697,13.332450761798587,1.4727295583930464,0.0,1.246296838755136,0.0,0.3013009154097576,1.6761526063785983,0.017886132929660174,130.22731397459165,0.1318295877567903,56.99999999999999,0.0868774949570535,-0.04087121727953081,0.452691870082181,0.44382701135539987,60.15909090909091,4.855337965887555,-0.3175420171274616,0.0030284968565791955,0.29921621499762624,Textile Manufacturing,Consumer Cyclical,UFI
2018Q3,2018,Q3,2018-05-02,2018-03-25,176000.0,165867000.0,1583000.0,0.01,16556000.0,0.09981491194752422,590892000.0,390081000.0,267119000.0,76499000.0,200811000.0,121293000.0,360878000.0,668827770.0,753885770.0,21.305423562182533,3.4917972783957962,0.21261753416868057,0.3220715697508979,0.00047497704721427125,21.305423562182533,0.0004511883429339035,4.032313660945215,950.0394460227272,1.714586893491352,0.0,1.23099436900728,0.0,0.2807061188846693,1.812415848573184,0.0002978547687225415,-591.3596551724138,0.09981491194752422,-0.9841269841269841,-0.8626748769271029,0.07612455612448527,0.474758603123498,-0.26988886928911626,-0.9850872733435011,-0.796372523797273,-0.982522256900838,-0.032555194256642786,0.3559438517981064,Textile Manufacturing,Consumer Cyclical,UFI
2018Q2,2018,Q2,2018-01-31,2017-12-24,11802000.0,167478000.0,7774000.0,0.63,22676000.0,0.13539688794946203,587465000.0,386289000.0,263167000.0,67355000.0,201176000.0,116239000.0,360702000.0,643392330.0,727477330.0,21.13987850927598,3.9071635364857844,0.22588579745176307,0.343525184512114,0.02499910999229244,21.13987850927598,0.030552254917950033,3.8416528141009567,13.628883451957295,1.6655724858849204,0.0,1.2457264773440928,0.0,0.285085920012256,2.0796377403310817,0.020089707471934497,-406.4386165508528,0.13539688794946203,0.31250000000000006,4.382258064992029,0.0768365469946605,0.4454068054737856,-0.026446848703417482,0.3171875,-0.23582030866017892,0.2420595013290152,0.017463472966690124,0.33709930900909124,Textile Manufacturing,Consumer Cyclical,UFI
2018Q1,2018,Q1,2017-11-01,2017-09-24,8960000.0,164242000.0,10173000.0,0.48,23292000.0,0.14181512645973623,581104000.0,374124000.0,257483000.0,75866000.0,206980000.0,118534000.0,348900000.0,627194340.0,709354340.0,20.50781121526065,3.3939182242374715,0.21433512761915252,0.3329136863713635,0.014826514222842205,20.50781121526065,0.023949278848723953,3.8187207900537015,17.499842075892857,1.6764343907367611,0.0,1.1891102974673933,0.0,0.2826378754921666,1.740278912819972,0.015418926732564222,59.102369016208065,0.14181512645973623,-0.07692307692307698,3.4649752606020408,0.08590964967920543,0.461597856000977,-0.14859085426033555,-0.07666941467436109,-0.22040003065368993,0.25935203470588536,-0.06207246429968982,0.3218832716388719,Textile Manufacturing,Consumer Cyclical,UFI
2017Q4,2017,Q4,2017-09-01,2017-06-25,9704000.0,171250000.0,13049000.0,0.52,27357000.0,0.15974890510948905,571503000.0,360806000.0,243637000.0,76054000.0,210697000.0,111405000.0,339940000.0,539065920.0,632082920.0,19.798397717295874,3.203473847529387,0.22474422706442485,0.3559863195179681,0.01806805027388878,19.798397717295874,0.026895339877939947,3.147830189781022,13.887724649629018,1.4940602983320674,0.0,1.2916206633454512,0.0,0.29964847078668005,1.669353354195703,0.01697978838256317,47.034806735886924,0.15974890510948905,0.040000000000000036,-0.04913456571497156,0.007033859136425889,0.3771810666868219,0.29469947941315666,0.057426174130979626,0.43285384868782256,0.10934297068192014,-0.05568380879199081,0.26873841157328926,Textile Manufacturing,Consumer Cyclical,UFI
2017Q3,2017,Q3,2017-05-04,2017-03-26,9177000.0,160896000.0,9107000.0,0.5,21130000.0,0.13132706841686556,570255000.0,353862000.0,245448000.0,78536000.0,216393000.0,109647000.0,330236000.0,489849000.0,592915000.0,19.432289950576607,3.1252928593256595,0.233749813679845,0.3766920437910824,0.01714186384609641,19.432289950576607,0.025933838615053325,3.044507010739857,13.344475318731611,1.3842938772741915,0.0,1.2746905980099774,0.0,0.28214746034668703,1.6692472242029133,0.01609280058921009,141.65673799884325,0.13132706841686556,1.0,0.32619437404140367,-0.02142940523122158,0.34366632208717174,-0.04518752824220515,0.9989109126551949,0.007634432396547909,1.0001964223006523,-0.05956053985690728,0.30835291496936534,Textile Manufacturing,Consumer Cyclical,UFI
2017Q2,2017,Q2,2017-02-02,2016-12-25,4591000.0,155155000.0,9038000.0,0.25,22130000.0,0.1426315619864007,550844000.0,342175000.0,231690000.0,67565000.0,208669000.0,109772000.0,321059000.0,595504800.0,701010800.0,18.87549646954987,3.4291423074076817,0.24325580382104553,0.39160078906992035,0.013163655500869018,18.87549646954987,0.013417111127347118,3.8381283232896135,32.42783707253322,1.7403515744867393,0.0,1.2118299748569763,0.0,0.281667768006913,1.7314733959890476,0.008334483084139975,-9762.373770491804,0.1426315619864007,-0.5098039215686274,1.6664595746739739,0.02541663652233589,0.3726062131772397,-0.0601775173058139,-0.5117515686483037,-0.28121520598059485,-0.2551334302476508,0.009795863959315651,0.2581539725849989,Textile Manufacturing,Consumer Cyclical,UFI
2017Q1,2017,Q1,2016-11-03,2016-09-25,9403000.0,159969000.0,12574000.0,0.51,23547000.0,0.14719726947095998,547973000.0,335346000.0,225779000.0,77192000.0,210974000.0,110002000.0,316468000.0,515444540.0,624077540.0,18.665590559946565,2.9249015442014716,0.2364240573896889,0.38632934342440345,0.019215163073832132,18.665590559946565,0.028039696313658134,3.2221526670792464,13.704257683717964,1.5370528946222708,0.0,1.2401774513190669,0.0,0.2919286169209067,1.4268965695927038,0.017159604579057727,-259.53904330312184,0.14719726947095998,-0.08928571428571436,35.75720377807654,0.04580031253661217,0.32872036116261005,-0.14284154198973462,-0.08146918042395233,-0.09474442044636429,0.1377771719059463,0.017923075308389127,0.23348578618173446,Textile Manufacturing,Consumer Cyclical,UFI
2016Q4,2016,Q4,2016-08-26,2016-06-26,10237000.0,163858000.0,13890000.0,0.56,27471000.0,0.1676512590169537,526863000.0,325031000.0,211892000.0,75308000.0,199918000.0,103532000.0,307065000.0,454665120.0,561031120.0,18.21514234476575,2.813671854251872,0.23348005079119238,0.3784623620516197,0.02077732597166288,18.21514234476575,0.03149545735637524,2.774750820832672,11.103475627625281,1.3988361725496952,0.0,1.3173414982807248,0.0,0.31100684618202457,1.3915520263451426,0.019430098526561933,210.10402957486136,0.1676512590169537,0.05660377358490571,-0.14731223296225845,-0.07696770052308194,0.22096861102589585,0.17578325629173086,0.056558984415316337,0.3901120896717374,0.06239673477351441,-0.1091717020003734,0.24504411930343023,Textile Manufacturing,Consumer Cyclical,UFI
2016Q3,2016,Q3,2016-05-05,2016-03-27,9689000.0,161278000.0,9992000.0,0.53,23364000.0,0.14486786790510794,508956000.0,310572000.0,210549000.0,73658000.0,196827000.0,105944000.0,296828000.0,408668580.0,515142580.0,17.41069626639758,2.8584675120149883,0.23923679060665362,0.3920540164599513,0.01594837269400845,17.41069626639758,0.0311972747060263,2.5339387889234737,10.544653214986067,1.315857772110815,0.0,1.3017631956505324,0.0,0.31688004464040115,1.3656221998968205,0.019037009093123964,30.269504481149543,0.14486786790510794,0.5142857142857145,3.694883549528506,0.018438357778724584,0.20274845057495688,0.07110438729198185,0.4989170792079208,0.15795573067562868,6.759518092584672,0.073979882053934,0.2051660944594561,Textile Manufacturing,Consumer Cyclical,UFI
2016Q2,2016,Q2,2016-02-04,2015-12-27,6464000.0,156336000.0,8629000.0,0.35,21813000.0,0.13952640466687136,497741000.0,296412000.0,214303000.0,63414000.0,199359000.0,108975000.0,287139000.0,505994970.0,623464970.0,16.630870223868037,3.3794272558110197,0.2750165246584067,0.46181328691146106,0.014893911094615164,16.630870223868037,0.021807484177428713,3.236586390850476,19.56973120358911,1.70706641431521,0.0,1.2344390915347556,0.0,0.3140910634245521,1.6046298924527707,0.012986673792193128,165.30381247958184,0.13952640466687136,-0.186046511627907,0.3509650425615634,0.09419826337115426,0.14700191793734432,0.03950629050705299,-0.19451713395638628,-0.10921854031175803,2.022312043697624,0.030576093574601074,0.13711027203786377,Textile Manufacturing,Consumer Cyclical,UFI
2016Q1,2016,Q1,2015-11-05,2015-09-27,8025000.0,162165000.0,9687000.0,0.43,20984000.0,0.12939906884962846,487297000.0,289217000.0,213643000.0,71998000.0,196240000.0,112778000.0,281378000.0,519841656.95,638112656.95,16.21777600407058,2.9673463151754214,0.26313521322725153,0.4433522234170191,0.015408404350241866,16.21777600407058,0.027747331588392106,3.205634119261246,16.194444141744547,1.79741044596272,0.0,1.25184876483002,0.0,0.3327847288204114,1.329592488680241,0.016468396070568873,-34.45398044472428,0.12939906884962846,-0.4819277108433735,-0.11814450232473145,0.04808907670119158,0.1741869453760708,-0.133035861841018,-0.4868925831202046,-0.18623991935483872,3.090909078209269,0.09680730143975859,0.1558457598349011,Textile Manufacturing,Consumer Cyclical,UFI
2015Q4,2015,Q4,2015-09-03,2015-06-28,15640000.0,179260000.0,11904000.0,0.83,24204000.0,0.13502175610844583,476372000.0,297494000.0,215347000.0,74724000.0,177279000.0,111615000.0,278331000.0,608141411.68,702238411.68,16.358365289609115,2.8818987206252342,0.21854768962071658,0.34995663778093006,0.0241157463704528,16.358365289609115,0.05257248885691812,3.3925103853620437,9.720930493606138,2.044214040215937,0.0,1.3892039600412132,0.0,0.3763025534666185,1.2920480702317862,0.03283148463805597,48.139112774479536,0.13502175610844583,0.5660377358490565,2.1522822947338827,0.11723035049848164,0.26244672015739245,0.08718501549656381,0.5615015974440895,0.3181264533274277,0.5357142662609214,0.056336490386969924,0.1378916253973286,Textile Manufacturing,Consumer Cyclical,UFI
2015Q3,2015,Q3,2015-05-07,2015-03-29,10016000.0,170530000.0,9031000.0,0.53,22263000.0,0.1305518090658535,475351000.0,286141000.0,219149000.0,73535000.0,187323000.0,105550000.0,268383000.0,655774833.0899999,753289833.0899999,15.712614894731503,2.9801999048072347,0.23617705653296195,0.3923485274742173,0.017714145999026158,15.712614894731503,0.0350037219412807,3.8455100750014655,16.368181736471644,2.29178912875121,0.0,1.4047086688773094,0.0,0.3587454323226416,1.4623104644047051,0.021070745617449,156.8464082970581,0.1305518090658535,0.06000000000000005,13.308070304889105,0.21419405706544017,0.234571752563302,-0.043808787527380495,0.06349543427479296,-0.09089993960136904,0.4473684013858654,0.03711287978242332,0.08646544075210903,Textile Manufacturing,Consumer Cyclical,UFI
2015Q2,2015,Q2,2015-02-05,2014-12-28,9418000.0,163149000.0,9934000.0,0.5,23283000.0,0.14271003806336538,466491000.0,286348000.0,221777000.0,67045000.0,178398000.0,115703000.0,258367000.0,549322947.54,642683947.54,15.810253110475765,3.3078827653068834,0.2384997781307678,0.38854121558383503,0.018506610214794907,15.810253110475765,0.0328900498693897,3.367001621462589,14.581730397642811,1.9183753598418705,0.0,1.208836417378979,0.0,0.3497366508678624,1.4907301066447909,0.02018902829850951,161.3757190188014,0.14271003806336538,0.35135135135135137,4.458086283482294,0.29807812182777377,0.2662553039863614,0.11109520400858984,0.3307898827186661,0.3041880005251411,2.3684211126844645,0.07922888595869397,0.1497049461110854,Textile Manufacturing,Consumer Cyclical,UFI
2015Q1,2015,Q1,2014-11-05,2014-09-28,7077000.0,174182000.0,7617000.0,0.37,20955000.0,0.12030519801127557,470533000.0,281521000.0,230047000.0,78719000.0,186971000.0,114024000.0,248949000.0,474703388.64,570491388.64,15.514086345789858,2.922382144082115,0.23713533375980006,0.39634698654807277,0.01193608988639534,15.514086345789858,0.025138444378927326,2.7253297622027532,16.769230911403138,1.6862095141747862,0.0,1.343813583105311,0.0,0.3701801999009634,1.3959399890750646,0.015040390365819188,-65.19755372064277,0.12030519801127557,-0.19565217391304351,2.2412219693062307,0.38996691483709095,0.2511067204467551,-0.16250349706246753,-0.19276833580472225,-0.3277733651045803,26.389999767782957,0.12741293523489677,0.10437879510332672,Textile Manufacturing,Consumer Cyclical,UFI
2014Q4,2014,Q4,2014-09-10,2014-06-29,8767000.0,181752000.0,11331000.0,0.46,25021000.0,0.1376656102821427,469067000.0,285015000.0,231227000.0,80302000.0,182329000.0,113370000.0,245673000.0,502823969.99,586404969.99,15.604790977160551,2.879467510149187,0.2120976321079931,0.34906233005280424,0.01717155898150406,15.604790977160551,0.030759784572741786,2.7665388550882524,14.338541404984602,1.7642017788186588,0.0,1.3824733174561172,0.0,0.38747556319246507,1.3877861074443973,0.018690293710706574,61.178241877357344,0.1376656102821427,0.9166666666666669,2.587133916433632,0.47207124465999556,0.31769802078118564,0.266309023736019,0.8484081804764917,0.8596750369276218,-0.2865709504250527,0.00025539074265833357,0.04599566690776668,Textile Manufacturing,Consumer Cyclical,UFI
2014Q3,2014,Q3,2014-05-09,2014-03-30,4743000.0,176864000.0,6093000.0,0.24,19759000.0,0.11171860864845305,460639000.0,279598000.0,228667000.0,76203000.0,179419000.0,110916000.0,242142000.0,434292750.0,519644750.0,14.852483399734396,3.0007611248900963,0.2138572721806013,0.3523308464295167,0.008037350670997048,14.852483399734396,0.016963640655512556,2.455518081689886,22.891247628083494,1.55327559567665,0.0,1.41643225503985,0.0,0.3839535948975228,1.4689972835715128,0.010296566291607962,27.31057414161741,0.11171860864845305,-0.25000000000000006,1.1579522846666432,0.6318628028868954,0.29034278996102014,0.0682272800994756,-0.2638522427440633,0.055247661932802214,2.2500441349558504,0.058303509728699986,0.026024526698436565,Textile Manufacturing,Consumer Cyclical,UFI
2014Q2,2014,Q2,2014-02-07,2013-12-29,6443000.0,160617000.0,5774000.0,0.32,18497000.0,0.11516215593617114,446172000.0,284298000.0,212399000.0,49990000.0,160439000.0,110765000.0,248242000.0,519419500.0,606721500.0,15.002532981530344,4.24882976595319,0.23045820894184305,0.3616768320565041,0.009140431597348668,15.002532981530344,0.02266283969637493,3.233901143714551,20.15441176470588,1.8270248119930494,0.0,1.2830767841827293,0.0,0.35998897286248355,1.919123824764953,0.014440619312731414,54.526506403527186,0.11516215593617114,-0.2727272727272727,1.7752601786501985,0.39390704820237776,0.14721813850069146,-0.07445584188141106,-0.2736189402480271,-0.30307785153892575,0.2664921077065925,0.05730461516792202,0.03469835745800904,Textile Manufacturing,Consumer Cyclical,UFI
2014Q1,2014,Q1,2013-11-07,2013-09-29,8870000.0,168669000.0,8285000.0,0.44,19985000.0,0.11848650315114218,453263000.0,291792000.0,225899000.0,57046000.0,160150000.0,114432000.0,255724000.0,450441746.24,537470746.24,15.132392094866416,3.959944606107352,0.21475170044764297,0.3335903657399792,0.012770173424646338,15.132392094866416,0.030398365959313483,2.6705662939840753,12.695652374295378,1.543708347864232,0.0,1.2993218680089484,0.0,0.37212170417616264,1.8000736247940259,0.01956921257636295,124.46580443216358,0.11848650315114218,-0.15384615384615388,14.866671881726546,0.05468010400705599,0.052524475573177035,-0.22273646546359677,-0.15652339292506656,-0.24995473474560928,-0.09854774456518649,0.00819157200130722,0.09560381433585323,Textile Manufacturing,Consumer Cyclical,UFI
2013Q4,2013,Q4,2013-09-10,2013-06-30,10516000.0,200742000.0,11046000.0,0.52,25712000.0,0.12808480537206962,455466000.0,284908000.0,226830000.0,64945000.0,168986000.0,110667000.0,252112000.0,442061479.8,531059479.8,14.63011797120623,3.4926476249133884,0.21462194763165637,0.3431037387507546,0.018908860452686138,14.63011797120623,0.03691016047285439,2.202137468990047,10.509259219284898,1.5515937769385204,0.0,1.5815916217119828,0.0,0.44073981372923554,1.7003618446377704,0.02308844128870212,341.09682083333337,0.12808480537206962,6.428571428571428,13.27251452899693,0.10788008422231206,-0.024656616193453818,1.0276003469757906,6.516797712651894,14.152263374485596,0.9793401062130814,0.1683664376378491,0.12907030264185812,Textile Manufacturing,Consumer Cyclical,UFI
2013Q3,2013,Q3,2013-05-03,2013-03-24,1399000.0,168249000.0,729000.0,0.07,12681000.0,0.07537043310807197,461282000.0,288728000.0,232294000.0,73657000.0,171097000.0,108749000.0,250289000.0,387123280.18,469590280.18,14.446719291589982,3.1537260545501447,0.2132491621177501,0.34069435593361225,0.0005966541601020055,14.446719291589982,0.004845390817655371,2.3008949841009456,69.17857043959972,1.340788839946247,0.0,1.430523499066658,0.0,0.3647421750686131,1.582062804621421,0.0030328519213843157,20.883815082267898,0.07537043310807197,-0.4166666666666666,116.81182751756243,0.0010947028561278487,-0.016150308079007473,-0.2402492361152717,-0.4233305853256389,-0.8382157123834887,0.8210271466558369,0.09157041997332614,0.13510778912990612,Textile Manufacturing,Consumer Cyclical,UFI
2013Q2,2013,Q2,2013-02-01,2012-12-23,2426000.0,172071000.0,4506000.0,0.12,16691000.0,0.0970006567056622,460950000.0,295680000.0,224480000.0,58466000.0,163978000.0,107101000.0,257483000.0,270296837.78999996,361732837.78999996,14.625556230411274,3.8394964594807237,0.23143941859203818,0.3608022186147186,0.005600698459849046,14.625556230411274,0.008204816017316017,1.570844812838886,27.85416712592745,0.9141532663352272,0.0,1.4507801047609266,0.0,0.3732964529775464,1.7943933226148532,0.005263043714068771,14.550080087742906,0.0970006567056622,0.09090909090909087,1.3126926826831933,-0.06311522673941947,0.0008808523352374019,-0.07375138734739178,0.05754141238012206,-0.27110967324490454,0.25955832024616904,0.22650654614484766,0.171372021757073,Textile Manufacturing,Consumer Cyclical,UFI
2013Q1,2013,Q1,2012-11-02,2012-09-23,2294000.0,172900000.0,6182000.0,0.11,18020000.0,0.10422209369577791,476310000.0,292612000.0,238177000.0,63327000.0,182477000.0,116710000.0,255057000.0,258179267.10000002,365537267.1,14.03109010529839,3.7610655802422346,0.2518317902206546,0.40992850600795594,0.0058283736470287825,14.03109010529839,0.007839733162002925,1.4932288438403702,28.13636302310375,0.8823263130015174,0.0,1.3270499528746467,0.0,0.3629988872792929,1.7136924218737664,0.004816191136024858,78.47394136778117,0.10422209369577791,-0.8,1.2415855178907587,-0.018981063700238242,-0.05383876508159231,-0.004089753509450646,-0.7965951409824437,-0.02966567257887302,-0.08580916046803844,0.20054945963805124,0.1315130478628936,Textile Manufacturing,Consumer Cyclical,UFI
2012Q4,2012,Q4,2012-08-30,2012-06-24,11278000.0,187926000.0,6371000.0,0.55,18094000.0,0.09628257931313389,482233000.0,289523000.0,237997000.0,71512000.0,191453000.0,112750000.0,252763000.0,236233824.78,346899824.78,14.376031007256167,3.3280708132900774,0.25206072583170375,0.4198353844081472,0.027935023347747653,14.376031007256167,0.03895372733772447,1.2570576970722518,5.236607217148431,0.8159414788462401,0.0,1.506270509977827,0.0,0.38969958505535707,1.5831329007718984,0.023387034898067947,15.717486678642715,0.09628257931313389,0.4864864864864866,1.1496897389050968,0.016351470277162997,-0.032798784391173175,0.331420161883738,0.49674850696748507,2.3234220135628587,2.851656175776751,0.3803912334548816,0.21393920832878233,Textile Manufacturing,Consumer Cyclical,UFI
2012Q3,2012,Q3,2012-05-03,2012-03-25,7535000.0,179037000.0,1917000.0,0.37,13590000.0,0.07590609762227919,512912000.0,286769000.0,259509000.0,59331000.0,225257000.0,112417000.0,241485000.0,201462101.52,324401101.52,14.462139618407372,4.3739191990696265,0.3095248307701906,0.5536128382077561,0.0038493666209984683,14.462139618407372,0.02627550397706865,1.125254006266861,6.684210402123424,0.7025239880182307,0.0,1.471725806595088,0.0,0.34905987771781516,2.3032647351300333,0.01469062919175219,18.513334085646022,0.07590609762227919,1.9736842105263157,1.5730417641836691,0.010024338967617468,-0.22075019109250918,0.2488513140966734,1.9904048370136698,3.0157728706624605,1.2382272168156327,0.5682753820506585,0.25643079892991394,Textile Manufacturing,Consumer Cyclical,UFI
2012Q2,2012,Q2,2012-02-03,2011-12-25,-7608000.0,167110000.0,-951000.0,-0.38,10882000.0,0.06511878403446832,482608000.0,275321000.0,233765000.0,40763000.0,206376000.0,114180000.0,233950000.0,143751160.54,278152160.53999996,13.751574405202364,5.734734931187597,0.3296215562112522,0.5777910148517549,-0.002846984378096532,13.751574405202364,-0.027633199065817717,0.8602187812817904,-4.723684297450053,0.5221220340620585,0.0,1.368260641093011,0.0,0.34626446308391073,2.6788754507764394,-0.015764347047707458,13.897057283449342,0.06511878403446832,-39.0,0.6003059135332567,-0.07436755044873558,-0.3321070479477517,-0.0801352493660186,-27.6013986013986,-1.7343629343629343,0.13353275745305668,0.37267284524678146,0.051559467325414395,Textile Manufacturing,Consumer Cyclical,UFI
2012Q1,2012,Q1,2011-11-04,2011-09-25,286000.0,171013000.0,1295000.0,0.01,11830000.0,0.06917602755346085,515345000.0,282164000.0,261575000.0,63159000.0,233181000.0,135976000.0,241558000.0,178765400.0,322914400.0,14.047794483720004,4.141531689862094,0.31817520301933655,0.5811159467543698,0.0014851101676511627,14.047794483720004,0.0010135949306077318,1.0453322262050253,156.26346153846154,0.6335514098184035,0.0,1.1706698240866036,0.0,0.3318417758976996,1.8760746686932979,0.0005549680311247805,255.7444921316166,0.06917602755346085,-0.9848484848484849,1.0224142677484735,-0.1283101643025491,-0.34519063503957775,-0.3858055137324127,-0.9788367618765724,-0.8203135840155404,1.4292269567781617,0.026566163796063424,-0.022914062149293698,Textile Manufacturing,Consumer Cyclical,UFI
2011Q4,2011,Q4,2011-09-09,2011-06-26,13514000.0,199826000.0,7207000.0,0.66,19261000.0,0.09638885830672685,537376000.0,299655000.0,274069000.0,61100000.0,237721000.0,134883000.0,241272000.0,252079300.0,393253300.0,14.918600019914368,4.485581014729951,0.3138658965044959,0.5628606230498406,0.012496579063431984,14.918600019914368,0.04509852997613922,1.2614939997798085,4.663299171229836,0.8412317498456559,0.0,1.3386787067310186,0.0,0.37185508842970283,2.0989034369885435,0.025148127195855415,24.988035289452814,0.09638885830672685,4.3,3.169857222008385,-0.05518614419210875,-0.32217942905396646,0.2716049382716049,4.340914709517923,0.565377932232841,16.78267898141752,0.06922686278122497,-0.0054244365139592835,Textile Manufacturing,Consumer Cyclical,UFI
2011Q3,2011,Q3,2011-05-06,2011-03-27,-4045000.0,178164000.0,4604000.0,-0.2,15147000.0,0.08501717518690645,533232000.0,290514000.0,269247000.0,67993000.0,242718000.0,136715000.0,227758000.0,322107450.0,477765450.0,14.475758632717126,3.959922344947274,0.3278122843340235,0.6016921731827037,0.00950435129371078,14.475758632717126,-0.013923597485835451,1.8079266855256955,-19.907753399258343,1.1087501807141824,0.0,1.1923856197198552,0.0,0.3341209829867675,1.8265115526598326,-0.007585816305097969,-16.150594163658244,0.08501717518690645,-1.7692307692307692,-0.6558817797775756,-0.14882448986975488,-0.3511946903231167,-0.2061736806247052,-1.7511606313834727,-0.4461686515096836,-340.22171045310347,0.055690374077446744,-0.014172672448047256,Textile Manufacturing,Consumer Cyclical,UFI
2011Q2,2011,Q2,2011-02-04,2010-12-26,5385000.0,160802000.0,8313000.0,0.26,19081000.0,0.11866145943458414,514798000.0,290844000.0,245968000.0,56992000.0,223954000.0,123054000.0,231803000.0,342808310.0,476966310.0,14.49942669126078,4.315833801235261,0.3250653654443102,0.5753703016049841,0.013496530752213853,14.49942669126078,0.01851508024920576,2.1318659593786147,15.914963324048282,1.1786672924316817,0.0,1.1516976286833422,0.0,0.3123594108757221,2.021336327905671,0.010460413599120432,127.86583737411414,0.11866145943458414,-0.49019707804494506,2.2379598796210414,-0.2756575822338144,-0.3454159886079628,-0.09837924679865803,-0.4738641914997557,-0.15466748017083587,1.6995405736462408,-0.11759040196090599,-0.007750658060729737,Textile Manufacturing,Consumer Cyclical,UFI
2011Q1,2011,Q1,2010-11-05,2010-09-26,10235000.0,174020000.0,9834000.0,0.510001,21163000.0,0.12161245833812205,509322000.0,277030000.0,253200000.0,65615000.0,232292000.0,120410000.0,226418000.0,271375444.89,411850444.89,13.81191987181932,3.858873733140288,0.3273940650511857,0.6019167599176984,0.017785783426405827,13.81191987181932,0.036945457170703536,1.559449746523388,6.628613700293111,0.9795886542612713,0.0,1.2694709741715804,0.0,0.34166990626754784,1.854423531204755,0.02009534243563011,-182.86755046495955,0.12161245833812205,0.8888925925925926,3.834928749181044,-0.19787209227538438,-0.3957414317809343,0.15974353353792198,0.8704312865497076,0.40465647764605056,2.1207101287099106,0.026619546089408093,-0.06861811417062745,Textile Manufacturing,Consumer Cyclical,UFI
2010Q4,2010,Q4,2010-09-10,2010-06-27,5472000.0,176960000.0,7001000.0,0.27,18248000.0,0.10311934900542495,504465000.0,259896000.0,252683000.0,78219000.0,244569000.0,111007000.0,216183000.0,235272281.49,374161281.49,12.95766785909957,3.230455515923241,0.35994568503265834,0.6986640810170222,0.011475256302168819,12.95766785909957,0.021054575676424415,1.329522386358499,10.748916369243421,0.9052554925431712,0.0,1.4297476735701353,0.0,0.35078746791154986,1.7122949666960714,0.010847135083702537,-43.63358336238873,0.10311934900542495,8.000000000000002,1.5200479974381294,-0.2530349104052934,-0.42083871289688096,0.10526953361599031,6.097276264591439,0.24928622412562457,1.0729251526531942,-0.03904405690984296,-0.12822446623474998,Textile Manufacturing,Consumer Cyclical,UFI
2010Q3,2010,Q3,2010-05-06,2010-03-28,771000.0,154687000.0,5604000.0,0.03,16510000.0,0.10673165812253131,497031000.0,255273000.0,251673000.0,60054000.0,241758000.0,106312000.0,210712000.0,211805225.28,340218225.28,12.727178361328859,4.190778299530423,0.3639793091376594,0.7086883454184344,0.0036396867692179485,12.727178361328859,0.0030202959184872664,1.3692503266596416,68.67873712062257,0.8297204376491051,0.0,1.2997309805101964,0.0,0.31122203645245466,2.286009258334166,0.001551211091461096,-231.48112052459015,0.10673165812253131,-0.6666666666666666,1.3460578303112112,-0.35675172392836835,-0.41929271658531625,-0.047646515920627595,-0.6052227342549923,0.05875684866805214,1.0579674634300926,-0.13728020266484658,-0.31423346975755195,Textile Manufacturing,Consumer Cyclical,UFI
2010Q2,2010,Q2,2010-02-05,2009-12-27,1953000.0,142255000.0,5293000.0,0.09,17336000.0,0.12186566377280236,485937000.0,255951000.0,237598000.0,47912000.0,229986000.0,103012000.0,209940000.0,239226971.04,367483971.03999996,12.485833670905638,4.9590499248622475,0.37597260550235934,0.7138045954108404,0.007589946923965489,12.485833670905638,0.00763036674988572,1.681677066113669,30.623012165898615,0.9346592552480748,0.0,1.2126645439366288,0.0,0.2927437095755211,2.5838203372850224,0.004019039505121034,89.93495151879699,0.12186566377280236,-0.25,1.2117142092253819,-0.4270153600198626,-0.43911969972770876,-0.10666804081211996,-0.21534752912816393,-0.31729653037533856,1.1002090839405463,-0.23042437851905404,-0.3935821409554589,Textile Manufacturing,Consumer Cyclical,UFI
2010Q1,2010,Q1,2009-10-30,2009-09-27,2489000.0,142851000.0,7753000.0,0.12,19406000.0,0.13584784145718265,497918000.0,256508000.0,248040000.0,59343000.0,241410000.0,99414000.0,207987000.0,198582192.0,327816192.0,12.400290152905553,4.179768464688338,0.3714145702706068,0.7209677670871864,0.008580302127248583,12.400290152905553,0.009703401063514588,1.390135119810152,19.945981518682203,0.7741754331248928,0.0,1.2417265173919165,0.0,0.28689663759896206,2.296951620241646,0.004998815065934551,17.86453688377114,0.13584784145718265,1.3940110323089046,1.0932750936536877,-0.32977504605742197,-0.43593613344125565,0.5653787206582238,1.3978580562659846,3.727439024390244,1.1894121396928339,-0.29296561969371027,-0.4219856981991634,Textile Manufacturing,Consumer Cyclical,UFI
2009Q4,2009,Q4,2009-09-11,2009-06-28,-6256000.0,139833000.0,1640000.0,-0.30456,12397000.0,0.08865575364899558,476932000.0,244969000.0,224648000.0,48840000.0,231963000.0,89665000.0,205498000.0,88120847.7,235013847.7,11.842463698859765,4.5996723996724,0.397440305955566,0.7737795394519307,0.005425026591982353,11.842463698859765,-0.025537925206862908,0.6301863487159683,-3.521453312819693,0.3597224452889957,0.0,1.4212457480622316,0.0,0.2931927402648596,2.4666052416052415,-0.0131171739367457,11.042712744360903,0.08865575364899558,0.8084530711282124,0.12147115512825657,-0.38334617915851527,-0.4848002173396536,32.325268817204304,0.8104012607588799,1.1676720171761579,0.02463228869224994,-0.35800990886247536,-0.46194244131126744,Textile Manufacturing,Consumer Cyclical,UFI
2009Q3,2009,Q3,2009-05-08,2009-03-29,-32996000.0,119094000.0,-9781000.0,-1.590002,372000.0,0.003123583052042924,483295000.0,238102000.0,228330000.0,51391000.0,245193000.0,101583000.0,211754000.0,36613591.65,212577591.65,11.510494354901672,4.442995855305404,0.41280791235166925,0.8379098033615845,-0.021975375306666396,11.510494354901672,-0.13857926434889248,0.3074343934203234,-0.2774093196902655,0.1537727177848149,0.0,1.1687191754525856,0.0,0.24642092303872376,1.8824696931369307,-0.06827300096214528,3.9272328274160677,0.003123583052042924,-2.5333377777777777,0.44614091830469704,-0.47653418134989667,-0.5136961816236553,-0.8391003460207612,-2.638729598588443,-0.30535166155078075,-12.104750661630323,-0.4479915663422413,-0.48409820556228583,Textile Manufacturing,Consumer Cyclical,UFI
2009Q2,2009,Q2,2009-02-06,2008-12-28,-9068000.0,125727000.0,-7493000.0,-0.45,2312000.0,0.01838904928933324,518708000.0,270395000.0,222754000.0,52334000.0,248313000.0,127107000.0,244750000.0,158796633.6,347992633.6,13.077315009277376,4.256391638323079,0.38907246466219914,0.7463710497605355,-0.016991690426084793,13.077315009277376,-0.03353612307919895,1.263027302011501,-4.377939832377591,0.5872765162077701,0.0,0.9709536060169778,0.0,0.2423849256228938,1.552145832537165,-0.017481897329518728,-10.684741865159467,0.01838904928933324,-14.000000000000002,0.18784812780259483,-0.4346711085138285,-0.5180752947185164,-0.8277839851024209,-12.414201183431953,-4.226959517657192,-1.0223745013283883,-0.45057270335655325,-0.40961794564128806,Textile Manufacturing,Consumer Cyclical,UFI
2009Q1,2009,Q1,2008-11-07,2008-09-28,-676000.0,169009000.0,2322000.0,-0.03,13425000.0,0.07943363962865883,570673000.0,292979000.0,261005000.0,78519000.0,277694000.0,127994000.0,253818000.0,287940843.27000004,473791843.27000004,14.377235348019546,3.3240998993874094,0.36141012453716925,0.7039651306066305,-0.002026265371666627,14.377235348019546,-0.002307332607456507,1.7037012423598745,-106.48699825073966,0.9828036933363825,0.0,1.2155569792334016,0.0,0.2961573440481677,1.4728027611151442,-0.0011845662927806291,-266.3652574190565,0.07943363962865883,-1.7692307692307694,0.8771369260549464,-0.22358078670741838,-0.47944477725962564,-0.24735101194146997,-1.8767833981841764,-0.6843393148450244,0.8157053879443166,-0.2332285465872509,-0.37100940875944305,Textile Manufacturing,Consumer Cyclical,UFI
2008Q4,2008,Q4,2008-09-12,2008-06-29,771000.0,189605000.0,7356000.0,0.039,17837000.0,0.09407452335117744,591531000.0,305669000.0,265898000.0,80570000.0,285862000.0,122890000.0,254494000.0,154057521.23999998,347980521.24,14.999966385282859,3.3002109966488766,0.3620621742562943,0.7006631356140138,0.01648859463389266,14.999966385282859,0.0025223362526131205,0.8125182418185173,49.953800661478596,0.504001129457027,0.0,1.3977378143054764,0.0,0.32053265171225176,1.5330768276033262,0.0013033974550784322,16.671087678822637,0.09407452335117744,64.65656565656566,1.0209748022588165,-0.23719347514175487,-0.47171511494292695,0.3279481834425253,63.25,0.3462664714494876,1.072121268918227,-0.21225324545641122,-0.32955529245926907,Textile Manufacturing,Consumer Cyclical,UFI
2008Q3,2008,Q3,2008-05-02,2008-03-23,12000.0,169836000.0,5464000.0,0.000594,13432000.0,0.07908806142396194,608284000.0,296560000.0,285439000.0,89585000.0,311724000.0,128903000.0,253723000.0,169649029.20000002,375961029.20000005,14.683868288236571,3.18623653513423,0.38222113354946047,0.7839863771243594,0.00047362124023956525,14.683868288236571,4.046398705152414e-05,0.9988991097293861,3534.354775,0.5720563434043702,0.0,1.2133464698261482,0.0,0.2792051081402766,1.3987832784506335,1.9727627226755922e-05,260.59758709677425,0.07908806142396194,1.001523076923077,-0.9906868785018722,-0.31344994515362357,-0.47525441449176664,0.614423076923077,1.0015491866769946,1.7092419522326063,1.0053490444600361,-0.2986170150981825,-0.33001416169431563,Textile Manufacturing,Consumer Cyclical,UFI
2008Q2,2008,Q2,2008-02-01,2007-12-23,-7746000.0,183369000.0,-7704000.0,-0.39,8320000.0,0.04537299107264587,612626000.0,294947000.0,283248000.0,89572000.0,317679000.0,121080000.0,253711000.0,146538112.38,359970112.38,14.612684613045785,3.1622381994373243,0.390461717263061,0.8110168945607177,-0.008322887764152,14.612684613045785,-0.026262345438332987,0.7991433250985717,-4.729476903563129,0.4968286247359695,0.0,1.4457300958044268,0.0,0.2993163855272222,1.3958938061001205,-0.012643929575303692,-20.17042152512044,0.04537299107264587,0.13333333333333333,-2.1980248501697175,-0.1861546725093349,-0.46690247971804383,-0.24315473483125624,0.15694383979103177,-0.21380179612415315,0.147193367443321,-0.24988703858396205,-0.34357871892466674,Textile Manufacturing,Consumer Cyclical,UFI
2008Q1,2008,Q1,2007-11-02,2007-09-23,-9188000.0,170536000.0,-6347000.0,-0.45,10993000.0,0.06446146268236619,655695000.0,299244000.0,304177000.0,106629000.0,356451000.0,139585000.0,261457000.0,158606774.94,367208774.94,14.829491620958622,2.852666722936537,0.36977710673407604,0.810245151114141,-0.006668626229803588,14.829491620958622,-0.030704040849607678,0.9300486404043721,-4.315595748258598,0.5300249125797009,0.0,1.1429809793315902,0.0,0.26008433799251174,1.1934370574609159,-0.014012612571393713,-67.52097698595146,0.06446146268236619,0.8776206184781987,-2.8971869597434314,-0.3122041291181065,-0.4553613484854053,-0.11738257727820152,0.878290127299943,-0.7052659860290167,0.6470349840537813,-0.17979339998608013,-0.3254367212642647,Textile Manufacturing,Consumer Cyclical,UFI
2007Q4,2007,Q4,2007-09-07,2007-06-24,-75491000.0,185267000.0,-3722000.0,-3.67709,12455000.0,0.06722729897931094,660930000.0,299931000.0,295091000.0,101343000.0,360999000.0,124127000.0,265777000.0,163449729.9,370765729.9,14.863536951002327,2.9118044660213336,0.374240842449276,0.8246796763255548,-0.005485681426814622,14.863536951002327,-0.25169455641464206,0.8822387683721332,-0.5412887956842537,0.5449577732878562,0.0,1.3922192593070002,0.0,0.28031258983553475,1.3224396356926478,-0.11421935757190625,13.961709225249852,0.06722729897931094,-4.571340043424177,-0.7077688973771901,-0.3547482727994526,-0.46193694812339037,-0.07397769516728625,-4.710795067705575,-3721.0,-9.867367216373655,-0.16247129732206642,-0.3533701093415438,Textile Manufacturing,Consumer Cyclical,UFI
2007Q3,2007,Q3,2007-05-04,2007-03-25,-13219000.0,178202000.0,-1000.0,-0.660001,13450000.0,0.07547614504887712,754252000.0,369962000.0,288047000.0,97369000.0,384290000.0,129059000.0,341268000.0,168046258.59,393906258.59000003,18.559054430418545,2.9583029506311043,0.3349543653845134,0.6828809445294381,-1.3973412688550297e-06,18.559054430418545,-0.03573069666614409,0.9430099470825244,-3.1781197252061424,0.4542257274801196,0.0,1.2765634322286705,0.0,0.23626321176476828,1.2963263461676715,-0.01752597275181239,-17.860161397598045,0.07547614504887712,0.3124996744795058,-2.3168707949220266,-0.2500247469616263,-0.3821129178987036,4.133587786259542,0.20088260186192722,0.9998519834221433,0.769747484760912,-0.1872091344124809,-0.21590343935805217,Textile Manufacturing,Consumer Cyclical,UFI
2007Q2,2007,Q2,2007-02-02,2006-12-24,-16542000.0,156895000.0,-6756000.0,-0.960001,2620000.0,0.01669906625450142,693609000.0,358243000.0,267172000.0,87516000.0,335366000.0,115386000.0,354487000.0,,,,,,,,,,,,,,,,,,,,,,,,,,,,,,,Textile Manufacturing,Consumer Cyclical,UFI
2007Q1,2007,Q1,2006-11-03,2006-09-24,-11053000.0,169944000.0,-3859000.0,-0.630001,9040000.0,0.05319399331544509,711457000.0,373272000.0,271499000.0,89495000.0,338185000.0,115513000.0,371029000.0,,,,,,,,,,,,,,,,,,,,,,,,,,,,,,,Textile Manufacturing,Consumer Cyclical,UFI
