Quarters,Year,Quarter,FillingDate,Date,NetIncome,Revenue,OperatingIncome,EPSDiluted,GrossProfit,GrossProfitRatio,TotalAssets,CommonStockEquity,CurrentAssets,CurrentLiability,TotalLiability,Inventory,RetainedEarnings,MarketCap,EnterpriseValue,bookValuePerShare,currentRatio,debtToAssets,debtToEquity,roic,shareholdersEquityPerShare,roe,priceToSalesRatio,peRatio,pbRatio,payoutRatio,inventoryTurnover,dividendYield,assetTurnover,quickRatio,returnOnAssets,priceToFreeCashFlowsRatio,grossProfitMargin,epsdilutedGrowth,fiveYNetIncomeGrowthPerShare,fiveYRevenueGrowthPerShare,fiveYShareholdersEquityGrowthPerShare,grossProfitGrowth,netIncomeGrowth,operatingIncomeGrowth,threeYNetIncomeGrowthPerShare,threeYRevenueGrowthPerShare,threeYShareholdersEquityGrowthPerShare,Industry,Sector,Symbol
2023Q1,2023,Q1,2023-05-10,2023-04-04,28050000.0,866114000.0,33926000.0,0.56,348362000.0,0.4022126418,2742488000.0,299839000.0,313636000.0,626695000.0,2442649000.0,58989000.0,1184199000.0,1679456060.0,3390345060.0,6.157616954860969,0.5004603515266597,0.6662027327011094,6.093446816458166,0.008519967668145688,6.157616954860969,0.0935502052768319,1.9390704456919066,14.968414081996436,5.601192840157551,0.46994652406417114,8.777094034481005,0.007848969862301726,0.315813232364189,0.32912341729230327,0.010227939010125113,62.45420624000595,0.4022126417538569,9.308605341246292,0.008108741430312904,0.37166072386060234,-0.5279450152933023,-0.015103023997466809,9.505154639175258,0.2851244365316868,1.1851844921848418,0.26577337458372335,-0.35666820146232275,Restaurants,Consumer Cyclical,CAKE
2022Q4,2022,Q4,2023-02-27,2023-01-03,-3298000.0,892802000.0,26399000.0,-0.0674,353704000.0,0.3961729476,2775220000.0,292003000.0,345768000.0,656678000.0,2483217000.0,55559000.0,1170078000.0,1583564850.0,3309415850.0,5.965210108067251,0.5265411662945919,0.6632367884347907,6.303455786413153,0.0014390675744543374,5.965210108067251,-0.01129440450954271,1.7737021758463802,-120.03978547604609,5.423111577620778,-4.22134627046695,9.703162403930957,0.008791556594603624,0.3217049459141978,0.3682322234032509,-0.001188374255014017,55.70636542723467,0.39617294764124633,-0.3954451345755693,-1.0533860683254745,0.45928001095594023,-0.5551736220654494,0.20641092545030987,-0.37531276063386154,24.48665480427046,-1.0604368295760032,0.14825183195714733,-0.5441232400944999,Restaurants,Consumer Cyclical,CAKE
2022Q3,2022,Q3,2022-11-02,2022-09-27,-2398000.0,784001000.0,-1124000.0,-0.0483,293187000.0,0.3739625332,2734074000.0,323496000.0,317738000.0,606168000.0,2410578000.0,62275000.0,1187280000.0,1448874540.0,3145667540.0,6.515135037157876,0.5241748162225653,0.6693125350667173,5.656793283379083,-0.00021779116849665573,6.515135037157876,-0.007412765536513589,1.8480519029950218,-151.0503065054212,4.478802025372802,-5.864053377814845,7.8813970293055,0.009705464215003736,0.2867519313668906,0.370375869395943,-0.0008770794060438744,-70.6837028002732,0.3739625332110546,-1.0966,-1.0851068799773318,0.32487851992957884,-0.4795343467716598,-0.09493983490871823,-1.0934674150296226,-1.0402261828072437,-1.1311143287178713,0.17592321606557854,-0.46686849271447406,Restaurants,Consumer Cyclical,CAKE
2022Q2,2022,Q2,2022-08-01,2022-06-28,25656000.0,832643000.0,27942000.0,0.5,323942000.0,0.3890526912,2772433000.0,361684000.0,391679000.0,623504000.0,2410749000.0,52286000.0,1203731000.0,1409828260.0,3022703260.0,7.178121340822037,0.6281900356693783,0.6520503831832907,4.9981917917297976,0.0076170442075288525,7.178121340822037,0.0709348492053837,1.6931965560270128,13.737802658247585,3.897955839904447,0.5569067664483941,9.729200933328233,0.010134567738059102,0.30032934970836084,0.49080679514485875,0.009253965740560728,38.54833511060072,0.38905269124943104,0.11111111111111108,-0.3631994478129937,0.3841237891611122,-0.46509054543789846,0.04684500688326881,0.10762854552519104,-0.01338229582288761,-0.3667167405609784,0.21103588112106583,-0.4132258906649985,Restaurants,Consumer Cyclical,CAKE
2022Q1,2022,Q1,2022-05-02,2022-03-29,23163000.0,793710000.0,28321000.0,0.45,309446000.0,0.3898728755,2753741000.0,355326000.0,367321000.0,594436000.0,2398415000.0,46680000.0,1192335000.0,2013320000.0,3642801000.0,7.059503705322552,0.6179319556689029,0.6583905312809012,5.102460838779037,0.006948435074347867,7.059503705322552,0.06518802451832964,2.5365939700898315,21.729914087121703,5.666120689169945,0.0,10.374121679520137,0.0,0.28822972095051785,0.4826423702467549,0.008411466437838562,470.4018691588785,0.3898728754834889,9.895883777239709,-0.37445614178580156,0.3331812705184284,-0.46413761861994246,-0.000723350663609649,9.977725118483413,27.928498467824312,-0.2452588875492128,0.16411519380313092,-0.4238417825203238,Restaurants,Consumer Cyclical,CAKE
2021Q4,2021,Q4,2022-02-22,2021-12-28,2110000.0,776693000.0,979000.0,0.0413,309670000.0,0.3987032199,2798125000.0,330166000.0,405589000.0,636273000.0,2467959000.0,42839000.0,1169150000.0,1992637379.9999998,3619114380.0,6.571383078239755,0.6374449332283469,0.6490431985704713,5.500578496877329,-0.001125356369228777,6.571383078239755,0.006390724665774186,2.565540541758455,236.0944763033175,6.035259172658601,0.0,10.901818436471439,0.0,0.277576234085325,0.5128364711373892,0.0007540763904400268,26.240665024954893,0.39870321993374475,-0.93546875,-0.9385216131617571,0.21494663843051526,-0.48358810150114456,0.014982022228850308,-0.9354345165238678,-0.9687988016700131,-0.8837156426566246,0.22007346028454286,-0.48451617718514534,Restaurants,Consumer Cyclical,CAKE
2021Q3,2021,Q3,2021-11-04,2021-09-28,32680000.0,754474000.0,31377000.0,0.64,305099000.0,0.40438636719091714,2717718000.0,321946000.0,310187000.0,557108000.0,2395772000.0,43270000.0,1167001000.0,2443315920.0,4138054920.0,6.411734246793595,0.5567807319227152,0.6718022252492716,5.67104110627248,0.009880874458828664,6.411734246793595,0.10150770626129847,3.2384362085373386,18.691217258261933,7.589210364471059,0.0,10.38537092673908,0.0,0.27761305624792565,0.4257756126280721,0.012024794331126335,-82.25545111769459,0.40438636719091714,0.7297297297297298,-0.09990352653462219,0.2829180982667809,-0.4799644581702476,-0.06181119311193112,-0.03069850215037817,-0.23690354589230994,0.035881981557109276,0.17232579998918696,-0.5262742656593961,Restaurants,Consumer Cyclical,CAKE
2021Q2,2021,Q2,2021-08-04,2021-06-29,33715000.0,768956000.0,41118000.0,0.37,325200000.0,0.4229110638320008,2722290000.0,284608000.0,328264000.0,597152000.0,2437682000.0,41868000.0,1134186000.0,2384953950.0,4031262950.0,6.259110202106838,0.5497159852097958,0.6641750144180084,6.352867804137621,0.011081251307229405,6.259110202106838,0.11846118169552507,3.101548007948439,17.68466520836423,8.379785353890263,0.49885807504078306,10.598929970383109,0.007052127777980786,0.2824665998111884,0.4259501768393977,0.012384793684728666,27.9632068613772,0.4229110638320008,13.333333333333334,-0.07315859913214469,0.45947841005758316,-0.49418874129498763,0.2421221496505099,7.716390899689762,3.6492537313432836,0.18681449511517084,0.2938238435983077,-0.5364465694125895,Restaurants,Consumer Cyclical,CAKE
2021Q1,2021,Q1,2021-05-03,2021-03-30,3868000.0,627417000.0,8844000.0,-0.03,261810000.0,0.4172822859437981,2735439000.0,529999000.0,343815000.0,557957000.0,2205440000.0,38955000.0,1114047000.0,2634990070.0,4082639070.0,11.99391251216366,0.6162033991866757,0.5955146504820615,3.0735793841120453,0.0015856309282009395,11.99391251216366,0.007298126977598071,4.1997428663871075,170.30701072905896,4.971688757903317,0.5633402275077559,9.38536773199846,0.0008269480878916556,0.22936610905964272,0.49131563901877745,0.0014140326287663517,189.09150125583065,0.4172822859437981,0.9647058823529412,-0.8749210468684936,0.2441592288520711,-0.006215166225226349,0.2512964140113081,1.1196893275984776,1.2278735410064157,-0.84681287754077,0.09493718300883358,-0.0805231587142914,Restaurants,Consumer Cyclical,CAKE
2020Q4,2020,Q4,2021-02-24,2020-12-29,-32317000.0,554552000.0,-38811000.0,-0.85,209231000.0,0.3772973499329188,2747054000.0,506941000.0,341359000.0,586067000.0,2240113000.0,39288000.0,1110087000.0,1624457439.9999998,3107212440.0,11.540270442542342,0.5824572958381892,0.5958528663797654,3.2288570070284313,-0.008870664863741063,11.540270442542342,-0.06374903588386026,2.9293149064470057,-12.566586007364545,3.204430969284394,0.0,8.789477703115455,0.0,0.20187153219412504,0.45517150769451276,-0.011764239072111432,69.5252488765247,0.3772973499329188,-0.1184210526315789,-2.3201148470224,0.16953249169262985,-0.04295633805133285,0.051639298943992926,-0.1400903125661469,-0.11340294910780882,-1.5829461822686381,0.010057022831954065,-0.13944075592594546,Restaurants,Consumer Cyclical,CAKE
2020Q3,2020,Q3,2020-11-06,2020-09-29,-28346000.0,517716000.0,-34858000.0,-0.76,198957000.0,0.38429756855109753,2828063000.0,532202000.0,411019000.0,540377000.0,2295861000.0,37727000.0,1150726000.0,1187495000.0,2685106000.0,12.123052391799545,0.7606152741511945,0.6157497198612619,3.2720264110243855,-0.007184649714518672,12.123052391799545,-0.053261731447833714,2.2937189501580018,-10.473214915684753,2.2312862409385907,0.0,8.449094812733586,0.0,0.183063814349256,0.6312333796590158,-0.010023114760880504,-196.73542080848244,0.38429756855109753,0.5279503105590062,-2.204954831774816,0.09375595408539832,0.021824007072214654,0.9718235877106045,0.4986469516616849,0.5835861904193047,-2.137858470173408,-0.01046307992982019,-0.031542347743598084,Restaurants,Consumer Cyclical,CAKE
2020Q2,2020,Q2,2020-08-03,2020-06-30,-56539000.0,295851000.0,-83710000.0,-1.61,100900000.0,0.34105005560231333,2867281000.0,556008000.0,454605000.0,532672000.0,2311273000.0,40511000.0,1184919000.0,1005592080.0000001,2493822080.0,12.672835848110498,0.8534426438784092,0.6062834441409823,3.1265467403346716,-0.015001575345170215,12.672835848110498,-0.10168738579301018,3.3989815143433693,-4.446453244662977,1.8085928260025037,0.0,4.812297894399052,0.0,0.1031817251256504,0.7091643638111258,-0.019718681217501876,-61.12278628738148,0.34105005560231333,-16.88888888888889,-2.798100200642111,-0.38251693883771315,0.11817578644483566,-0.5746546440209258,0.5847697245213458,0.5595555041092719,-2.6116616726956003,-0.4351925586196001,-0.055627595382564954,Restaurants,Consumer Cyclical,CAKE
2020Q1,2020,Q1,2020-06-22,2020-03-31,-136163000.0,615106000.0,-190058000.0,-0.09,237219000.0,0.3856554805188049,2675782000.0,418971000.0,270658000.0,507126000.0,2256811000.0,47822000.0,1255794000.0,747642839.9999999,2387390840.0,9.57144815297101,0.5337095711913804,0.6430908796008046,4.1071362934427444,-0.03881154262699151,9.57144815297101,-0.3249938539898943,1.2154699190058298,-1.3726982366722236,1.7844739612049518,-0.11597129910474946,7.901948893814562,0.02112104758469967,0.22987896622370582,0.35562562361227784,-0.050887179897316,-15.294536751017734,0.3856554805188049,-1.0818181818181818,-6.387268348229034,0.3354334608197491,-0.06979108688184493,-0.16758545426473015,-3.795438214703648,-30.75700641928918,-5.228327063907991,0.1880201842873277,-0.273464649272756,Restaurants,Consumer Cyclical,CAKE
2019Q4,2019,Q4,2020-03-12,2019-12-31,48709000.0,694030000.0,6387000.0,1.1,284977000.0,0.4106119332017348,2840593000.0,571742000.0,244515000.0,614587000.0,2268851000.0,47225000.0,1408333000.0,1697948840.0,3247482840.0,13.085137547489358,0.39785254162551437,0.5660613822536351,2.812369915101567,0.0015720831291258165,13.085137547489358,0.08519402107943792,2.4465064046222786,8.714759284731775,2.9697815448226645,0.3229793262025498,8.661789306511382,0.009265296827200047,0.24432574465965382,0.2495073927694533,0.017147475896758177,23.02490833152528,0.4106119332017348,2.055555555555556,1.239840082667689,0.5639324992257575,0.15678531753496158,0.18742890476884935,2.0272840273461776,-0.7631286159323543,0.6319354643258266,0.24835991529026388,0.02829505487111061,Restaurants,Consumer Cyclical,CAKE
2019Q3,2019,Q3,2019-11-08,2019-10-01,16090000.0,586536000.0,26964000.0,0.36,239995000.0,0.409173520465922,2381770000.0,533816000.0,449141000.0,433786000.0,1847954000.0,47778000.0,1375690000.0,1809308440.0,2887715440.0,12.220502724234239,1.035397638466894,0.5813571419574518,2.5938881562186222,0.008792152347498285,12.220502724234239,0.03014147196786908,3.0847355320048555,28.11231261653201,3.389385930732687,0.9759477936606588,7.253149985348905,0.00867900665958315,0.24626055412571324,0.8355917433942082,0.006755480168110271,121.00778758694489,0.409173520465922,-0.5443037974683544,-0.2551767105797256,0.31771064444963926,0.1454309704189593,-0.04111696219524864,-0.5468882005068995,-0.32756427841093294,-0.4905893010573716,0.1464479245910232,-0.008833568108784556,Restaurants,Consumer Cyclical,CAKE
2019Q2,2019,Q2,2019-08-05,2019-07-02,35510000.0,602645000.0,40099000.0,0.79,250286000.0,0.4153124974,2073790000.0,540279000.0,158192000.0,436963000.0,1533511000.0,46011000.0,1375671000.0,1897328400.0,2937979400.0,12.233193705422845,0.3620260754343045,0.5127110266709743,1.9679739541977386,0.014078706739839839,12.233193705422845,0.06572530118697932,3.1483350894805398,13.35770487186708,3.5117567034809793,0.41281329203041395,7.65814696485623,0.007726126905600528,0.29060078407167556,0.1662772362877406,0.01712323812922234,55.58959303858662,0.415312497407263,0.31666666666666676,0.3204463804632139,0.35651517791191806,0.18572150609247792,0.017488942370235464,0.3159650163059591,0.3300716465437177,0.00505355438387281,0.1776439712740422,-0.01141106222424917,Restaurants,Consumer Cyclical,CAKE
2019Q1,2019,Q1,2019-05-06,2019-04-02,26984000.0,599481000.0,30148000.0,0.6,245984000.0,0.4103282673,2076080000.0,542244000.0,157516000.0,446636000.0,1533836000.0,42028000.0,1355060000.0,2133091000.0000002,3170499000.0,12.252717207095243,0.3526719744937712,0.5105472814149744,1.9547233348824515,0.01072829552569947,12.252717207095243,0.049763575069525896,3.5582295352146276,19.76255373554699,3.933821305537729,0.5420990216424548,8.410987912820024,0.006857653986632544,0.288756213633386,0.1538545930019076,0.012997572347886401,106.2878568937167,0.4103282672845345,0.7142857142857143,0.3740654672435742,0.42781612779560524,0.2372972404452141,0.06583012335836319,0.6679441216466807,0.5573118446200733,-0.12872364344518766,0.18698965822004773,0.015228727122492926,Restaurants,Consumer Cyclical,CAKE
2018Q4,2018,Q4,2019-03-04,2019-01-01,16178000.0,567580000.0,19359000.0,0.35,230791000.0,0.40662285492793965,1314133000.0,571059000.0,195230000.0,416500000.0,743074000.0,38886000.0,1384494000.0,1949073960.0,1932495960.0,12.747990892043932,0.4687394957983193,0.007609579852267617,0.017511325449734615,0.03471586067402604,12.747990892043932,0.02832982231258066,3.434007470312555,30.11920447521325,3.413086843916303,0.9149462232661639,8.660931954945225,0.007594375741390542,0.4319045332550054,0.2777887154861945,0.01231077828499855,23.018836701191642,0.40662285492793965,-0.42622950819672134,-0.4380094434838609,0.3695662126033581,0.13385541997398476,-0.04925292588579879,-0.43185250219490784,-0.4220331392745186,-0.3519512115052289,0.17381402503567142,0.05720086427387176,Restaurants,Consumer Cyclical,CAKE
2018Q3,2018,Q3,2018-11-09,2018-10-02,28475000.0,580882000.0,33495000.0,0.61,242747000.0,0.4178938235,1308063000.0,613406000.0,154821000.0,343534000.0,694657000.0,39769000.0,1383305000.0,2359411260.0,2366772260.0,13.53469693960857,0.4506715492498559,0.015289783443152204,0.03260483268830106,0.04985201325933858,13.53469693960857,0.04642113053996864,4.06177375095114,20.7147608428446,3.8464104687596796,0.5242493415276558,8.502476803540446,0.006327002101363202,0.4440779993012569,0.19423113869369554,0.02176882917718795,184.76204072043853,0.4178938235304244,0.0,0.19838286990449291,0.4303182344788806,0.21651226619040181,-0.019287252394746303,0.004302895637145981,-0.030338997770894247,0.1724862376714131,0.18872610058993097,0.14080825640034492,Restaurants,Consumer Cyclical,CAKE
2018Q2,2018,Q2,2018-08-06,2018-07-03,28353000.0,593178000.0,34543000.0,0.61,247521000.0,0.4172794675,1306639000.0,612782000.0,169060000.0,354588000.0,693857000.0,34691000.0,1369912000.0,2553701410.0,2544332410.0,13.50245686710883,0.4767786839938182,0.015306446539556833,0.03263803440701587,0.04892570753428463,13.50245686710883,0.04626930947710605,4.305118210722583,22.51703003209537,4.167389724241247,0.4709554544492646,9.963881121904818,0.005228880693612492,0.45397236727206214,0.2296270601373989,0.021699183936802743,58.045264461870666,0.417279467545998,0.08928571428571416,0.15608028934474596,0.4705335714067459,0.12592850753452675,0.013358825504180006,0.08928502823773483,0.09483059174035688,-0.12827637879767256,0.19688127372609554,0.1913766190357461,Restaurants,Consumer Cyclical,CAKE
2018Q1,2018,Q1,2018-05-11,2018-04-03,26029000.0,590691000.0,31551000.0,0.56,244258000.0,0.4135123102,1287343000.0,594193000.0,163868000.0,344306000.0,693150000.0,40959000.0,1354855000.0,2204716800.0,2209915800.0,13.044279065683176,0.47593710246118276,0.023303812581417695,0.0504886459450044,0.04379046024526419,13.044279065683176,0.04380563217675065,3.7324367562735845,21.175581082638598,3.7104388641401025,0.5058972684313651,8.458043409262922,0.005972649185600618,0.45884507858434,0.20003427183958455,0.020219164589390708,50.1664876672431,0.41351231015878015,-0.5483870967741935,0.1805780723856976,0.4634668230904146,0.17150154608514742,0.015334477842115984,-0.5491877100003464,-0.26576062926159505,-0.010385970947135083,0.2323427279278283,0.2677187880219196,Restaurants,Consumer Cyclical,CAKE
2017Q4,2017,Q4,2018-02-28,2018-01-02,57738000.0,571815000.0,42971000.0,1.24,240569000.0,0.420711244,1333060000.0,613530000.0,208633000.0,397951000.0,719530000.0,42560000.0,1345666000.0,2255981810.0,2259973810.0,13.410198684181767,0.5242680631535038,0.007501537815252127,0.01629912147735237,0.17456585469967717,13.410198684181767,0.09410786758593712,3.945300158267971,9.768184774325402,3.6770521571887276,0.22960615192767328,7.783035714285714,0.005876377168129737,0.4289491845828395,0.27241293526087385,0.04331237903770273,61.85347544759137,0.42071124402123067,1.214285714285714,2.0182325958404985,0.42408697138406626,0.22479102184489938,0.025998729064753725,1.1833238797504253,0.25217822070693824,1.5356584142588612,0.2305988869928514,0.18552219163065278,Restaurants,Consumer Cyclical,CAKE
2017Q3,2017,Q3,2017-11-08,2017-10-03,26445000.0,555392000.0,34317000.0,0.56,234473000.0,0.4221756885,1275328000.0,583359000.0,164641000.0,322814000.0,691969000.0,44195000.0,1301209000.0,1970798580.0,1981003580.0,12.517896227629716,0.5100181528682152,0.02352336026496713,0.051426308670989906,0.04522355196641678,12.517896227629716,0.045332291093477604,3.5484821171352845,18.63110777084515,3.3783632034476194,0.5087918321043675,7.261432288720443,0.00682718170012077,0.43548953680935415,0.22280632190673266,0.020735842073568524,191.91728308501314,0.4221756885227011,-0.282051282051282,0.10635080823146356,0.39073365673679733,0.15142129113652195,-0.05463965326076001,-0.30710580097468954,-0.3166394519893265,0.14746311498890335,0.169561220561888,0.17330574258484183,Restaurants,Consumer Cyclical,CAKE
2017Q2,2017,Q2,2017-08-09,2017-07-04,38166000.0,569869000.0,50218000.0,0.78,248025000.0,0.4352316059,1299315000.0,640531000.0,210492000.0,329905000.0,658784000.0,40246000.0,1288245000.0,2387077320.0,2320763320.0,13.419320372077433,0.6380382231248389,0.0,0.0,0.06150790212533157,13.419320372077433,0.05958493812165219,4.188817640545459,15.636150762458731,3.7267163025677132,0.3011056961693654,7.996918948466928,0.004814255451096993,0.43859187341022,0.3617010957699944,0.02937393934496254,58.16181765021198,0.4352316058602942,0.09859154929577474,0.496608090961948,0.3955254802582802,0.27203303803911477,0.03149485136326585,0.08911908227035356,0.15276725661685375,0.313153050609533,0.18687979110041747,0.30068869548462157,Restaurants,Consumer Cyclical,CAKE
2017Q1,2017,Q1,2017-05-11,2017-04-04,35043000.0,563426000.0,43563000.0,0.71,240452000.0,0.4267676678,1276828000.0,627535000.0,201580000.0,323099000.0,649293000.0,38541000.0,1261592000.0,3024282660.0,2958616660.0,13.1740983331234,0.6238954623814992,0.0,0.0,0.05750013644188799,13.1740983331234,0.05584230361653135,5.3676661353931125,21.57551194247068,4.819305154294183,0.3334474788117456,8.380010897485795,0.0038637261505179545,0.4412700849292152,0.3418580682700968,0.027445356774757446,105.82185030966794,0.42676766780375774,0.07575757575757565,0.9057462072149186,0.45710536284245706,0.31720616693406956,-0.07695969289827255,0.08220870263426083,-0.07599796377211217,0.6578592942919039,0.24674902436760668,0.3303396493545444,Restaurants,Consumer Cyclical,CAKE
2016Q4,2016,Q4,2017-03-02,2017-01-03,32381000.0,603146000.0,47146000.0,0.66,260500000.0,0.4319020602,1293319000.0,603207000.0,221427000.0,376526000.0,690112000.0,34926000.0,1238012000.0,2817160290.0,2763321290.0,12.725080691095501,0.5880789108853041,0.0,0.0,0.0563880216899836,12.725080691095501,0.05368140621710292,4.670776710779811,21.750102606466754,4.670304373125643,0.3496494858095797,9.810628185306076,0.00401894064749862,0.466355168369134,0.35605243728188757,0.02503713314348587,69.67994781103141,0.4319020601976967,-0.05714285714285704,0.28215325247795736,0.49692945832137503,0.3176334996574265,0.06494748848180595,-0.06342916642563776,-0.05826658410402892,0.0629867512540762,0.37534549686754864,0.13181769844295638,Restaurants,Consumer Cyclical,CAKE
2016Q3,2016,Q3,2016-11-03,2016-09-27,34574000.0,560018000.0,50063000.0,0.7,244613000.0,0.4367948887357192,1204379000.0,589531000.0,182897000.0,304103000.0,614848000.0,35541000.0,1216978000.0,2459603600.0,2393758600.0,12.329415455401024,0.6014310940701012,0.0,0.0,0.06169935887885287,12.329415455401024,0.058646619092125776,4.3920081140249065,17.78506681321224,4.172136155689862,0.33163648984786254,8.874398581919474,0.004661726792073325,0.4649848594171768,0.3650703873358698,0.02870691036625514,72.3945136129507,0.4367948887357192,-0.10256410256410266,0.9562201886277918,0.5146050989423835,0.29003002692418933,-0.00853200820369815,-0.10395231307502915,-0.09289726399710092,0.37916685437220676,0.3070194977683504,0.10818034591963605,Restaurants,Consumer Cyclical,CAKE
2016Q2,2016,Q2,2016-08-04,2016-06-28,38585000.0,558862000.0,55190000.0,0.78,246718000.0,0.44146497704263304,1204318000.0,596842000.0,197972000.0,304424000.0,607476000.0,34571000.0,1193914000.0,2269315600.0,2189697600.0,12.374398739426107,0.6503166636007673,0.0,0.0,0.06730849968459404,12.374398739426107,0.0646486004671253,4.060601007046462,14.703353634832187,3.802204938660483,0.24994168718413892,9.029070608313326,0.004249739436859289,0.46404853203223734,0.4125068982734607,0.03203888009645293,39.5302942149912,0.44146497704263304,0.14705882352941171,0.8281273830357626,0.5212878057378206,0.2571753529242234,0.03985467542210721,0.1363904105554574,0.13573692225377618,0.48035342791825303,0.303624215600939,0.031863196560794366,Restaurants,Consumer Cyclical,CAKE
2016Q1,2016,Q1,2016-05-05,2016-03-29,33954000.0,553693000.0,48594000.0,0.68,237262000.0,0.4285082166471312,1192651000.0,585560000.0,189790000.0,306220000.0,607091000.0,35543000.0,1165012000.0,2569998460.0,2516076460.0,12.068922873984913,0.6197831624322383,0.0,0.0,0.060871641139000635,12.068922873984913,0.05798551813648473,4.641558517084377,18.922648730635565,4.388958364642393,0.2927195617600283,8.902765664125145,0.003867317492478186,0.464254002218587,0.3710077721899288,0.02846935105072649,48.26560106672677,0.4285082166471312,0.25925925925925924,1.0006665133758983,0.5936873677112308,0.24215391028607536,0.03790513436309313,0.24830882352941178,0.25258409588864544,0.4458816069325977,0.28794144956829265,0.08390519209696386,Restaurants,Consumer Cyclical,CAKE
2015Q4,2015,Q4,2016-02-25,2015-12-29,27200000.0,526841000.0,38795000.0,0.54,228597000.0,0.4339013098828679,1233346000.0,588539000.0,225396000.0,350226000.0,644807000.0,34010000.0,1140788000.0,2285678640.0,2241824640.0,12.058248647762662,0.6435730071439585,0.0,0.0,0.04852381860035921,12.058248647762662,0.046216138607636875,4.338460066699441,21.00807573529412,3.8836485602483437,0.3588970588235294,8.76930314613349,0.004270941605334336,0.4271639912887381,0.42661024595546876,0.022053827555284566,80.18518295035959,0.4339013098828679,0.03846153846153849,0.5445466666701648,0.569738301060322,0.23363873614921463,-0.0016813548663213702,0.039119804400977995,0.08840197508697116,0.332813711558934,0.2299008850008068,0.1013136367900308,Restaurants,Consumer Cyclical,CAKE
2015Q3,2015,Q3,2015-11-05,2015-09-29,26176000.0,526688000.0,35644000.0,0.52,228982000.0,0.43475833890272797,1175856000.0,579539000.0,187406000.0,290636000.0,596317000.0,36742000.0,1123411000.0,2619718240.0,2590111240.0,11.86412954471012,0.6448134436201984,0.0,0.0,0.04610074480402786,11.86412954471012,0.045166934408210666,4.9739470806245825,25.020230745721275,4.520348483881154,0.3732044621026895,8.102607370311905,0.0037290269811611496,0.44791879277734686,0.31485431949242354,0.022261229266168647,-280.84457975986277,0.43475833890272797,-0.24637681159420283,0.4261861190544208,0.505838423656539,0.2560552605368576,-0.021398441807093497,-0.24616979610643935,-0.2835808895945973,0.04474508498807026,0.25821696712594033,0.09128651573490013,Restaurants,Consumer Cyclical,CAKE
2015Q2,2015,Q2,2015-08-06,2015-06-30,34724000.0,529107000.0,49753000.0,0.69,233989000.0,0.44223380148060787,1174790000.0,549119000.0,207853000.0,298241000.0,625671000.0,36466000.0,1107066000.0,2642275285.0,2605727285.0,11.33349156880147,0.696929664264806,0.021280399050042986,0.04552747218726724,0.06227463450756289,11.33349156880147,0.06323583776922671,4.993839213996413,19.02340805350766,4.8118445819576445,0.2302442114963714,8.092963308287171,0.0030258013029100415,0.45038432400684375,0.36778645457867964,0.029557623064547706,132.81102211610957,0.44223380148060787,0.23214285714285693,1.2078557248195196,0.5442636845512153,0.22753295867043352,0.0626589521871821,0.2216866622101819,0.21189165489355483,0.34143019303827143,0.27647740555376554,0.07431489167296856,Restaurants,Consumer Cyclical,CAKE
2015Q1,2015,Q1,2015-05-08,2015-03-31,28423000.0,517973000.0,41054000.0,0.56,220192000.0,0.42510323897191554,1128726000.0,506504000.0,188776000.0,297775000.0,622222000.0,32525000.0,1080388000.0,2428269250.0,2413791250.0,10.289568308786185,0.633955167492234,0.0221488651807436,0.0493579517634609,0.056064410884900974,10.289568308786185,0.056116042518913965,4.6880228313058785,21.358312370263516,4.794175860407815,0.2970481652183091,9.155449654112221,0.003476962037879449,0.45890056577061217,0.3176760977247922,0.02518148780129101,59.7360209102091,0.42510323897191554,0.16666666666666682,0.8407452424614092,0.5444116192275502,0.1511220958937085,0.0444153527994384,0.16078575512537777,0.17998390434582662,0.49577072164148006,0.2962612009343696,0.028797758199910203,Restaurants,Consumer Cyclical,CAKE
2014Q4,2014,Q4,2015-03-02,2014-12-30,24486000.0,499673000.0,34792000.0,0.48,210828000.0,0.4219319434910431,1176452000.0,556510000.0,239462000.0,322011000.0,619942000.0,33255000.0,1060211000.0,2486958900.0,2428940900.0,11.31163868449937,0.7436454034178956,0.0,0.0,0.04649981750234662,11.31163868449937,0.043999209358322404,4.977172871057672,25.39164114187699,4.468848538211353,0.33104631217838765,8.685761539618102,0.003259402477459519,0.4247287607144193,0.47482228867957926,0.020813428852175863,47.68674068108606,0.4219319434910431,0.0,2275.1205865153993,0.5058038543531753,0.3018686563974604,-0.004622132412998626,0.010857449531437064,0.01805413313825896,-0.06583002080782067,0.19487684584257742,0.1712769787893657,Restaurants,Consumer Cyclical,CAKE
2014Q3,2014,Q3,2014-11-07,2014-09-30,24223000.0,499114000.0,34175000.0,0.48,211807000.0,0.4243659765103764,1105514000.0,522574000.0,173852000.0,262640000.0,582940000.0,37166000.0,1043902000.0,2228635500.0,2231494500.0,10.668912435434148,0.6619402985074627,0.022613915337119206,0.04784011451009809,0.04609982124373446,10.668912435434148,0.04635324375112424,4.465183304816134,23.00123333195723,4.264727100850789,0.33393881847830575,7.730371845234892,0.0036295751368943014,0.45147686958283656,0.30554371002132197,0.02191107484844154,279.1377129258517,0.4243659765103764,-0.18644067796610167,0.8055924846162803,0.509747687728136,0.24219279561833576,-0.014677012681311115,-0.19388332390428967,-0.19947998407158418,0.33792740872831,0.3177520266467271,0.11629115314674682,Restaurants,Consumer Cyclical,CAKE
2014Q2,2014,Q2,2014-08-08,2014-07-01,30049000.0,496406000.0,42691000.0,0.59,214962000.0,0.43303666756646775,1080521000.0,509138000.0,163415000.0,254913000.0,571383000.0,36379000.0,1027838000.0,2312000650.0,2311423650.0,10.317088492168027,0.6410618524751582,0.023136986694381693,0.0491026008665627,0.05836798478212007,10.317088492168027,0.0590193621375737,4.6574792609275475,19.23525450098173,4.5410098048073415,0.23039036240806682,7.736441353528134,0.0029943763207852035,0.45941356068044953,0.2707080454900299,0.02780973252717902,136.20033284241532,0.43303666756646775,0.3720930232558139,1.1806248369523509,0.4631326465406333,0.25255515583617394,0.06091728811217112,0.33444355626609823,0.290811235751217,0.3914733315729421,0.3206895449246419,0.04816319882814092,Restaurants,Consumer Cyclical,CAKE
2014Q1,2014,Q1,2014-05-09,2014-04-01,22518000.0,481431000.0,33073000.0,0.43,202619000.0,0.4208682033354728,1073756000.0,502518000.0,166515000.0,258448000.0,571238000.0,34655000.0,1004773000.0,2476356000.0,2469891000.0,9.902808158439255,0.6442882127159042,0.0232827569764453,0.04974946171082429,0.0445608568091393,9.902808158439255,0.044810335152173655,5.143740224455841,27.493072208899545,4.927895120174799,0.3203659294786393,8.045361419708556,0.002913151420878097,0.4483616389570815,0.28229276295425,0.02097124486382381,53.053023973263066,0.4208682033354728,-0.3064516129032258,1.6271006754326105,0.43265125417066536,0.26188567102019933,-0.03074442945571788,-0.31763636363636366,-0.2545417662173737,0.268595617901789,0.32488377675753544,0.01921372812259019,Restaurants,Consumer Cyclical,CAKE
2013Q4,2013,Q4,2014-02-27,2013-12-31,33000000.0,475075000.0,44366000.0,0.62,209046000.0,0.4400273641004052,1124114000.0,577353000.0,225903000.0,264247000.0,546761000.0,35478000.0,989451000.0,2478761040.0,2417010040.0,11.243047982551799,0.8548933384295754,0.0,0.0,0.05874091934080114,11.243047982551799,0.05715740630082462,5.21762045992738,18.778492727272727,4.2933197541192305,0.21881818181818183,7.498421557021253,0.0029131489011946063,0.4226217269778688,0.4988590220513383,0.029356453171119654,166.9424191810345,0.4400273641004052,0.24,4.391501923579627,0.37261320343279697,0.47566774827003544,0.013020997388047044,0.20082966413158182,0.1484559032901038,0.7810647963805998,0.3453755039106718,0.15023830647526498,Restaurants,Consumer Cyclical,CAKE
2013Q3,2013,Q3,2013-11-08,2013-10-01,27481000.0,469699000.0,38631000.0,0.5,206359000.0,0.43934306864609035,1101138000.0,583171000.0,216091000.0,236985000.0,517967000.0,37046000.0,963738000.0,2337229440.0,2254604440.0,11.12582036019536,0.9118340823258856,0.0,0.0,0.048027227876592395,11.12582036019536,0.04712339948317046,4.976015363030366,21.26223063207307,4.007794351913933,0.26800334776754847,7.1084597527398365,0.003151166879020658,0.4265577974786085,0.5339662847859569,0.024956908216772104,73.78549816896073,0.43934306864609035,-0.03846153846153849,1.7737838169697095,0.37891087020398895,0.5129465352766942,0.0016989549000286394,-0.038554385473883075,-0.061671119747388876,0.3953667387473415,0.25149032874065397,0.17789047553365236,Restaurants,Consumer Cyclical,CAKE
2013Q2,2013,Q2,2013-08-09,2013-07-02,28583000.0,470118000.0,41170000.0,0.52,206009000.0,0.4382070033,1124887000.0,634296000.0,261702000.0,218358000.0,490591000.0,35690000.0,943691000.0,2241034040.0,2110411040.0,11.992286168040536,1.1984997114829774,0.0,0.0,0.046498044915689284,11.992286168040536,0.0450625575441119,4.766960720499959,19.601109400692717,3.5331044811885928,0.22216002518979813,7.400084057158868,0.0028335134079444865,0.41792464487544084,0.7845510583537127,0.025409663370631896,110.90933584083936,0.4382070033480956,0.10638297872340435,0.8523821591630537,0.4293822758525132,0.5406861118734422,0.041807001041761487,0.13012019610944173,0.11914535025960257,0.6647978564039236,0.2568909147490498,0.2988871462701472,Restaurants,Consumer Cyclical,CAKE
2013Q1,2013,Q1,2013-05-10,2013-04-02,25292000.0,463018000.0,36787000.0,0.47,197742000.0,0.4270719497,1071108000.0,581842000.0,211112000.0,223747000.0,489266000.0,33837000.0,921518000.0,1977851750.0,1890711750.0,11.134666539087169,0.9435299691169043,0.0,0.0,0.045073947041543515,11.134666539087169,0.043468845494137584,4.27165196601428,19.550171496916022,3.39929353673334,0.2473114028151194,7.839820315039749,0.0031625221657791084,0.4322794713511616,0.5449994860266283,0.023612931655818088,65.68317448193412,0.42707194968662127,0.17499999999999988,1.3006487529657211,0.5325049382481061,0.41941245342392103,-0.6253048370318016,0.14241835674601383,0.3051514936493295,0.5429960613879656,0.30050397990110717,0.24566554192627493,Restaurants,Consumer Cyclical,CAKE
2012Q4,2012,Q4,2013-02-28,2013-01-01,22139000.0,464695000.0,28186000.0,0.4,527741000.0,1.1356717847190092,1092167000.0,579726000.0,230207000.0,253034000.0,512441000.0,28836000.0,902532000.0,1731929080.0,1648360080.0,10.948968799576944,0.9097868270667183,0.0,0.0,0.03963573144862329,10.948968799576944,0.03818873053821978,3.7270232733298183,19.557444780703737,2.987495954985631,0.28817923122092237,-2.1863642668886114,0.003683753609587755,0.4254798029971607,0.5778946702814641,0.020270709516035552,35.747468059196265,1.1356717847190092,-0.18367346938775503,1.2120643066688115,0.5228963798667666,0.37123227630305683,5.368376594383907,-0.1849574789235357,-0.2832367002339538,1911.519755231548,0.3012130469781618,0.26012858946562173,Restaurants,Consumer Cyclical,CAKE
2012Q3,2012,Q3,2012-11-09,2012-10-02,27163000.0,453819000.0,39324000.0,0.49,82869000.0,0.1826036371,1049123000.0,575743000.0,185703000.0,200174000.0,473380000.0,30953000.0,886826000.0,1879479420.0,1823048420.0,10.871690773820763,0.9277078941321051,0.0,0.0,0.04932388021833289,10.871690773820763,0.047179036479818255,4.141473627150913,17.298157604093806,3.264441634548749,0.0,11.98429877556295,0.0,0.43256987026306737,0.5214113721062675,0.025891149083567894,92.98369465195667,0.18260363713286576,-0.057692307692307744,0.9768748848769708,0.6291734391728006,0.3055691548396069,-0.06651722351138847,-0.04352265924856509,-0.040175738345130586,0.8726888084533233,0.2696481025295137,0.26580249272436135,Restaurants,Consumer Cyclical,CAKE
2012Q2,2012,Q2,2012-08-10,2012-07-03,28399000.0,454749000.0,40970000.0,0.52,88774000.0,0.1952153826,1012752000.0,560759000.0,165196000.0,185990000.0,451993000.0,31476000.0,866098000.0,1711059449.9999998,1662643449.9999998,10.549506161226601,0.8881982902306576,0.0,0.0,0.051701358592422655,10.549506161226601,0.05064385948330745,3.7626458771762,15.062673421599351,3.0513276648257093,0.0,11.62711272080315,0.0,0.44902305796483244,0.47221893650196245,0.028041415864890912,115.9018796992481,0.19521538255169335,0.4054054054054055,0.617721514306545,0.6457510987396544,0.32703701632244764,0.11963979416809606,0.3704758227970273,0.35576954895926405,0.9133226488428097,0.24437897727023178,0.28077202631351217,Restaurants,Consumer Cyclical,CAKE
2012Q1,2012,Q1,2012-05-11,2012-04-03,20722000.0,435754000.0,30219000.0,0.37,79288000.0,0.1819558742,1000347000.0,536883000.0,152588000.0,202960000.0,463464000.0,33252000.0,837699000.0,1591075200.0,1549775200.0,10.001546199701938,0.7518131651556957,0.0,0.0,0.04012103558949958,10.001546199701938,0.038596863748712476,3.6513151915989295,19.19548306148055,2.9635417772587322,0.0,10.720137134608445,0.0,0.4356028458125031,0.3523551438707134,0.020714811960249793,66.87437794216544,0.18195587418589387,-0.30188679245283023,0.6153793844843894,0.7534081964592615,0.4330530338394732,-0.08356642548371437,-0.3079286620800214,-0.20857449650367965,1.285384725058157,0.22582525529378977,0.2744675687466336,Restaurants,Consumer Cyclical,CAKE
2011Q4,2011,Q4,2012-02-29,2012-01-03,29942000.0,477696000.0,38183000.0,0.53,86518000.0,0.1811151862,1022570000.0,542753000.0,176395000.0,223240000.0,479817000.0,28210000.0,816977000.0,1650032000.0,1601821000.0,9.657526690391459,0.790158573732306,0.0,0.0,0.05606253717388068,9.657526690391459,0.05516689912354238,3.454146570203644,13.776902010553737,3.0401158538045854,0.0,13.86664303438497,0.0,0.4671523709868273,0.4350161261422684,0.029281125008556872,34.80345918582577,0.181115186227224,0.4722222222222224,1.027160302208997,0.8323712092564103,0.05537031245487774,0.14520569704029226,0.45533197239233986,0.2620810471342632,3.469898666988359,0.26112648648066306,0.26756558249902257,Restaurants,Consumer Cyclical,CAKE
2011Q3,2011,Q3,2011-11-04,2011-09-27,20574000.0,430417000.0,30254000.0,0.36,75548000.0,0.17552280695232764,968423000.0,531978000.0,128481000.0,188424000.0,436445000.0,33993000.0,787035000.0,1522884960.0,1503166960.0,9.557463933454304,0.6818717360845752,0.0,0.0,0.0402732688757424,9.557463933454304,0.038674531653564624,3.5381617361767774,18.504969378827646,2.8626840959588553,0.0,10.439472832642014,0.0,0.44445144322264135,0.30428183246295587,0.021244848583728392,204.1948189863234,0.17552280695232764,-0.14285714285714285,0.5855549309684176,0.8481807835603664,0.08820586109922703,-0.030951373122458666,-0.16866009374494909,-0.13958250383937204,0.9555624278891048,0.18992296691713162,0.29967332529335844,Restaurants,Consumer Cyclical,CAKE
2011Q2,2011,Q2,2011-08-05,2011-06-28,24748000.0,430746000.0,35162000.0,0.42,77961000.0,0.18099065342452397,995722000.0,556662000.0,156298000.0,191691000.0,439060000.0,32248000.0,766461000.0,1798417200.0,1739484200.0,9.843017293206493,0.8153643102701744,0.0,0.0,0.04588549939888995,9.843017293206493,0.04445785773054385,4.1751222298059645,18.167298367544852,3.2307166646906023,0.0,10.93974820143885,0.0,0.432596648462121,0.4510123062637265,0.024854326810093582,83.42226551628166,0.18099065342452397,0.23529411764705868,0.45999008543975506,0.8469420800669943,0.16853749019843425,0.06316736898089433,0.20981619084865077,0.1779169877056045,0.49999409481959384,0.22486839184803975,0.2645628890167846,Restaurants,Consumer Cyclical,CAKE
2011Q1,2011,Q1,2011-05-06,2011-03-29,20456000.0,418765000.0,29851000.0,0.34,73329000.0,0.17510775733406564,1004796000.0,568199000.0,168570000.0,191539000.0,436597000.0,26998000.0,741713000.0,1714048800.0,1637814800.0,9.716125170998632,0.8800818632236777,0.0,0.0,0.03777566593691209,9.716125170998632,0.03600147131550742,4.093104247012048,20.94799569808369,3.0166346649677314,0.0,12.794873694347729,0.0,0.41676618935584936,0.5251671983251452,0.020358361299208993,40.78931988006283,0.17510775733406564,-0.059188134702122266,0.4327099829122065,0.8446077113576937,0.13139965498218467,-0.013758876694641705,-0.06444088726274869,-0.03175478430100551,0.6626787591463803,0.2384967538975137,0.2385812380037111,Restaurants,Consumer Cyclical,CAKE
2010Q4,2010,Q4,2011-02-23,2010-12-28,21865000.0,416710000.0,30830000.0,0.36139,74352000.0,0.17842624367065826,1028397000.0,592337000.0,186052000.0,202705000.0,436060000.0,23036000.0,721257000.0,1872540000.0,1790921000.0,9.77453795379538,0.9178461310771812,0.0,0.0,0.03968307196039022,9.77453795379538,0.03691310858514663,4.493628662619088,21.410244683283786,3.161274747314451,0.0,14.86186837992707,0.0,0.4052034379719116,0.6360918576256136,0.02126124444159211,44.051472663969136,0.17842624367065826,-0.023270270270270288,0.2417207797475912,0.6862347918862608,0.21483758727887595,-0.006029169953076749,-0.00400856374982918,-0.018434206756025345,0.9088252251609672,0.19319991370375875,0.22414833520316035,Restaurants,Consumer Cyclical,CAKE
2010Q3,2010,Q3,2010-11-04,2010-09-28,21953000.0,418352000.0,31409000.0,0.37,74803000.0,0.1788039736872299,1000712000.0,551875000.0,153196000.0,173062000.0,448837000.0,29924000.0,699392000.0,1558248090.0,1538454090.0,9.445547435261094,0.8852087691116478,0.03997154026333251,0.072480181200453,0.03977394042677763,9.445547435261094,0.03977893544733862,3.724729629594217,17.745275019359543,2.8235525979614953,0.0,11.480717818473465,0.0,0.41805434530614205,0.5303475055182536,0.021937380585023463,68.95208150803133,0.1788039736872299,0.15624999999999997,0.345890960619703,0.9198942859266852,0.20052803769041472,-0.061772526590407384,0.141661032815019,-0.15782276444563614,0.44814922261402484,0.3612706591591676,0.13430520041523694,Restaurants,Consumer Cyclical,CAKE
2010Q2,2010,Q2,2010-08-05,2010-06-29,19229000.0,418909000.0,37295000.0,0.32,79728000.0,0.19032295796939191,1033456000.0,546929000.0,178200000.0,181797000.0,486527000.0,26788000.0,677439000.0,1315083600.0,1298790600.0,9.232739120159357,0.9802141949537121,0.06773389481506711,0.12798736216218193,0.04312376568407249,9.232739120159357,0.03515812838595138,3.139306150023036,17.09765978470019,2.4044868712392287,0.0,12.661676870240406,0.0,0.40534768775835645,0.6512483704351557,0.018606500905698937,70.1602432778489,0.19032295796939191,0.03225806451612906,0.09063263004263325,0.9181752059654176,0.21813681582542183,0.10197650310988252,0.030161791492553304,0.3005195801513408,-0.017118528704684995,0.3603661820985997,0.1613990633543779,Restaurants,Consumer Cyclical,CAKE
2010Q1,2010,Q1,2010-05-06,2010-03-30,18666000.0,405433000.0,28677000.0,0.31,72350000.0,0.17845118675588814,1053672000.0,531908000.0,189766000.0,188287000.0,521764000.0,24399000.0,658210000.0,1630464400.0,1623728400.0,8.93872886767721,1.0078550298214959,0.09490619471714158,0.1880024365115772,0.03237504532830923,8.93872886767721,0.035092534799251,4.021538453949234,21.837356691310404,3.0653127984538675,0.0,13.651502110742243,0.0,0.38478103242754863,0.6858041181812871,0.017715190305901646,41.237907835500025,0.17845118675588814,0.06896551724137938,0.2906339520135866,0.9814755184092526,0.23530352065002125,0.009783807171070079,1436.8461538461538,52.3005366726297,0.31264073480588706,0.4716769714587137,0.28076921975074737,Restaurants,Consumer Cyclical,CAKE
2009Q4,2009,Q4,2010-02-26,2009-12-29,-13000.0,400642000.0,-559000.0,0.29,71649000.0,0.1788354690721392,1046751000.0,516113000.0,172227000.0,200461000.0,530638000.0,22202000.0,639544000.0,1330560000.0,1356845000.0,8.688771043771045,0.8591546485351266,0.09553370381303672,0.1937560185463261,-1.9903668991945625e-06,8.688771043771045,-2.5188282411022394e-05,3.3210696831585307,-25587.692307692305,2.578040080369996,0.0,14.81816953427619,0.0,0.3827481416306266,0.570769376586967,-1.2419381495694773e-05,35.146072164403826,0.1788354690721392,0.07407407407407393,-1.0009033381084198,1.0176374001182247,0.2740602873051497,0.015793577656482597,-1.0007996063476443,-1.0204492244659058,-1.0008327229033336,0.4540127019860367,-0.05049488287338612,Restaurants,Consumer Cyclical,CAKE
2009Q3,2009,Q3,2009-11-05,2009-09-29,16258000.0,400640000.0,27336000.0,0.27,70535000.0,0.1760558107028754,1077461000.0,509821000.0,165277000.0,186581000.0,567640000.0,28690000.0,639557000.0,1163436400.0,1231135400.0,8.588773395778231,0.8858190276609087,0.13921617580589923,0.2942209128301894,0.0305913106319672,8.588773395778231,0.03188962400528813,2.9039446884984024,17.890214048468447,2.2820487975191295,0.0,11.505925409550366,0.0,0.3718371244991698,0.5800644224224332,0.015089177241682065,33.200251120052506,0.1760558107028754,-0.03571428571428574,0.6661737801853558,1.119229772011342,0.2783889294952923,-0.05013601228150502,-0.01876999215402257,-0.05604475292655133,0.17488160715167939,0.6131463508389657,-0.022088535827623195,Restaurants,Consumer Cyclical,CAKE
2009Q2,2009,Q2,2009-08-06,2009-06-30,16569000.0,407944000.0,28959000.0,0.28,74258000.0,0.18202988645500362,1099327000.0,488749000.0,176736000.0,181255000.0,610578000.0,28513000.0,623299000.0,1026530100.0,1130948100.0,8.236833678817602,0.9750682739786488,0.18192948958772048,0.4092079983795363,0.03133717759641861,8.236833678817602,0.03390083662575269,2.5163505285039123,15.488715372080392,2.100321637486726,0.0,11.702942517448182,0.0,0.3710852185018652,0.6508510110065929,0.015071948564894704,18.00519355234771,0.18202988645500362,0.6470588235294118,0.2185123409543408,1.2747144074149437,0.2576871211876572,0.24356097397595203,0.6537578600658749,0.6105333407485679,-0.06836919683552521,0.6671332575300508,-0.022144463682846033,Restaurants,Consumer Cyclical,CAKE
2009Q1,2009,Q1,2009-05-08,2009-03-31,10019000.0,392794000.0,17981000.0,0.17,59714000.0,0.1520237070831021,1117463000.0,465482000.0,179890000.0,172434000.0,651981000.0,26388000.0,606730000.0,679156750.0,840506750.0,7.847627075781842,1.043239732303374,0.22372105385144744,0.5370776958077863,0.019392374900670393,7.847627075781842,0.021523925737192844,1.7290405403341191,16.946719982034132,1.4590397695292192,0.0,12.622404123086252,0.0,0.35150515050610176,0.7116809909878562,0.008965844954150608,22.6551721262259,0.1520237070831021,0.4222370952898855,-0.21812777736457997,1.3149698294527867,0.22391853377850962,0.017725057095135836,0.4151129943502825,0.44321374107071193,-0.308161418006078,0.7058518771718643,-0.08617865561566701,Restaurants,Consumer Cyclical,CAKE
2008Q4,2008,Q4,2009-02-27,2008-12-30,7080000.0,400353000.0,12459000.0,0.11953,58674000.0,0.14655566462596759,1142630000.0,452566000.0,190219000.0,185833000.0,690064000.0,23132000.0,596711000.0,563706000.0,758341000.0,7.618956228956229,1.023601836057105,0.24067283372570297,0.6076461775740997,0.01382434152584185,7.618956228956229,0.015644127044453185,1.408022420214161,19.90487288135593,1.2455774406384925,0.0,14.770836935846447,0.0,0.35037851272940496,0.750308072301475,0.006196231501010826,21.383278962142477,0.14655566462596759,-0.3708947368421053,-0.398298982114011,1.4694789384030167,0.30780964439184627,-0.061981423158702496,-0.3991343460918272,-0.40736336393473815,-0.58980165469841,0.6527736853849637,-0.053070902530528985,Restaurants,Consumer Cyclical,CAKE
2008Q3,2008,Q3,2008-10-23,2008-09-30,11783000.0,405116000.0,21023000.0,0.19,62551000.0,0.1544026896000158,1092876000.0,458425000.0,136354000.0,163306000.0,634451000.0,28871000.0,589631000.0,911396180.0,1131385180.0,7.35374324259292,0.8349601361860556,0.25162964508324825,0.5998800239952009,0.01939863372311047,7.35374324259292,0.025703222991765282,2.2497165750056776,19.337099635067467,1.988103135736489,0.0,11.865366630875272,0.0,0.37068798290016436,0.5198339313926004,0.010781644029148779,36.39615750169722,0.1544026896000158,-0.3448275862068965,-0.002359914492846688,1.4894007531154712,0.28775470041921436,-0.14499924821279678,-0.38312130254960475,-0.2984850507207688,-0.3229423760640716,0.7424832764471884,-0.06534004458523045,Restaurants,Consumer Cyclical,CAKE
2008Q2,2008,Q2,2008-07-24,2008-07-01,19101000.0,407134000.0,29968000.0,0.29,73159000.0,0.17969268103376285,1143630000.0,509632000.0,183947000.0,165245000.0,633998000.0,29848000.0,577848000.0,1039727120.0,1220943120.0,7.7837309466353055,1.1131774032497201,0.24046238731058123,0.5396050483486123,0.02748306207297756,7.7837309466353055,0.0374799855582067,2.553771289059622,13.608281241819801,2.0401527376616855,0.0,11.18919190565532,0.0,0.35600150398293157,0.7543284214348391,0.016702080218252407,71.9434763354553,0.17969268103376285,0.38095238095238093,0.4411979042712478,1.4867249054679512,0.4172384658856477,0.1317389353835682,0.33303091632353965,0.263353147000548,-0.019811945587127636,0.6866985340481347,0.026959508676388824,Restaurants,Consumer Cyclical,CAKE
2008Q1,2008,Q1,2008-04-24,2008-04-01,14329000.0,393803000.0,23721000.0,0.21,64643000.0,0.16415060322039193,1191085000.0,534293000.0,234292000.0,187631000.0,656792000.0,27220000.0,558747000.0,1525664000.0,1671878000.0,7.844560270151226,1.248684918803396,0.23088192698254112,0.5146988637320721,0.02045857108866509,7.844560270151226,0.026818618248788586,3.8741807451949324,26.61846604787494,2.855481917225193,0.0,12.092578986039676,0.0,0.3306254381509296,0.8620323933678337,0.012030207751755752,82.81300548227759,0.16415060322039193,0.1131725417439702,0.24857409462887783,1.50897112251489,0.49625785457447713,-0.1346781966159777,0.07526639651808495,0.07179649376468462,-0.13439932884869166,0.6815063582853204,0.08409294689651019,Restaurants,Consumer Cyclical,CAKE
2007Q4,2007,Q4,2008-02-28,2008-01-01,13326000.0,406291000.0,22132000.0,0.18865,74704000.0,0.1838682126849967,1145753000.0,562926000.0,181213000.0,217072000.0,582827000.0,24058000.0,544418000.0,1671555000.0,1809688000.0,7.984765957446808,0.8348059629984521,0.1527379810482713,0.31087567460021387,0.02093858029079435,7.984765957446808,0.023672738512699715,4.114181707200012,31.358903647005853,2.96940450432206,0.0,13.782816526727077,0.0,0.35460609747476113,0.5264290189430235,0.011630779059710078,256.72784518507143,0.1838682126849967,-0.2744230769230769,0.06713332138653862,1.458708220002689,0.5651920138156274,0.03270756725372557,-0.2806089397538329,-0.2048288003449143,-0.2198032866465503,0.7239361415611334,0.1708299319386609,Restaurants,Consumer Cyclical,CAKE
2007Q3,2007,Q3,2007-10-26,2007-10-02,18524000.0,375536000.0,27833000.0,0.26,72338000.0,0.1926260066,1085813000.0,594518000.0,157829000.0,161483000.0,491295000.0,28099000.0,531092000.0,1730614800.0,1858197800.0,8.327165767910918,0.9773722311326889,0.13814533441762072,0.2523052287735611,0.02635784647651033,8.327165767910918,0.031158013718676304,4.608385880448212,23.356386309652343,2.9109544202194044,0.0,10.79034841097548,0.0,0.34585697537237076,0.58014775549129,0.01706002783168004,-45.69400644241432,0.1926260065612884,-0.21212121212121213,0.5977859211442355,1.4160586261185608,0.7338037880196339,-0.035351851604902056,-0.21866036780833473,-0.21364599519706173,0.5783624016679578,0.6515590017379751,0.23945015675953846,Restaurants,Consumer Cyclical,CAKE
2007Q2,2007,Q2,2007-07-26,2007-07-03,23708000.0,373167000.0,35395000.0,0.33,74989000.0,0.2009529246,1065216000.0,570675000.0,157903000.0,168189000.0,494541000.0,26730000.0,512568000.0,1786035680.0,1934341680.0,7.94966985206029,0.9388426115857755,0.14081651045421772,0.2628466289919832,0.03423962953378676,7.94966985206029,0.04154378586761291,4.786156546532785,18.833681457735786,3.1296897183160293,0.0,11.155181444070333,0.0,0.3503204983777938,0.5720647604777959,0.022256518865657295,-64.59208274565115,0.20095292456192534,0.3750000000000001,0.8284673079244791,1.305766728522693,0.7285282501973324,0.18299704996134977,0.2880582418776486,0.3911488425107102,0.4411672461695589,0.7199482899015521,0.21383990262448235,Restaurants,Consumer Cyclical,CAKE
2007Q1,2007,Q1,2007-04-27,2007-04-03,18406000.0,356583000.0,25443000.0,0.24,63389000.0,0.1777678689,1010894000.0,537551000.0,155591000.0,150095000.0,473343000.0,23257000.0,488860000.0,2088066420.0,2208296420.0,6.979187764534808,1.0366168093540757,0.14838351004160674,0.279043290776131,0.02590297476230655,6.979187764534808,0.03424047206683645,5.855765473956975,28.361219439313267,3.884406167972899,0.0,12.606699058348024,0.0,0.35274024774110835,0.6595622772244245,0.018207645905505426,258.1046254635352,0.17776786891130536,0.04347826086956513,0.4182537601774271,1.0089696028993314,0.3311981999768588,-0.11613541928107309,-0.0993345077314543,0.07545016484909967,0.1061666700226032,0.6184186248911009,0.0884764494091789,Restaurants,Consumer Cyclical,CAKE
2006Q4,,,,,,,,,,,,,,,,,,1919820330.0,1875030330.0,9.150841724860785,1.2437467751050395,0.0,0.0,0.027805166017225852,9.150841724860785,0.028720722037490407,5.322543998270011,23.485764459776867,2.6981124515488895,0.0,13.909891696750902,0.0,0.34691280725495344,0.9855340426054694,0.019655083863037652,-765.4786004784689,0.19883225763523854,0.0,0.8081547970430633,1.348162527512648,1.3801671222176755,0.15834867719740284,0.12737904782920506,-0.040710404671154,0.32675377218236046,0.6996148385730259,0.570760968095989,Restaurants,Consumer Cyclical,CAKE
