Quarters,Year,Quarter,FillingDate,Date,NetIncome,Revenue,OperatingIncome,EPSDiluted,GrossProfit,GrossProfitRatio,TotalAssets,CommonStockEquity,CurrentAssets,CurrentLiability,TotalLiability,Inventory,RetainedEarnings,MarketCap,EnterpriseValue,bookValuePerShare,currentRatio,debtToAssets,debtToEquity,roic,shareholdersEquityPerShare,roe,priceToSalesRatio,peRatio,pbRatio,payoutRatio,inventoryTurnover,dividendYield,assetTurnover,quickRatio,returnOnAssets,priceToFreeCashFlowsRatio,grossProfitMargin,epsdilutedGrowth,fiveYNetIncomeGrowthPerShare,fiveYRevenueGrowthPerShare,fiveYShareholdersEquityGrowthPerShare,grossProfitGrowth,netIncomeGrowth,operatingIncomeGrowth,threeYNetIncomeGrowthPerShare,threeYRevenueGrowthPerShare,threeYShareholdersEquityGrowthPerShare,Industry,Sector,Symbol
2023Q1,2023,Q1,2023-04-27,2023-03-31,3666000.0,187820000.0,-1391000.0,0.0499,39581000.0,0.2107390054,989028000.0,411114000.0,184339000.0,367331000.0,556918000.0,0.0,-603121000.0,2575807739.44,2630772739.44,6.135249117403358,0.5018334962200305,0.19169022515034964,0.46115432702364795,-0.017665633323761736,6.135249117403358,0.008917234635648506,13.714235648173783,175.65519226950354,6.265434257748459,12.556192034915439,0.0,0.017870510789756183,0.18990362254658108,0.49975635053943174,0.003706669578616581,-16.808209879736633,0.21073900543073154,-0.8217857142857143,-0.940620636848811,-0.5379565510889124,-0.32745179501819194,-0.4016839495722103,-0.8172026925953627,-1.0472727272727274,-0.8853420927923766,-0.03959358118770832,-0.22253220865331774,Capital Markets,Financial Services,MC
2022Q4,2022,Q4,2023-02-23,2022-12-31,20055000.0,207183000.0,29425000.0,0.28,66154000.0,0.3193022594,1216869000.0,444495000.0,263878000.0,565169000.0,757931000.0,0.0,-560690000.0,2527610896.0499997,2513578896.0499997,6.747586496265294,0.4669010508361216,0.1584081770511041,0.4336651705868457,0.02488297497020624,6.747586496265294,0.04511861775723011,12.199895242611603,31.508487859012714,5.686477679276482,2.237447020693094,0.0,0.017752732459779822,0.17025908294154918,0.4655828610557196,0.016480820860750006,20.99815486903209,0.31930225935525597,-0.24324324324324317,1.4235713531908347,-0.3581675665296812,-0.2831413527065893,-0.09463657638670298,-0.21696860846478214,-0.1604610687894091,-0.26698876209833405,-0.27329575934640915,-0.21301166202956293,Capital Markets,Financial Services,MC
2022Q3,2022,Q3,2022-11-03,2022-09-30,25612000.0,233506000.0,35049000.0,0.37,73069000.0,0.3129212954,1158428000.0,430344000.0,254342000.0,519161000.0,713526000.0,0.0,-536852000.0,2227199128.56,2273318128.56,6.532837793182546,0.48990968119716233,0.1677834099313898,0.45165030766084807,0.03243797644842367,6.532837793182546,0.05951517855483055,9.538080942502548,21.739800958144624,5.175392543081814,1.6258784944557239,0.0,0.01869702599377529,0.20157143991685283,0.408198997998694,0.022109272220630027,17.903961739913342,0.31292129538427277,-0.33928571428571436,-0.34192099759835637,-0.3223690305128597,-0.3678544176450254,-0.28663060881790137,-0.3426584195262172,-0.43650219456904454,-0.5110191092223134,-0.21853980327912462,-0.19384712821555752,Capital Markets,Financial Services,MC
2022Q2,2022,Q2,2022-07-28,2022-06-30,38963000.0,242520000.0,62199000.0,0.56,102428000.0,0.4223486723,1116474000.0,435010000.0,215197000.0,474962000.0,671333000.0,191896000.0,-519612000.0,2608528892.7000003,2666096892.7000003,6.562182825693031,0.45308256239446526,0.17588497358648747,0.4514172087997977,0.05571155869451701,6.562182825693031,0.08956805590676076,10.755933088817418,16.737217954854604,5.99648029401623,1.0905217770705542,0.7300412723558595,0.01628887459092701,0.21721956803293224,0.855777935919084,0.03489826005800404,45.620400718795366,0.4223486722744516,-0.4666666666666666,-0.16094069957618273,-0.401436255546688,-0.33427881351211486,-0.18352185315382102,-0.47056825284669945,-0.30447180381763894,-0.00026658923937281906,0.1940538945316566,-0.10906705013688388,Capital Markets,Financial Services,MC
2022Q1,2022,Q1,2022-04-28,2022-03-31,73594000.0,302088000.0,89427000.0,1.05,125451000.0,0.4152796536,1097279000.0,437057000.0,204231000.0,464957000.0,652364000.0,0.0,-514502000.0,3043503091.65,3100490091.65,6.742173584872363,0.439247070159176,0.17079247848541712,0.42879304072466523,0.09297097851993026,6.742173584872363,0.16838535934672136,10.074889077520458,10.338828884318017,6.963629667640605,0.6202543685626546,0.0,0.014998177634593105,0.27530646262254177,0.8891381353544522,0.06706954202167362,-11.070826634159294,0.4152796536108684,-0.35185185185185186,0.9439790410768362,-0.29635135998922574,-0.3369604009229954,-0.33698880632511335,-0.35167468329897633,-0.3731547293603062,3.0416218443248266,0.6339206167398255,-0.059676837327271456,Capital Markets,Financial Services,MC
2021Q4,2021,Q4,2022-02-23,2021-12-31,113514000.0,425017000.0,142662000.0,1.62,189214000.0,0.4451916041,1555681000.0,489068000.0,590582000.0,885492000.0,1077382000.0,0.0,-535282000.0,4020394472.71,3692071472.71,7.604139565785639,0.6669535128493538,0.12334791001497093,0.3923585268306248,0.1180770602378035,7.604139565785639,0.23210269328600522,9.459373325561096,8.854402260315908,8.220522448228058,1.941381679792801,0.0,0.054814024219731354,0.273203182400505,0.9634440514425878,0.07296740141455735,10.434262737790904,0.44519160410054187,-0.07954545454545449,1.4702126278907024,-0.32037079418720754,-0.24466541266562702,0.03265277163798702,-0.056369757679039026,-0.06234718826405868,1.143602276640927,0.3208432162464677,-0.1043093067746669,Capital Markets,Financial Services,MC
2021Q3,2021,Q3,2021-10-28,2021-09-30,120295000.0,490821000.0,152148000.0,1.76,183231000.0,0.37331532269401674,1419530000.0,516776000.0,429192000.0,722431000.0,913638000.0,0.0,-414851000.0,3899353223.41,3811859223.41,8.199547280828163,0.594094107257302,0.1346973998436102,0.3699997677910739,0.1301725679910873,8.199547280828163,0.23277977305447622,7.9445525423932555,8.103730877031463,7.545538537799743,0.34294858472920736,0.0,0.010579959710324048,0.34576303424372856,0.5699533934728714,0.08474283741801864,12.438525067498166,0.37331532269401674,0.5042735042735044,3.209362721470378,0.08160397386110119,-0.1781072592308699,0.24740281843556403,0.5161770081042588,0.2870121301324671,1.6589401364093714,0.6947312995529797,0.00048192463047632485,Capital Markets,Financial Services,MC
2021Q2,2021,Q2,2021-07-28,2021-06-30,79341000.0,360907000.0,118218000.0,1.17,146890000.0,0.40700235794816947,1108014000.0,412196000.0,297229000.0,530955000.0,723221000.0,0.0,-493485000.0,3592634106.82,3588449106.82,6.527196965447864,0.5598007364089236,0.17352307822825344,0.4664431484051277,0.11431025123703209,6.527196965447864,0.1924836728158449,9.954459477981862,11.320231994870243,8.715839326000252,2.2516605538120267,0.0,0.04972646662260025,0.32572422370114457,0.5577723159213116,0.07160649594680212,14.47108150155279,0.40700235794816947,0.16999999999999993,2.781174113728138,-0.09995467000701283,-0.2825321931569317,0.36811124460961003,0.1925776728945272,0.6318760956890245,0.4697202103957573,0.0825735384517371,-0.27775141506910295,Capital Markets,Financial Services,MC
2021Q1,2021,Q1,2021-04-29,2021-03-31,66529000.0,263866000.0,72443000.0,1.0,107367000.0,0.40689971424889904,1071097000.0,481517000.0,273734000.0,416641000.0,610517000.0,0.0,-393166000.0,3344001174.08,3382475174.08,7.902405407279862,0.6570020713275938,0.18100694895046854,0.4026358363256126,0.08353179660898769,7.902405407279862,0.13816542302763973,12.67310367413763,12.565953095943122,6.9447209009858435,0.5965067865141517,0.0,0.01186751975675311,0.24635117080899302,0.6544075115027086,0.06211295522254287,-126.16015898588998,0.40689971424889904,-0.49238578680203043,2.191979798441675,-0.3017000912385157,-0.03393835863610409,-0.5394128926811063,-0.47400420613209787,-0.6491201728171422,0.1850367442039641,-0.28615789515334533,-0.1337354897898614,Capital Markets,Financial Services,MC
2020Q4,2020,Q4,2021-02-24,2020-12-31,126482000.0,422028000.0,206461000.0,1.97,233109000.0,0.552354346157127,1196444000.0,479948000.0,304497000.0,555357000.0,751971000.0,0.0,-420682000.0,2766214285.7999997,2760351285.7999997,8.113026020870823,0.5482905590458029,0.16433197040563535,0.4096568794952787,0.16916756110335,8.113026020870823,0.2635327160442381,6.554575255196337,5.467604650859411,5.763570815588356,1.2653895415948515,0.0,0.057858496654286926,0.3527352721899228,0.5468374397009491,0.10571493525814832,8.744876410895158,0.552354346157127,2.648148148148148,3.1308384598190218,-0.16830210628718845,-0.018121861826112824,1.8973476185741274,2.838487451063701,2.9736133030524656,3.9746764870442606,0.45584758391128277,-0.13807805768822293,Capital Markets,Financial Services,MC
2020Q3,2020,Q3,2020-10-28,2020-09-30,32951000.0,207604000.0,51958000.0,0.54,80456000.0,0.38754551935415504,1065921000.0,468085000.0,164942000.0,457834000.0,651278000.0,0.0,-384731000.0,1996072530.2,2104003530.2,8.240435480744736,0.36026594791998845,0.18148061629332757,0.4132668211970048,0.05046642372312169,8.240435480744736,0.07039533418075777,9.614807663628833,15.144248506873843,4.264337738231305,0.5189827319352979,0.0,0.008567323953046203,0.1947649028398915,0.35887679814081086,0.030913172739818428,21.924021420176835,0.38754551935415504,6.3999999999999995,0.16045438983507318,-0.5139890434441565,0.10241869648511835,6.794613447006394,6.748604326587579,4.029267723880597,-0.01815607750694228,-0.30133299284917814,-0.20261989494518315,Capital Markets,Financial Services,MC
2020Q2,2020,Q2,2020-07-31,2020-06-30,-5732000.0,159938000.0,-17152000.0,-0.1,10322000.0,0.06453750828446023,973944000.0,420677000.0,150237000.0,418398000.0,613301000.0,0.0,-401137000.0,1749029932.24,1850982932.24,7.494608913417552,0.35907676422927454,0.2001172552015311,0.4633079536081126,-0.009368807235397346,7.494608913417552,-0.013625655788170021,10.93567465042704,-76.28358043614794,4.15765523724853,-2.9799371946964412,0.0,0.009765984952655552,0.1642168338220678,0.357353524634439,-0.005885348644275236,25.942685774633265,0.06453750828446023,-1.2272727272727273,-1.286095027082082,-0.5477551379989666,0.10613918551147304,-0.8238145632062267,-1.2280939116593712,-1.7017429015628835,-1.1457798740637426,-0.5338071259066964,-0.2396859291136725,Capital Markets,Financial Services,MC
2020Q1,2020,Q1,2020-04-29,2020-03-31,25130000.0,153706000.0,24442000.0,0.44,58586000.0,0.3811562333285623,889686000.0,415608000.0,176786000.0,338073000.0,537130000.0,0.0,-378817000.0,1479927441.7,1550376441.7,7.891322554695487,0.522922564061608,0.0,0.0,0.05296676941371111,7.891322554695487,0.06046563107543647,9.628299752124185,14.722716292280145,3.5608733270293165,3.5292081177875048,0.0,0.05992793801980083,0.17276432359281815,0.5211566732628752,0.028245920470817795,-17.162160702523426,0.3811562333285623,0.15789473684210525,0.764304962939072,-0.4207727333784229,0.32426007863069667,0.13909628247005756,0.17150715584355042,0.4590496657115568,-0.1829555095376651,-0.5593261835003174,-0.22395066264796093,Capital Markets,Financial Services,MC
2019Q4,2019,Q4,2020-02-27,2019-12-31,21451000.0,223528000.0,16752000.0,0.38,51432000.0,0.23009197952829175,1071699000.0,442827000.0,224368000.0,477224000.0,677872000.0,0.0,-324192000.0,1648605756.0,1678418756.0,8.573934543511323,0.4701523812716879,0.0,0.0,0.0250927425451254,8.573934543511323,0.04844103905136769,7.375388121398662,19.213623560673163,3.7229115568833886,1.4477646729756188,0.0,0.018837736000237523,0.20857348938461265,0.4685598377281947,0.020015881324886933,8.258058446372397,0.23009197952829175,-0.4794520547945205,-0.2542272234187737,-0.4870472326560329,0.2897343891853705,-0.42855238158728043,-0.4718453773236489,-0.691395096070593,-0.418703521485065,-0.554894558513605,-0.1483337129431095,Capital Markets,Financial Services,MC
2019Q3,2019,Q3,2019-10-31,2019-09-30,40615000.0,231700000.0,54283000.0,0.73,90003000.0,0.38844626672421234,806237000.0,413936000.0,164561000.0,383272000.0,441657000.0,0.0,-316122000.0,1677969656.1000001,1683214656.1000001,8.103720797671938,0.42935826253939763,0.0,0.0,0.09248079835528827,8.103720797671938,0.09811903289397395,7.241992473457057,10.328509516804136,4.053693460100113,0.802289794410932,0.0,0.01941930229878845,0.28738447875748696,0.4275344924753178,0.05037600606273342,28.820199513929445,0.38844626672421234,0.35185185185185175,0.8670054315130638,-0.4618722998504086,0.5482283052137135,0.30367333932037427,0.37869581452187784,0.6022609876324567,0.7535532727042952,-0.3700081885004298,-0.18771255671646253,Capital Markets,Financial Services,MC
2019Q2,2019,Q2,2019-07-31,2019-06-30,29459000.0,153523000.0,33879000.0,0.54,69038000.0,0.44969157715782,714769000.0,369066000.0,158235000.0,335876000.0,401911000.0,0.0,-327353000.0,1730705071.26,1676618071.26,7.365518164639945,0.47111136252664676,0.0,0.0,0.07748944846083976,7.365518164639945,0.07982041152530983,11.273262450968259,14.687405133066296,4.689418887841199,1.0795682134492006,0.0,0.01837574785451259,0.2147868752002395,0.46908085126653887,0.041214714124423416,24.902231241151078,0.44969157715782,1.1600000000000001,1.4720561226522073,-0.6448692359595273,0.5847412453872317,0.449708118096678,1.170891672807664,2.518433897600997,0.7693890215104964,-0.5174760798417332,-0.1903841431749401,Capital Markets,Financial Services,MC
2019Q1,2019,Q1,2019-05-01,2019-03-31,13570000.0,137783000.0,9629000.0,0.25,47622000.0,0.34563044787818525,681690000.0,346381000.0,124505000.0,324534000.0,394547000.0,0.0,-327648000.0,2086481172.02,2076682172.02,7.170060094775012,0.38364239186032895,0.0,0.0,0.03276186555336899,7.170060094775012,0.03917651372332778,15.14324098052735,38.43922571886514,6.023659415556858,8.381282240235814,0.0,0.05450995749455525,0.20211973184291981,0.382567003765399,0.019906409071572123,-16.756462294768628,0.34563044787818525,-0.6527777777777778,-0.8183209557312818,-0.6441346547440646,-0.6390338320594622,-0.5257623135294469,-0.653967768257854,-0.847533845301243,-0.17879792384080256,-0.5400874710158676,-0.12346688548083358,Capital Markets,Financial Services,MC
2018Q4,2018,Q4,2019-02-27,2018-12-31,39216000.0,238294000.0,63155000.0,0.72,100418000.0,0.42140381209766087,914375000.0,404361000.0,330382000.0,528771000.0,542622000.0,0.0,-237782000.0,1637506816.92,1376406816.92,8.489693622252062,0.6248111186127833,0.0,0.0,0.1282155890911054,8.489693622252062,0.09698264669441414,6.871792059053103,10.439022445685435,4.049616102739879,0.7058853529171767,0.0,0.016904967792480585,0.2606086124401914,0.6235421382791416,0.04288831168831169,10.478903523584634,0.42140381209766087,0.180327868852459,1.2180312649228506,-0.7503300170864748,2.165893836061176,0.15393808462227943,0.20854263613670684,0.19358557605080132,0.5907680309532058,-0.4167274792370063,0.02746429581755978,Capital Markets,Financial Services,MC
2018Q3,2018,Q3,2018-10-31,2018-09-30,32449000.0,207723000.0,52912000.0,0.61,87022000.0,0.41893290584095166,823019000.0,370472000.0,169192000.0,482418000.0,496074000.0,0.0,-250594000.0,2514234299.22,2427340299.22,8.195597620473384,0.350716598468548,0.0,0.0,0.11757135138309066,8.195597620473384,0.08758826577987,12.103783881515286,19.37066087722272,6.786570372983654,3.667293291010509,0.0,0.047330513324441485,0.2523915000747249,0.34911218072294153,0.03942679330610836,15.631896911340462,0.41893290584095166,-0.15277777777777776,-0.6174915537589019,-0.6416133647154748,0.0,-0.057142238016815464,-0.09080975063042869,-0.049114924970797016,0.4360203441645198,-0.3889247026031398,0.0964202155081083,Capital Markets,Financial Services,MC
2018Q2,2018,Q2,2018-07-27,2018-06-30,35690000.0,220405000.0,55645000.0,0.72,92296000.0,0.4187563802999025,727476000.0,377312000.0,260010000.0,363369000.0,374365000.0,0.0,-182256000.0,2448660725.4,2315792725.4,9.037327454331212,0.715553610792335,0.0,0.0,0.13245220824340098,9.037327454331212,0.09459015350691205,11.109823848823757,17.15228863407117,6.4897504595666184,0.8438217988231997,0.0,0.012298968038979927,0.3029721942717011,0.7140234857679109,0.04906003771945741,40.46169280875112,0.4187563802999025,-0.040000000000000036,-0.6885807389887564,-0.5874015635309574,0.0,0.0005962641341702714,0.07096774193548387,0.010459605222538996,1.3949137033654055,-0.16211847043397395,0.33383104375702033,Capital Markets,Financial Services,MC
2018Q1,2018,Q1,2018-05-03,2018-03-31,33325000.0,219418000.0,55069000.0,0.75,92241000.0,0.4203893937598556,627812000.0,329953000.0,192704000.0,316711000.0,327635000.0,0.0,-194386000.0,1839222431.1000001,1708232431.1000001,9.122393119121197,0.6084537638414832,0.0,0.0,0.15933438432291272,9.122393119121197,0.10099923322412586,8.38227689205079,13.797617637659416,5.574195206893103,4.1118979744936235,0.0,0.07450376728933533,0.3494963460398973,0.6065656071307912,0.05308117716768714,289.9152634142497,0.4203893937598556,2.0416666666666665,8.977909967215691,-0.21948113498173621,0.0,0.31752153233063374,2.343045983960021,0.42440702516748147,2.4067646399566778,0.20398543930337293,0.5308487196533974,Capital Markets,Financial Services,MC
2017Q4,2017,Q4,2018-02-28,2017-12-31,-24813000.0,169167000.0,38661000.0,-0.72,70011000.0,0.4138573125964284,699068000.0,324950000.0,275487000.0,340623000.0,354812000.0,0.0,-139918000.0,1674338825.0,1461147825.0,9.412715493830826,0.8087739230762456,0.0,0.0,-0.003589389152499569,9.412715493830826,-0.0763594399138329,9.897549906305603,-16.86957265344779,5.15260447761194,-0.9434570587998227,0.0,0.0139816383938896,0.24198933437090525,0.806710057747128,-0.035494401116915666,17.295995299829553,0.4138573125964284,-2.5,0.8096686223901542,-0.7554630412038279,2.510098160010111,-0.004776323084140049,-2.2920072897682897,-0.030542390731964193,-2.290596783840754,-0.4192176464683224,0.41590804156522787,Capital Markets,Financial Services,MC
2017Q3,2017,Q3,2017-11-02,2017-09-30,19205000.0,170041000.0,39879000.0,0.48,70347000.0,0.41370610617439324,795089000.0,335929000.0,190792000.0,435256000.0,448017000.0,0.0,-99136000.0,1399380717.0,1271780717.0,10.33438811491069,0.43834433069274176,0.0,0.0,0.08914207843565539,10.33438811491069,0.05716981862238747,8.229666474556137,18.216359242384797,4.165703815389562,4.008331163759437,0.0,0.055010047705266484,0.21386410829479466,0.4365316043891411,0.02415452861252011,22.895252319170172,0.41370610617439324,-0.15789473684210523,-0.6851772876717962,-0.5920256089374829,0.0,-0.013933081958481098,-0.026609224531170806,-0.06624051699915706,0.38726501781141903,-0.37941830088119605,0.9744007223404645,Capital Markets,Financial Services,MC
2017Q2,2017,Q2,2017-08-02,2017-06-30,19730000.0,172149000.0,42708000.0,0.57,71341000.0,0.4144142574165403,627806000.0,277635000.0,218365000.0,344341000.0,356566000.0,0.0,-102290000.0,1094231695.2,914347695.2,9.857253995945118,0.6341533537975437,0.0,0.0,0.12896198451498966,9.857253995945118,0.07106452716696382,6.35630584667933,13.86507469842879,3.941259910313901,1.3253928028383173,0.0,0.023898046560623883,0.27420731882141935,0.6323411966626106,0.031426905763882476,11.322996080216893,0.4144142574165403,0.23913043478260854,-0.7448072458311402,-0.5223024964812766,0.0,-0.0026701336464798973,0.2913993978269407,-0.007575405493330855,1.5624516376031485,-0.29156205032460875,1.1208551285130064,Capital Markets,Financial Services,MC
2017Q1,2017,Q1,2017-05-04,2017-03-31,15278000.0,173258000.0,43034000.0,0.46,71532000.0,0.41286405245356633,555041000.0,266020000.0,196171000.0,262565000.0,281840000.0,0.0,-70754000.0,1007197306.5,850870306.5,10.16858358725168,0.7471330908536934,0.0,0.0,0.13736270116279173,10.16858358725168,0.057431772047214495,5.813280232370222,16.48117074388009,3.7861713649349675,8.453593402277786,0.0,0.12823108160287758,0.3121535165870629,0.7447413021537524,0.027525894483470592,-37.26495880198313,0.41286405245356633,-0.20689655172413784,5.324488394731977,-0.14789341689821112,0.0,-0.15473784962246093,0.016162287994679083,-0.30054449410808615,-0.6222809102068471,-0.17365615261047662,-0.4880775610865417,Capital Markets,Financial Services,MC
2016Q4,2016,Q4,2017-02-28,2016-12-31,15035000.0,204608000.0,61525000.0,0.58,84627000.0,0.4136055286205818,598800000.0,211845000.0,350036000.0,334919000.0,347359000.0,0.0,-68229000.0,713357462.6999999,394431462.6999999,10.067246612684801,1.045136286684243,0.0,0.0,0.25300623455417387,10.067246612684801,0.07097170100781232,3.4864592914255548,11.861613945793149,3.367355673723713,1.2605254406385102,0.0,0.02656732562699803,0.34169672678690716,1.0431686467474226,0.025108550434201737,5.188129737887096,0.4136055286205818,0.487179487179487,1.1892032736738982,-0.5147723193600668,2.7541795281832466,0.3512214593645218,0.5844662240488987,0.533753801665254,1.1892032736738982,-0.5147723193600668,2.7541795281832466,Capital Markets,Financial Services,MC
2016Q3,2016,Q3,2016-11-03,2016-09-30,9489000.0,150676000.0,40114000.0,0.39,62630000.0,0.4156600918527171,490348000.0,208774000.0,238728000.0,203563000.0,227824000.0,0.0,-37596000.0,562720173.05,360109173.04999995,9.976420126493633,1.1727475032299584,0.0,0.0,0.16207790886526247,9.976420126493633,0.045451061913839845,3.734637056000955,14.825592081620824,2.6953556144443276,1.8801770471071768,0.0,0.031704923431658726,0.3072838066026577,1.1689698029602629,0.01935156256373025,7.128634789961741,0.4156600918527171,0.3448275862068967,-0.7583798005720996,-0.43845523607870823,0.0,0.17006370616698116,0.37661395618743654,0.3126738440393992,-0.7583798005720996,-0.43845523607870823,0.0,Capital Markets,Financial Services,MC
2016Q2,2016,Q2,2016-08-05,2016-06-30,6893000.0,131725000.0,30559000.0,0.29,53527000.0,0.4063541468969444,432985000.0,188729000.0,151213000.0,184873000.0,205345000.0,0.0,-37958000.0,466763467.5,353636467.5,9.097546821185187,0.8179290648174693,0.0,0.0,0.13720214849744433,9.097546821185187,0.03652326881401374,3.543469102296451,16.92889407732482,2.4731941964403985,3.636442768025533,0.0,0.053701717776359605,0.3042253195838193,0.8139425443412505,0.01591972008268185,7.315239197893648,0.4063541468969444,-0.06451612903225812,-0.8789531589796439,-0.5037270519125676,0.0,0.035418601052305786,-0.011047345767575323,0.05773424249766363,-0.8789531589796439,-0.5037270519125676,0.0,Capital Markets,Financial Services,MC
2016Q1,2016,Q1,2016-05-05,2016-03-31,6970000.0,126364000.0,28891000.0,0.31,51696000.0,0.40910385869393184,388428000.0,166682000.0,122578000.0,165048000.0,183510000.0,0.0,-36250000.0,575234749.14,484680749.14,8.18002192502247,0.7426809170665504,0.0,0.0,0.14295279413053294,8.18002192502247,0.04181615291393192,4.552204339368807,20.632523283357244,3.451090994468509,13.32051649928264,0.0,0.16140193223515384,0.3253215525142369,0.7379913722068732,0.017944123492642138,-11.135659235727974,0.40910385869393184,-0.38,2.7043436011976443,-0.2021089756901731,0.0,-0.3097813025714972,-0.33914857305394897,-0.3349370410441749,2.7043436011976443,-0.2021089756901731,0.0,Capital Markets,Financial Services,MC
2015Q4,2015,Q4,2016-03-14,2015-12-31,10547000.0,174789000.0,43441000.0,0.5,74898000.0,0.4285052263014263,539461000.0,168374000.0,288111000.0,265770000.0,282043000.0,0.0,-15338000.0,594613874.28,346591874.28,8.262762664172929,1.0840614064792866,0.0,0.0,0.212984605367901,8.262762664172929,0.06264031263734306,3.4018952810531555,14.094384049492747,3.531506493164028,1.5658481084668625,0.0,0.027774326692254724,0.3240067400609127,1.0809797945592052,0.019550996272205034,5.701870606037359,0.4285052263014263,0.06382978723404262,1.137060376296476,-0.5719496907090268,2.0812689540146545,0.14327146171693736,0.04529236868186323,0.08850134054975069,1.137060376296476,-0.5719496907090268,2.0812689540146545,Capital Markets,Financial Services,MC
2015Q3,2015,Q3,2015-11-04,2015-09-30,10090000.0,151789000.0,39909000.0,0.47,65512000.0,0.431599127736529,450908000.0,150879000.0,129045000.0,211552000.0,228334000.0,0.0,-18353000.0,530053767.1,442217767.1,7.474869128234142,0.609991869611254,0.0,0.0,0.2295561816242397,7.474869128234142,0.06687478045321085,3.49204334372056,13.133145864717543,3.5131049854519185,1.6491575817641229,0.0,0.03139304167394153,0.33662964507172194,0.6059881258508546,0.022377070267105486,8.217378257162347,0.431599127736529,0.3823529411764704,-0.7336329893963707,-0.4135147717290681,0.0,0.16548656822629426,0.4149488150329547,0.2177773709264006,-0.7336329893963707,-0.4135147717290681,0.0,Capital Markets,Financial Services,MC
2015Q2,2015,Q2,2015-08-06,2015-06-30,7131000.0,125873000.0,32772000.0,0.34,56210000.0,0.44656121646421393,394347000.0,135361000.0,160854000.0,183652000.0,201168000.0,0.0,-20949000.0,573571480.6800001,445936480.68000007,6.775466425549406,0.8758630453248535,0.0,0.0,0.19741950907552627,6.775466425549406,0.052681348394293774,4.556747520755048,20.108381737484226,4.237346655831444,1.7250035058196607,0.0,0.02144632432807939,0.31919350216940917,0.8709189118550301,0.01808305882889942,9.780231911468814,0.44656121646421393,0.3600000000000001,-0.8699663956268537,-0.5075694809948316,0.0,0.2769485903814262,0.3363943028485757,0.5327627332678546,-0.8699663956268537,-0.5075694809948316,0.0,Capital Markets,Financial Services,MC
2015Q1,2015,Q1,2015-05-08,2015-03-31,5336000.0,99412000.0,21381000.0,0.25,44019000.0,0.44279362652396087,334934000.0,117573000.0,122623000.0,157071000.0,172659000.0,0.0,-23229000.0,594273081.84,496414081.84000003,5.959042851201271,0.7806851678540278,0.0,0.0,0.14962150211829645,5.959042851201271,0.045384569586554735,5.977880757252646,27.84262939655172,5.054503005281825,6.644115442278861,0.0,0.05965775850090622,0.29681071494682537,0.7752990685740844,0.015931496951638233,-6.667636229243336,0.44279362652396087,-0.5192307692307693,1.928852157906211,-0.3517206773946762,0.0,-0.34756703078450846,-0.43819751526637185,-0.5284608429084975,1.928852157906211,-0.3517206773946762,0.0,Capital Markets,Financial Services,MC
2014Q4,2014,Q4,2015-02-27,2014-12-31,9498000.0,143895000.0,45343000.0,0.52,67469000.0,0.4688766114180479,464249000.0,113377000.0,226671000.0,275546000.0,289864000.0,0.0,-24118000.0,595722033.27,397778033.27,6.647829673617403,0.8226248974762834,0.0,0.0,0.33116843071952223,6.647829673617403,0.08377360487576846,4.139977297821328,15.680196706411877,5.254346413029097,6.879237734259844,0.0,0.10968034813375169,0.309952202374157,0.819601808772401,0.020458848592027123,6.650464781526302,0.4688766114180479,0.3,1.1474754780059413,-0.5789524986267781,1.479043876415761,0.11513478670479149,0.4612307692307692,0.2675201967964666,1.1474754780059413,-0.5789524986267781,1.479043876415761,Capital Markets,Financial Services,MC
2014Q3,2014,Q3,2014-11-07,2014-09-30,6500000.0,128651000.0,35773000.0,0.4,60503000.0,0.47028783297448135,352189000.0,79886000.0,173780000.0,161406000.0,177501000.0,0.0,-15517000.0,521209013.45,379111013.45,5.234189796415924,1.076663816710655,0.0,0.0,0.39154935835572624,5.234189796415924,0.08136594647372505,4.051340552735696,20.046500517307692,6.524409952307037,1.676,0.0,0.020901403695784457,0.3652896598133389,1.5294784580498866,0.018455999477553244,7.099005903704713,0.47028783297448135,1.3199999999999998,-0.7730623144920966,-0.34259358333991957,0.0,2.9825998623717926,1.341925302472383,1.624234386724135,-0.7730623144920966,-0.34259358333991957,0.0,Capital Markets,Financial Services,MC
2014Q2,2014,Q2,2014-08-13,2014-06-30,-19010000.0,131687000.0,-57307000.0,-1.25,-30517000.0,-0.23173889601858955,305907000.0,70942000.0,197582000.0,137509000.0,154950000.0,0.0,-19010000.0,513011377.33,355005377.33,4.647773373778872,1.436865950592325,0.0,0.0,-0.813680827768044,4.647773373778872,-0.2679653801697161,3.895687329273201,-6.746598860205156,7.2314197137097915,-15.5317201472909,0.0,0.5755388926005675,0.43048050551311345,1.4600135263873637,-0.062143069625735924,5.830801147153427,-0.23173889601858955,-1.8084743636013199,-1.4537150167369899,-0.325703113818781,0.0,-1.6923722660858518,-1.8604924859677712,-3.394276164612492,-1.4537150167369899,-0.325703113818781,0.0,Capital Markets,Financial Services,MC
2014Q1,2014,Q1,2014-03-31,2014-03-31,22092000.0,114517000.0,23935000.0,1.546122,44076000.0,0.3848860867818752,350435000.0,283823000.0,299065000.0,49741000.0,66612000.0,0.0,0.0,373648275.95,110282275.94999999,19.863523874503777,6.01244446231479,0.0,0.0,0.08194925778065709,19.863523874503777,0.07783724363423683,3.262819284036431,4.228321065883578,1.316483427875824,1.7738547890639145,0.0,0.10487938128542033,0.32678528115057,5.996381254900384,0.06304164823719093,-8.130565670423884,0.3848860867818752,1.4094270051182034,15.743893982682744,0.031176774406503713,0.0,-0.21716427188604515,1.759775767788974,-0.28870728083209507,15.743893982682744,0.031176774406503713,0.0,Capital Markets,Financial Services,MC
2013Q4,2013,Q4,2013-12-31,2013-12-31,-29077000.0,154295000.0,33650000.0,-3.776306840223272,56303000.0,0.3649048899834732,232786000.0,20648000.0,124659000.0,118789000.0,134093000.0,0.0,0.0,201351103.64999998,112827103.64999998,2.6816103324596803,1.049415349906136,0.0,0.0,1.3794594214424596,2.6816103324596803,-1.4082235567609453,1.3049749094267473,-1.73118877162362,9.751603237601703,-1.3801286239983492,0.0,0.1993036008869177,0.6628190698753361,1.616378620916078,-0.12490871444159013,1.636202695026816,0.3649048899834732,-3.012248803844741,0.0,0.0,0.0,0.66764409691369,-3.012249134948097,1.3179720327891438,0.0,0.0,0.0,Capital Markets,Financial Services,MC
2013Q3,2013,Q3,2013-09-30,2013-09-30,14450000.0,98728000.0,14517000.0,1.87666,33762000.0,0.34196985657564216,,,,,,,,201351103.64999998,,,0.0,0.0,0.0,0.0,,0.0,2.0394528770966693,3.4835831081314876,0.0,2.4490657439446366,0.0,0.17575766588056643,0.0,0.0,0.0,5.422284258361609,0.34196985657564216,-0.31633216611511605,0.0,0.0,0.0,-0.15834870618736602,-0.316332323996972,-0.3610194110656279,0.0,0.0,0.0,Capital Markets,Financial Services,MC
2013Q2,2013,Q2,2013-06-30,2013-06-30,21136000.0,98518000.0,22719000.0,2.744988,40114000.0,0.40717432347388294,,,,,,,,201351103.64999998,,,0.0,0.0,0.0,0.0,,0.0,2.0438001547940474,2.3816131676996593,0.0,1.366057910673732,0.0,0.14339628378788874,0.0,0.0,0.0,5.087578736387295,0.40717432347388294,28.727287494991284,0.0,0.0,0.0,1.4665805816884954,28.727144866385373,30.23938223938224,0.0,0.0,0.0,Capital Markets,Financial Services,MC
2013Q1,2013,Q1,2013-03-31,2013-03-31,711000.0,59845000.0,-777000.0,0.092339,16263000.0,0.2717520260673406,,,,,,,,201351103.64999998,,,0.0,0.0,0.0,0.0,,0.0,3.364543464784025,70.79855965189873,0.0,40.60900140646976,0.0,0.14339628378788874,0.0,0.0,0.0,-2.4045655283805245,0.2717520260673406,0.0,0.0,0.0,0.0,0.0,0.0,0.0,0.0,0.0,0.0,Capital Markets,Financial Services,MC
