Quarters,Year,Quarter,FillingDate,Date,NetIncome,Revenue,OperatingIncome,EPSDiluted,GrossProfit,GrossProfitRatio,TotalAssets,CommonStockEquity,CurrentAssets,CurrentLiability,TotalLiability,Inventory,RetainedEarnings,MarketCap,EnterpriseValue,bookValuePerShare,currentRatio,debtToAssets,debtToEquity,roic,shareholdersEquityPerShare,roe,priceToSalesRatio,peRatio,pbRatio,payoutRatio,inventoryTurnover,dividendYield,assetTurnover,quickRatio,returnOnAssets,priceToFreeCashFlowsRatio,grossProfitMargin,epsdilutedGrowth,fiveYNetIncomeGrowthPerShare,fiveYRevenueGrowthPerShare,fiveYShareholdersEquityGrowthPerShare,grossProfitGrowth,netIncomeGrowth,operatingIncomeGrowth,threeYNetIncomeGrowthPerShare,threeYRevenueGrowthPerShare,threeYShareholdersEquityGrowthPerShare,Industry,Sector,Symbol
2023Q1,2023,Q1,2023-04-26,2023-03-31,563000000.0,4547000000.0,934000000.0,0.93,2542000000.0,0.559049923,76548000000.0,30077000000.0,20289000000.0,18863000000.0,45594000000.0,0.0,17939000000.0,70434556449.63,91792556449.63,48.26612789747835,1.075597731007793,0.2926791033077285,0.7448881204907404,0.014454259025779277,48.26612789747835,0.018718622203012267,15.490335704778976,31.276446025590587,2.341807908023739,0.0,0.0,0.0,0.0594006375084914,0.2325186873774055,0.0073548623086168155,89.04495126375474,0.5590499230261711,-0.24390243902439018,-0.12215509486398567,1.082630515449739,5.677003892919421,-0.04111655978875896,-0.28005115089514065,-0.20780322307039864,0.5628741779821821,0.31280585415927603,0.027832218298529245,Information Technology Services,Technology,FISV
2022Q4,2022,Q4,2023-02-23,2022-12-31,782000000.0,4631000000.0,1179000000.0,1.23,2651000000.0,0.5724465558,83869000000.0,30828000000.0,27544000000.0,26458000000.0,52181000000.0,0.0,17376000000.0,63674099999.99999,84190100000.0,48.93333333333333,1.0410461864086478,0.2553744530160131,0.6947580121967043,0.018346519894507512,48.93333333333333,0.02536654988971065,13.749535737421722,20.35617007672634,2.0654632152588555,0.0,0.0,0.0,0.05521706470805661,0.16958953813591351,0.009324064910753676,48.90483870967741,0.5724465558194775,0.64,-0.05608930751787899,1.0132252795577332,6.439443427316001,0.05114988104678826,0.6257796257796258,0.37894736842105264,2.4167585630743527,0.2355511997959464,0.008816923901068217,Information Technology Services,Technology,FISV
2022Q3,2022,Q3,2022-10-28,2022-09-30,481000000.0,4518000000.0,855000000.0,0.75,2522000000.0,0.5582115981,75640000000.0,30326000000.0,19875000000.0,18724000000.0,44497000000.0,0.0,16594000000.0,59847371999.99999,80329372000.0,47.41400875547217,1.0614719077120274,0.2825885774722369,0.7048407307261096,0.012605051584445715,47.41400875547217,0.01586097737914661,13.24643027888446,31.1057027027027,1.973467387720108,0.0,0.0,0.0,0.05973030142781597,0.22409741508224737,0.0063590692755156,79.79649599999999,0.5582115980522355,-0.18478260869565222,0.3536585365853659,1.1070276065398017,7.425570236717097,0.04821280133000831,-0.1956521739130435,-0.005813953488372093,1.2211546357887824,0.3206215841422628,-0.15125310477210432,Information Technology Services,Technology,FISV
2022Q2,2022,Q2,2022-07-27,2022-06-30,598000000.0,4450000000.0,860000000.0,0.92,2406000000.0,0.5406741573,77212000000.0,31109000000.0,20281000000.0,19351000000.0,45242000000.0,0.0,16113000000.0,57403444000.0,78035444000.0,48.21605703657781,1.0480595318071417,0.2786483966222867,0.6916005014625992,0.01253892231106106,48.21605703657781,0.0192227329711659,12.899650337078652,23.998095317725753,1.8452359124369153,0.0,0.0,0.0,0.05763352846707766,0.21068678621259884,0.007744910117598301,95.19642454394693,0.5406741573033708,0.0454545454545455,0.7681339119652821,1.0979881178269273,7.501835904065748,0.11080332409972299,0.03819444444444445,0.016548463356973995,0.6313292502898258,0.790414235198798,6.433150976770145,Information Technology Services,Technology,FISV
2022Q1,2022,Q1,2022-04-28,2022-03-31,576000000.0,4138000000.0,846000000.0,0.88,2166000000.0,0.523441276,75470000000.0,31272000000.0,18443000000.0,17730000000.0,43328000000.0,0.0,15515000000.0,65991120000.0,86198120000.0,48.05162876459742,1.040214326001128,0.2791837816350868,0.6737656689690458,0.013616164411519242,48.05162876459742,0.01841903300076746,15.94758820686322,28.64197916666667,2.1102302379125097,0.0,0.0,0.0,0.05482973366900755,0.2128595600676819,0.007632171723863787,136.34528925619836,0.5234412759787337,0.76,0.5257509287852508,0.9421636674517799,7.440752280513853,0.054527750730282376,0.7194029850746269,0.49469964664310956,0.5407990165949601,0.658160559532588,6.86208144824261,Information Technology Services,Technology,FISV
2021Q4,2021,Q4,2022-02-24,2021-12-31,335000000.0,4257000000.0,566000000.0,0.5,2054000000.0,0.4824994127,76249000000.0,30952000000.0,18870000000.0,18295000000.0,44299000000.0,0.0,14846000000.0,67463500000.00001,87865500000.0,47.61846153846154,1.0314293522820444,0.27852168553030204,0.6861269061773068,0.008991356708047172,47.61846153846154,0.010823210131817007,15.84766267324407,50.34589552238807,2.179616826053244,0.0,0.0,0.0,0.055830240396595364,0.20196775075157147,0.0043935002426261326,67.6664994984955,0.4824994127319709,-0.21875000000000003,0.033166368515205574,0.972549588776004,7.076960615142434,-0.027462121212121212,-0.21728971962616822,-0.11006289308176101,-0.29269768692845616,0.6573649754500819,7.1510013754235295,Information Technology Services,Technology,FISV
2021Q3,2021,Q3,2021-10-28,2021-09-30,428000000.0,4163000000.0,636000000.0,0.64,2112000000.0,0.5073264472736008,75767000000.0,31596000000.0,18425000000.0,17562000000.0,43183000000.0,0.0,14442000000.0,71761900000.0,91817900000.0,47.771394012700334,1.049140189044528,0.27702033866986947,0.6642929484744905,0.010552761459316549,47.771394012700334,0.013546018483352323,17.238025462406917,41.9169976635514,2.2712337004684136,0.0,0.0,0.0,0.05494476487125002,0.21216262384694226,0.005648897277178719,200.4522346368715,0.5073264472736008,0.6,0.3256728152403992,0.9995564963209355,7.1521911775663005,0.013435700575815739,0.5910780669144982,-0.012422360248447204,0.14313650526383087,0.7875240604743479,6.198921081958975,Information Technology Services,Technology,FISV
2021Q2,2021,Q2,2021-07-28,2021-06-30,269000000.0,4051000000.0,644000000.0,0.4,2084000000.0,0.5144408787953592,75776000000.0,31793000000.0,17727000000.0,17251000000.0,42983000000.0,0.0,14014000000.0,70942893000.0,90944893000.0,47.90266686756065,1.0275926033273433,0.2750607052364865,0.6555845626395748,0.006209229619341649,47.90266686756065,0.008460981977164784,17.512439644532215,65.93205669144982,2.231399773535055,0.0,0.0,0.0,0.05346019847972973,0.20311865978783838,0.0035499366554054054,88.5679063670412,0.5144408787953592,-0.11111111111111108,-0.1565096756036058,0.9757412783290633,6.9994915298893865,0.1277056277056277,-0.11513157894736842,0.35578947368421054,-0.34424783913914925,0.745561162666825,5.825709829795221,Information Technology Services,Technology,FISV
2021Q1,2021,Q1,2021-04-28,2021-03-31,304000000.0,3755000000.0,475000000.0,0.45,1848000000.0,0.4921438082556591,74840000000.0,31851000000.0,16440000000.0,15905000000.0,42254000000.0,0.0,13745000000.0,79590144000.0,99963144000.0,47.63834878851331,1.0336372209996856,0.28332442544094066,0.6657247810115852,0.008325092391405277,47.63834878851331,0.009544441304825594,21.19577736351531,65.45242105263158,2.4988271639822925,0.0,0.0,0.0,0.05017370390165687,0.21678717384470292,0.0040619989310529125,110.84978272980501,0.4921438082556591,0.02272727272727275,-0.29831171264233375,0.8819165966405913,6.9160594484638365,-0.06430379746835443,0.013333333333333334,-0.07945736434108527,-0.5582173399269776,0.6029607887127331,5.590158650985853,Information Technology Services,Technology,FISV
2020Q4,2020,Q4,2021-02-26,2020-12-31,300000000.0,3832000000.0,516000000.0,0.44,1975000000.0,0.5153966597077244,74619000000.0,32330000000.0,16219000000.0,15637000000.0,41549000000.0,0.0,13441000000.0,76183726000.0,95961726000.0,48.3186369750411,1.0372194154889045,0.27719481633364157,0.6397772966285185,0.009027227841171812,48.3186369750411,0.009279307145066501,19.880930584551148,63.48643833333333,2.3564406433652954,0.0,0.0,0.0,0.051354212734022166,0.21666560081857134,0.004020423752663531,78.13715487179488,0.5153966597077244,0.12820512820512817,0.06895545544476944,0.8864250747927959,7.1851044439674885,0.029718456725755994,0.13636363636363635,-0.04797047970479705,-0.6590466774295798,0.5685292219020627,6.345989773722836,Information Technology Services,Technology,FISV
2020Q3,2020,Q3,2020-10-28,2020-09-30,264000000.0,3786000000.0,542000000.0,0.39,1918000000.0,0.5066032752245113,72372000000.0,31692000000.0,14025000000.0,13263000000.0,39943000000.0,0.0,13141000000.0,69022890000.0,89344890000.0,47.31561660197074,1.0574530649174394,0.29374620018791797,0.6708002019437082,0.0068111304631176565,47.31561660197074,0.008330177962892843,18.23108557844691,65.36258522727273,2.1779278682317305,0.0,0.0,0.0,0.05231304924556458,0.2457965769433763,0.0036478195987398442,82.07240190249702,0.5066032752245113,133.48275862068965,-0.17012061658827363,0.9759840099589812,6.56983897535886,0.24142394822006472,131.0,2.2848484848484847,-0.2905344879068379,0.6860401825704902,7.408085741694886,Information Technology Services,Technology,FISV
2020Q2,2020,Q2,2020-08-06,2020-06-30,2000000.0,3465000000.0,165000000.0,0.0029,1545000000.0,0.4458874458874459,77093000000.0,31583000000.0,17482000000.0,16760000000.0,44065000000.0,0.0,12877000000.0,65405400000.0,86410400000.0,47.13880597014926,1.0430787589498807,0.2837352288794054,0.6925877845676471,-0.007235639505899297,47.13880597014926,6.332520659848652e-05,18.876017316017315,8175.675,2.0709052338283254,0.0,0.0,0.0,0.044945714915751105,0.20173031026252983,2.594269259206413e-05,82.89657794676806,0.4458874458874459,-0.9949122807017544,-0.9889434716182867,0.874222109790033,6.055072964797395,-0.035580524344569285,-0.9948979591836735,-0.7376788553259142,-0.9943053960964409,0.573134328358209,7.311886489759485,Information Technology Services,Technology,FISV
2020Q1,2020,Q1,2020-05-08,2020-03-31,392000000.0,3769000000.0,629000000.0,0.57,1602000000.0,0.4250464314141682,72598000000.0,31843000000.0,12933000000.0,12119000000.0,39311000000.0,0.0,12875000000.0,64412719000.0,85030719000.0,46.95915056776287,1.0671672580245894,0.29634425190776603,0.6756272964230757,0.009657796024294764,46.95915056776287,0.012310397889646076,17.090135049084637,41.07954017857143,2.0228219388876676,0.0,0.0,0.0,0.051916030744648616,0.2869873751959733,0.0053995977850629494,100.33133800623052,0.4250464314141682,0.5833333333333333,0.5439438351375042,1.0724372309017989,5.93734623365894,-0.1725206611570248,0.5870445344129555,0.3158995815899582,-0.0034455644402943335,0.6977560095439257,7.248847488347124,Information Technology Services,Technology,FISV
2019Q4,2019,Q4,2020-02-27,2019-12-31,247000000.0,4045000000.0,478000000.0,0.36,1936000000.0,0.47861557478368355,77539000000.0,32979000000.0,17046000000.0,15727000000.0,42944000000.0,0.0,12528000000.0,78616837000.0,99375837000.0,48.5056625974408,1.0838685063902842,0.27924012432453343,0.6565390096728221,0.007000837574055996,48.5056625974408,0.00748961460323236,19.435559208899875,79.57169736842106,2.3838453864580487,0.0,0.0,0.0,0.052167296457266664,0.23367457239142875,0.0031854937515314874,88.5324740990991,0.47861557478368355,0.09090909090909081,-0.03537813084309604,1.1727079925485195,6.07490787384827,0.2812706816677697,0.2474747474747475,0.27807486631016043,-0.27173284716972745,0.7918890731762768,7.22744611550452,Information Technology Services,Technology,FISV
2019Q3,2019,Q3,2019-11-07,2019-09-30,198000000.0,3128000000.0,374000000.0,0.33,1511000000.0,0.48305626598465473,77864000000.0,32669000000.0,17991000000.0,16661000000.0,44104000000.0,0.0,12281000000.0,60579432000.0,81839432000.0,55.863543091655266,1.0798271412280176,0.28624267954382,0.6822369830726377,0.0053648754070188135,55.863543091655266,0.00606079157611191,19.36682608695652,76.48918181818182,1.8543399553093147,0.0,0.0,0.0,0.0401726086509812,0.22093511794009962,0.0025428953046337205,74.14863157894737,0.48305626598465473,-0.41071428571428575,-0.3049957357663315,1.0777035113885358,6.91642236879436,1.078404401650619,-0.11210762331838565,-0.026041666666666668,-0.30639119373026324,0.6992248062015504,8.533116890378228,Information Technology Services,Technology,FISV
2019Q2,2019,Q2,2019-07-26,2019-06-30,223000000.0,1512000000.0,384000000.0,0.56,727000000.0,0.4808201058201058,19640000000.0,2546000000.0,10209000000.0,2054000000.0,17094000000.0,0.0,12083000000.0,36310175000.0,41699175000.0,6.486624203821656,4.970301850048686,0.7041751527494908,5.432050274941084,0.01853037946918184,6.486624203821656,0.08758837391987431,24.014666005291005,40.70647421524664,14.261655538098978,0.0,0.0,0.0,0.0769857433808554,4.591041869522882,0.01135437881873727,386.2784574468085,0.4808201058201058,0.0,0.7051431202517074,0.5316685051417998,-0.07003275443339588,0.032670454545454544,-0.008888888888888889,0.029490616621983913,0.18240115370748708,0.24695786271385253,0.08323186931344237,Information Technology Services,Technology,FISV
2019Q1,2019,Q1,2019-05-01,2019-03-31,225000000.0,1502000000.0,373000000.0,0.56,704000000.0,0.46870838881491345,11676000000.0,2394000000.0,2275000000.0,2120000000.0,9282000000.0,0.0,11860000000.0,34982727000.0,40483727000.0,6.111820270615267,1.0731132075471699,0.5098492634463857,2.4866332497911445,0.03895337335817634,6.111820270615267,0.09398496240601503,23.290763648468708,38.86969666666667,14.612667919799499,0.0,0.0,0.0,0.12863994518670777,0.7056603773584905,0.019270298047276466,127.20991636363637,0.46870838881491345,-0.2112676056338027,0.7205222655822604,0.5636582258525671,-0.10674761540121926,-0.03429355281207133,-0.21328671328671328,-0.1345707656612529,-0.11352608141425943,0.2849113469633896,0.015600536771389348,Information Technology Services,Technology,FISV
2018Q4,2018,Q4,2019-02-21,2018-12-31,286000000.0,1551000000.0,431000000.0,0.71,729000000.0,0.4700193423597679,11262000000.0,2293000000.0,2224000000.0,2010000000.0,8969000000.0,0.0,11635000000.0,28844824999.999996,34388825000.0,5.84203821656051,1.1064676616915423,0.5291244894334932,2.598778892280855,0.03987433479795058,5.84203821656051,0.1247274313126908,18.597566086395872,25.214007867132867,12.57951373746184,0.0,0.0,0.0,0.13771976558337773,0.7283582089552239,0.025395134079204403,60.85406118143459,0.4700193423597679,0.29090909090909073,0.6927388535031846,0.6062925700107417,-0.16337449919604863,0.09954751131221719,0.2599118942731278,0.21067415730337077,0.737223738752401,0.3015990613476367,-0.010367511134524221,Information Technology Services,Technology,FISV
2018Q3,2018,Q3,2018-11-01,2018-09-30,227000000.0,1412000000.0,356000000.0,0.55,663000000.0,0.4695467422096317,10748000000.0,2661000000.0,2338000000.0,2320000000.0,8087000000.0,0.0,11349000000.0,32693530000.0,37295530000.0,6.635910224438903,1.0077586206896552,0.4907889839970227,1.982337467117625,0.03334902907470289,6.635910224438903,0.08530627583615183,23.15405807365439,36.00609030837004,12.286181886508832,0.0,0.0,0.0,0.1313732787495348,0.6991379310344827,0.021120208410867137,119.31945255474453,0.4695467422096317,-0.08333333333333323,0.8413776878558321,0.5163722666688816,-0.008065673965375589,-0.02643171806167401,-0.09561752988047809,-0.00558659217877095,0.19189411791621874,0.2309439652962036,0.06165311712006156,Information Technology Services,Technology,FISV
2018Q2,2018,Q2,2018-08-01,2018-06-30,251000000.0,1420000000.0,358000000.0,0.6,681000000.0,0.4795774647887324,10218000000.0,2850000000.0,1804000000.0,1655000000.0,7368000000.0,0.0,11122000000.0,30087949000.0,34545949000.0,7.017975868012805,1.0900302114803626,0.4703464474456841,1.6863157894736842,0.036106371440286764,7.017975868012805,0.08807017543859649,21.18869647887324,29.968076693227093,10.5571750877193,0.0,0.0,0.0,0.13897044431395578,0.7734138972809668,0.024564494030142884,201.93254362416107,0.4795774647887324,-0.4,1.1464781290616115,0.5305982761221918,0.06272785018363122,0.0,-0.4066193853427896,-0.41118421052631576,1.2893085175483328,0.2672082027964148,0.05035184483398775,Information Technology Services,Technology,FISV
2018Q1,2018,Q1,2018-05-02,2018-03-31,423000000.0,1440000000.0,608000000.0,1.0,681000000.0,0.47291666666666665,10167000000.0,2971000000.0,1768000000.0,1683000000.0,7196000000.0,0.0,10871000000.0,29308410000.0,33530410000.0,7.228710462287105,1.0505050505050506,0.4528376118815777,1.5496465836418714,0.060304943460598275,7.228710462287105,0.142376304274655,20.3530625,17.321755319148938,9.86483002356109,0.0,0.0,0.0,0.14163470050162288,0.7486631016042781,0.04160519327235172,99.35054237288135,0.47291666666666665,-0.2248062015503876,3.686805130451057,0.6204379440389295,0.10136028178202108,-0.07723577235772358,-0.22527472527472528,0.43058823529411766,1.74876568522923,0.30638042078145133,0.0679083137884679,Information Technology Services,Technology,FISV
2017Q4,2017,Q4,2018-02-22,2017-12-31,546000000.0,1516000000.0,425000000.0,1.29,738000000.0,0.4868073878627968,10289000000.0,2731000000.0,1975000000.0,1938000000.0,7558000000.0,0.0,10240000000.0,27222588000.0,31797588000.0,6.577552986512524,1.019091847265222,0.47623675770240065,1.794214573416331,0.07782486947285655,6.577552986512524,0.19992676675210547,17.956852242744063,12.464554945054944,9.96799267667521,0.0,0.0,0.0,0.14734182136262028,0.6821465428276574,0.05306638157255321,69.98094601542417,0.4868073878627968,1.3888888888888888,2.920108502599542,0.6853877899340627,0.027153138309359903,0.12844036697247707,1.353448275862069,0.14864864864864866,2.491728674991218,0.33342850115079853,-0.04061548852263465,Information Technology Services,Technology,FISV
2017Q3,2017,Q3,2017-11-01,2017-09-30,232000000.0,1400000000.0,370000000.0,0.54,654000000.0,0.46714285714285714,10199000000.0,2350000000.0,1870000000.0,1850000000.0,7849000000.0,0.0,9694000000.0,26926848000.0,31712848000.0,5.6273946360153255,1.0108108108108107,0.5011275615256398,2.1748936170212767,0.034637551163486026,5.6273946360153255,0.09872340425531916,19.233462857142857,29.016000000000002,11.458233191489363,0.0,0.0,0.0,0.13726835964310227,0.6610810810810811,0.022747328169428375,106.85257142857142,0.46714285714285714,0.058823529411764754,1.1390887290167866,0.604877346657619,-0.07557347784057632,0.025078369905956112,0.049773755656108594,-0.005376344086021506,0.14039981403998142,0.30224212253862504,-0.20254193863976924,Information Technology Services,Technology,FISV
2017Q2,2017,Q2,2017-08-02,2017-06-30,221000000.0,1386000000.0,372000000.0,0.51,638000000.0,0.4603174603174603,9685000000.0,2391000000.0,1632000000.0,1707000000.0,7294000000.0,0.0,9462000000.0,25789272000.0,30231272000.0,5.671252371916508,0.9560632688927944,0.4895198760970573,1.9828523630280217,0.03493091316983633,5.671252371916508,0.09242994562944375,18.606978354978356,29.173384615384617,10.785977415307404,0.0,0.0,0.0,0.1431078988125968,0.6701816051552432,0.022818791946308724,153.50757142857142,0.4603174603174603,-0.08928571428571436,0.7659787617711881,0.6210246679316889,-0.054384480009986455,-0.006230529595015576,-0.10526315789473684,0.019178082191780823,0.5732122036533229,0.30711945978607696,-0.18693009160034402,Information Technology Services,Technology,FISV
2017Q1,2017,Q1,2017-04-27,2017-03-31,247000000.0,1394000000.0,365000000.0,0.56,642000000.0,0.460545193687231,9696000000.0,2424000000.0,1615000000.0,1790000000.0,7272000000.0,0.0,9241000000.0,24549499000.0,28879499000.0,5.692813527477689,0.9022346368715084,0.4783415841584158,1.9133663366336633,0.03536347240233123,5.692813527477689,0.1018976897689769,17.610831420373028,24.847671052631576,10.127681105610561,0.0,0.0,0.0,0.14377062706270627,0.653072625698324,0.025474422442244224,63.435397932816535,0.460545193687231,0.142857142857143,1.4135032808118766,0.6227360517386681,-0.02752933459074752,-0.041791044776119404,0.14883720930232558,-0.02666666666666667,0.7374913328412627,0.3350040689924504,-0.16798612633552917,Information Technology Services,Technology,FISV
2016Q4,2016,Q4,2017-02-23,2016-12-31,215000000.0,1431000000.0,375000000.0,0.49,670000000.0,0.46820405310971347,9743000000.0,2541000000.0,1728000000.0,1820000000.0,7202000000.0,0.0,8994000000.0,22903340000.0,27165340000.0,5.895591647331787,0.9494505494505494,0.46823360361285027,1.7953561589925227,0.03392805729846417,5.895591647331787,0.08461235733963007,16.00512928022362,26.63179069767442,9.013514364423456,0.0,0.0,0.0,0.1468746792569024,0.6604395604395604,0.022067125115467514,71.12838509316771,0.46820405310971347,0.020833333333333353,0.9158243148962408,0.5705822047159123,-0.006182034157576013,0.041990668740279936,0.004672897196261682,0.016260162601626018,0.15884347670890606,0.3496304787518393,-0.15570522964012845,Information Technology Services,Technology,FISV
2016Q3,2016,Q3,2016-10-27,2016-09-30,214000000.0,1380000000.0,369000000.0,0.48,643000000.0,0.46594202898550724,9637000000.0,2569000000.0,1600000000.0,1548000000.0,7068000000.0,0.0,8779000000.0,21803824000.0,26130824000.0,5.859945255474453,1.0335917312661498,0.48043997094531493,1.8022576878162708,0.033442144742325326,5.859945255474453,0.08330089528999611,15.799872463768116,25.471757009345797,8.487280653950954,0.0,0.0,0.0,0.1431980906921241,0.7319121447028424,0.022206080730517795,78.71416606498195,0.46594202898550724,0.02127659574468087,1.1647221104661185,0.6677767782958298,0.04705620808477532,0.0110062893081761,0.009433962264150943,0.019337016574585635,0.5878322545103978,0.3555765572485216,-0.12405673811231593,Information Technology Services,Technology,FISV
2016Q2,2016,Q2,2016-08-03,2016-06-30,212000000.0,1363000000.0,362000000.0,0.47,636000000.0,0.46661775495231106,9530000000.0,2642000000.0,1486000000.0,1452000000.0,6888000000.0,0.0,8565000000.0,23985838000.0,28276838000.0,5.988213961922031,1.0234159779614325,0.47785939139559286,1.7236941710825133,0.03312053970632408,5.988213961922031,0.08024224072672217,17.59782685253118,28.28518632075472,9.078666919000757,0.0,0.0,0.0,0.14302203567681007,0.740358126721763,0.02224554039874082,228.43655238095238,0.46661775495231106,-0.26562500000000006,2.0218595748967467,0.6418261761563638,0.09829199690468883,0.06532663316582915,-0.2664359861591695,0.06784660766961652,0.6687300739104067,0.3522787298867711,-0.0932083737707441,Information Technology Services,Technology,FISV
2016Q1,2016,Q1,2016-05-06,2016-03-31,289000000.0,1331000000.0,339000000.0,0.64,597000000.0,0.4485349361382419,9552000000.0,2684000000.0,1476000000.0,1542000000.0,6868000000.0,0.0,8353000000.0,22875340000.0,27041340000.0,6.017937219730942,0.9571984435797666,0.46576633165829145,1.6576005961251863,0.023274516092481594,6.017937219730942,0.10767511177347243,17.1865815176559,19.788356401384082,8.52285394932936,0.0,0.0,0.0,0.1393425460636516,0.7055771725032426,0.030255443886097154,52.346315789473685,0.4485349361382419,0.5609756097560977,2.3255365150544525,0.6368115222674837,0.1023296092738513,-0.013223140495867768,0.5291005291005291,0.030395136778115502,1.9508106021999922,0.38024102102796464,-0.08311211707151933,Information Technology Services,Technology,FISV
2015Q4,2015,Q4,2016-02-19,2015-12-31,189000000.0,1368000000.0,329000000.0,0.41,605000000.0,0.4422514619883041,9340000000.0,2660000000.0,1506000000.0,1502000000.0,6680000000.0,0.0,8064000000.0,20605938000.0,24623938000.0,5.90324012427874,1.0026631158455392,0.4596359743040685,1.6139097744360902,0.03132758372719292,5.90324012427874,0.07105263157894737,15.062820175438597,27.256531746031744,7.746593233082706,0.0,0.0,0.0,0.14646680942184154,0.7170439414114514,0.020235546038543897,63.59857407407407,0.4422514619883041,-0.10869565217391314,1.0784012121768678,0.618798929812816,0.05084621351360154,0.008333333333333333,-0.13302752293577982,-0.038011695906432746,0.2503552060939232,0.4013702606444001,-0.07814781085304787,Information Technology Services,Technology,FISV
2015Q3,2015,Q3,2015-10-28,2015-09-30,218000000.0,1313000000.0,342000000.0,0.46,600000000.0,0.456968773800457,9387000000.0,2869000000.0,1531000000.0,1411000000.0,6518000000.0,0.0,7875000000.0,19876995000.0,23802995000.0,6.250544662309368,1.0850460666194188,0.4511558538404176,1.4761240850470547,0.02942893059172129,6.250544662309368,0.07598466364586964,15.138610053313023,22.79471903669725,6.928196235622169,0.0,0.0,0.0,0.13987429423671036,0.7739192062367115,0.023223607116224565,74.72554511278196,0.456968773800457,0.7037037037037037,1.1502079619726677,0.6677800095648014,0.15716403042009866,0.02040816326530612,0.7165354330708661,0.049079754601226995,0.8287111487280763,0.3693874449004406,0.02679297215100487,Information Technology Services,Technology,FISV
2015Q2,2015,Q2,2015-07-30,2015-06-30,127000000.0,1298000000.0,326000000.0,0.27,588000000.0,0.4530046224961479,9588000000.0,3143000000.0,1714000000.0,1336000000.0,6445000000.0,0.0,7657000000.0,19481616000.0,23187616000.0,6.681547619047619,1.282934131736527,0.44180225281602004,1.3477569201399937,0.028992749695080634,6.681547619047619,0.04040725421571747,15.008949152542373,38.34963779527559,6.198414253897551,0.0,0.0,0.0,0.13537755527743012,0.9550898203592815,0.013245723821443471,138.16748936170214,0.4530046224961479,-0.27027027027027023,0.2967687074829933,0.6469723897386743,0.30590965960238614,0.06521739130434782,-0.28651685393258425,0.03821656050955414,-0.09044238813537837,0.36061224489795923,0.11407052830354392,Information Technology Services,Technology,FISV
2015Q1,2015,Q1,2015-05-06,2015-03-31,178000000.0,1275000000.0,314000000.0,0.37,552000000.0,0.4329411764705882,9335000000.0,3218000000.0,1498000000.0,1501000000.0,6117000000.0,0.0,7530000000.0,18873380000.0,22429380000.0,6.769036600757257,0.9980013324450366,0.41264059989287627,1.197016780609074,0.028852249145665348,6.769036600757257,0.05531385954008701,14.802650980392157,26.507556179775282,5.864940957116222,0.0,0.0,0.0,0.1365827530798072,0.7068620919387075,0.01906802356722014,73.724140625,0.4329411764705882,0.0,0.88881742038892,0.6240709577899312,0.32515071876274193,-0.02127659574468085,-0.016574585635359115,-0.00946372239747634,0.5578205275302457,0.3293574553976207,0.15631567686963777,Information Technology Services,Technology,FISV
2014Q4,2014,Q4,2015-02-20,2014-12-31,181000000.0,1316000000.0,317000000.0,0.37,564000000.0,0.42857142857142855,9337000000.0,3295000000.0,1486000000.0,1486000000.0,6042000000.0,0.0,7352000000.0,17054091000.0,20563091000.0,6.856013316687474,1.0,0.40730427332119523,1.1541729893778452,0.028964578713742594,6.856013316687474,0.05493171471927162,12.959035714285715,23.555374309392263,5.1757484066767825,0.0,0.0,0.0,0.14094462889579093,0.7348586810228802,0.01938524151226304,60.907467857142855,0.42857142857142855,-0.22916666666666666,0.9481721294709298,0.5738456245449624,0.3829843121302163,0.010752688172043012,-0.24267782426778242,0.006349206349206349,0.4464029520209296,0.2953001971767276,0.15571593416966265,Information Technology Services,Technology,FISV
2014Q3,2014,Q3,2014-10-29,2014-09-30,239000000.0,1263000000.0,315000000.0,0.48,558000000.0,0.4418052256532066,9438000000.0,3462000000.0,1579000000.0,1397000000.0,5976000000.0,0.0,7171000000.0,15854965500.000002,19293965500.0,7.056665307786384,1.1302791696492485,0.40771349862258954,1.1114962449451185,0.024219397485696025,7.056665307786384,0.06903523974581167,12.553416864608078,16.584691945606696,4.57971273830156,0.0,0.0,0.0,0.13382072472981563,0.8282032927702219,0.02532316168679805,50.17394145569621,0.4418052256532066,0.4545454545454544,1.6315035714918735,0.6121133766421631,0.5043241212068983,0.014545454545454545,0.4397590361445783,0.026058631921824105,1.1603756929486955,0.36397116208041375,0.26088639002071423,Information Technology Services,Technology,FISV
2014Q2,2014,Q2,2014-07-30,2014-06-30,166000000.0,1253000000.0,307000000.0,0.33,550000000.0,0.4389465283320032,9403000000.0,3475000000.0,1525000000.0,1368000000.0,5928000000.0,0.0,6932000000.0,15025712000.0,18544712000.0,6.9751103974307505,1.114766081871345,0.409231096458577,1.1073381294964029,0.02606430613924319,6.9751103974307505,0.047769784172661874,11.991789305666401,22.629084337349397,4.3239458992805755,0.0,0.0,0.0,0.13325534403913644,0.7741228070175439,0.0176539402318409,76.2726497461929,0.4389465283320032,0.0,0.4808867473189195,0.5163978776424587,0.5303486213627168,0.07212475633528265,-0.011904761904761904,0.13284132841328414,1.095454748204648,0.3366391309182541,0.27929762960006643,Information Technology Services,Technology,FISV
2014Q1,2014,Q1,2014-04-30,2014-03-31,168000000.0,1234000000.0,271000000.0,0.33,513000000.0,0.41572123176661263,9473000000.0,3443000000.0,1547000000.0,1438000000.0,6030000000.0,0.0,6766000000.0,14263204000.0,17804204000.0,6.84220985691574,1.0757997218358832,0.40620711495830253,1.1176299738600057,0.026503193335440357,6.84220985691574,0.04879465582340982,11.558512155591572,21.225005952380954,4.142667441185012,0.0,0.0,0.0,0.13026496358070305,0.7364394993045897,0.017734614166578698,64.24866666666667,0.41572123176661263,-0.23255813953488366,1.016145214317687,0.4610477617577009,0.5715858681689773,-0.08880994671403197,-0.2398190045248869,-0.08754208754208755,0.7134340222575517,0.34502390805713673,0.25331492216544527,Information Technology Services,Technology,FISV
2013Q4,2013,Q4,2014-02-20,2013-12-31,221000000.0,1263000000.0,297000000.0,0.43,563000000.0,0.44576405384006335,9513000000.0,3585000000.0,1572000000.0,1332000000.0,5928000000.0,0.0,6598000000.0,15158135000.0,18606135000.0,6.982859368913128,1.1801801801801801,0.40449910648586146,1.0733612273361228,0.02285475278244405,6.982859368913128,0.06164574616457462,12.001690419635787,17.147211538461537,4.22821059972106,0.0,0.0,0.0,0.13276568905707978,0.8641141141141141,0.02323136760222853,51.734249146757676,0.44576405384006335,0.43333333333333335,3.3185216834009825,0.4421900236709899,0.6743787692613592,0.08897485493230174,0.389937106918239,0.060714285714285714,1.133021237725508,0.3117331219061979,0.2430311443949414,Information Technology Services,Technology,FISV
2013Q3,2013,Q3,2013-10-30,2013-09-30,159000000.0,1201000000.0,280000000.0,0.3,517000000.0,0.43047460449625313,9456000000.0,3460000000.0,1527000000.0,1228000000.0,5996000000.0,0.0,6377000000.0,13065765000.0,16675765000.0,6.689868522815159,1.243485342019544,0.41571489001692047,1.1361271676300577,0.025361615308452153,6.689868522815159,0.045953757225433524,10.879071606994172,20.543655660377357,3.7762326589595374,0.0,0.0,0.0,0.1270093062605753,0.8395765472312704,0.01681472081218274,58.590874439461885,0.43047460449625313,0.07142857142857129,1.5618716163959787,0.397571682277792,0.5669962305693165,-0.0019305019305019305,0.052980132450331126,0.02564102564102564,0.39179497996203344,0.3538520740195801,0.23849610571076182,Information Technology Services,Technology,FISV
2013Q2,2013,Q2,2013-07-31,2013-06-30,151000000.0,1198000000.0,273000000.0,0.28,518000000.0,0.4323873121869783,9434000000.0,3463000000.0,1454000000.0,1173000000.0,5971000000.0,0.0,6218000000.0,11443719000.0,15076719000.0,6.603737604881769,1.2395566922421142,0.4190163239347043,1.1414958128790067,0.023959728266934495,6.603737604881769,0.04360381172393878,9.552353088480801,18.94655463576159,3.304568004620272,0.0,0.0,0.0,0.1269874920500318,0.8618925831202046,0.016005935976256096,93.03836585365853,0.4323873121869783,0.2727272727272728,0.9010393793002489,0.15301885736668344,0.5155206806709004,0.17727272727272728,0.2905982905982906,0.2938388625592417,0.3830579529961502,0.363556299921931,0.2907016786215569,Information Technology Services,Technology,FISV
2013Q1,2013,Q1,2013-05-01,2013-03-31,117000000.0,1152000000.0,211000000.0,0.22,440000000.0,0.3819444444444444,9563000000.0,3497000000.0,1453000000.0,1190000000.0,6066000000.0,0.0,6067000000.0,11589731912.99,15282731912.99,6.563438487713502,1.2210084033613446,0.4234026978981491,1.157849585358879,0.018421914220233548,6.563438487713502,0.03345724907063197,10.060531174470485,24.764384429465814,3.3141927117500716,0.0,0.0,0.0,0.1204642894489177,0.865546218487395,0.012234654397155703,70.66909703042683,0.3819444444444444,-0.33333333333333337,-0.5621457290713041,0.08273159467699598,0.5994114591159203,-0.11823647294589178,-0.3463687150837989,-0.2698961937716263,0.10777307063513154,0.3093093191389588,0.2849014922707894,Information Technology Services,Technology,FISV
2012Q4,2012,Q4,2013-02-22,2012-12-31,179000000.0,1156000000.0,289000000.0,0.33,499000000.0,0.43166089965397925,8497000000.0,3417000000.0,1412000000.0,1105000000.0,5080000000.0,0.0,5950000000.0,10542602000.0,13414602000.0,6.403673163418291,1.2778280542986424,0.38013416499941155,0.945273631840796,0.027195565563831632,6.403673163418291,0.05238513315774071,9.119897923875433,14.724304469273743,3.0853386011120865,0.0,0.0,0.0,0.13604801694715782,0.9239819004524887,0.021066258679533954,44.29664705882353,0.43166089965397925,0.2692307692307693,1.2845334594501225,2.7093079619047913,0.7028008087565459,0.052742616033755275,0.28776978417266186,0.08239700374531835,0.7352806647523698,0.24517967005197983,0.29173896197968435,Information Technology Services,Technology,FISV
2012Q3,2012,Q3,2012-10-31,2012-09-30,139000000.0,1118000000.0,267000000.0,0.26,474000000.0,0.42397137745974955,8453000000.0,3258000000.0,1325000000.0,1051000000.0,5195000000.0,0.0,5771000000.0,9915275760.0,13057275760.0,6.0874439461883405,1.2607040913415795,0.4080208210102922,1.0586249232658071,0.025266997677748256,6.0874439461883405,0.04266421117249847,8.868761860465117,17.83322978417266,3.0433627255985267,0.0,0.0,0.0,0.13226073583343192,0.9039010466222646,0.01644386608304744,83.32164504201681,0.42397137745974955,-0.10344827586206887,0.41551931219016797,0.1724782471112666,0.6837005701533686,0.01935483870967742,-0.13664596273291926,0.03088803088803089,0.40291804770260625,0.308113638555379,0.2977076799492784,Information Technology Services,Technology,FISV
2012Q2,2012,Q2,2012-07-31,2012-06-30,161000000.0,1100000000.0,259000000.0,0.29,465000000.0,0.42272727272727273,8416000000.0,3253000000.0,1283000000.0,1235000000.0,5163000000.0,0.0,5632000000.0,9793032000.0,12906032000.0,5.997418879056047,1.0388663967611336,0.4057747148288973,1.0498001844451277,0.028121072618055572,5.997418879056047,0.04949277589917,8.902756363636364,15.206571428571428,3.010461727636028,0.0,0.0,0.0,0.13070342205323193,0.7352226720647773,0.01913022813688213,93.26697142857142,0.42272727272727273,0.2083333333333333,0.8363265195327028,0.1506848378237013,0.6788775247370312,0.040268456375838924,0.2196969696969697,0.07468879668049792,0.3192395931047198,0.22275324605257146,0.3158417846230618,Information Technology Services,Technology,FISV
2012Q1,2012,Q1,2012-05-02,2012-03-31,132000000.0,1108000000.0,241000000.0,0.24,447000000.0,0.40342960288808666,8484000000.0,3215000000.0,1316000000.0,1353000000.0,5269000000.0,0.0,5471000000.0,9527247000.0,12612247000.0,5.853969410050984,0.9726533628972653,0.4002828854314003,1.056298600311042,0.023934703257044807,5.853969410050984,0.04105754276827372,8.598598375451264,18.04402840909091,2.9633738724727836,0.0,0.0,0.0,0.1305987741631306,0.7102734663710274,0.015558698727015558,53.523859550561795,0.40342960288808666,-0.07826573426573424,0.43918113825618676,0.12503280676237327,0.6383197408924264,-0.10240963855421686,-0.07692307692307693,-0.1423487544483986,0.45143156152992164,0.20198519337078238,0.344597109694133,Information Technology Services,Technology,FISV
2011Q4,2011,Q4,2012-02-24,2011-12-31,143000000.0,1161000000.0,281000000.0,0.26037873270211215,498000000.0,0.4289405684754522,8548000000.0,3258000000.0,1356000000.0,1384000000.0,5290000000.0,0.0,5339000000.0,8065002000.0,11123002000.0,5.9322651128914785,0.9797687861271677,0.3971689284043051,1.0420503376304482,0.02655380238349376,5.9322651128914785,0.04389195825659914,6.9465994832041345,14.099653846153847,2.475445672191529,0.0,0.0,0.0,0.13582124473561066,0.7247109826589595,0.016729059429106224,36.00447321428572,0.4289405684754522,0.18353969410050977,0.671461099292444,0.20036715657647952,0.6633083111622282,0.1527777777777778,0.12598425196850394,0.15637860082304528,1.612186640979254,0.23930069133202403,0.4224629530526213,Information Technology Services,Technology,FISV
2011Q3,2011,Q3,2011-11-02,2011-09-30,127000000.0,1063000000.0,243000000.0,0.22,432000000.0,0.4063969896519285,8451000000.0,3152000000.0,1211000000.0,1042000000.0,5299000000.0,0.0,5196000000.0,7148416000.0,10385416000.0,5.596590909090909,1.1621880998080614,0.4162820967932789,1.1161167512690355,0.02491599028072171,5.596590909090909,0.040291878172588835,6.724756349952964,14.07168503937008,2.2678984771573605,0.0,0.0,0.0,0.125783930895752,0.8253358925143954,0.01502780736007573,32.34577375565611,0.4063969896519285,0.375,0.42093853326429764,0.1320934604792723,0.5863843678288669,-0.02040816326530612,0.4111111111111111,-0.03187250996015936,0.8791429924242424,0.13595262521043766,0.31091318591318595,Information Technology Services,Technology,FISV
2011Q2,2011,Q2,2011-08-02,2011-06-30,90000000.0,1065000000.0,251000000.0,0.16,441000000.0,0.4140845070422535,8396000000.0,3086000000.0,1523000000.0,1154000000.0,5310000000.0,0.0,5069000000.0,8862145000.0,11840145000.0,5.4522968197879855,1.3197573656845754,0.4350881372081944,1.1837329876863254,0.02439342987737973,5.4522968197879855,0.02916396629941672,8.321262910798122,24.617069444444446,2.871725534672716,0.0,0.0,0.0,0.12684611719866604,1.0589254766031195,0.010719390185802763,99.57466292134832,0.4140845070422535,-0.15789473684210525,-0.053452538168769374,0.20562744307469363,0.5942693433580187,0.04009433962264151,-0.19642857142857142,0.13574660633484162,0.049791198201092096,-0.05032402417561421,0.25127148926033266,Information Technology Services,Technology,FISV
2011Q1,2011,Q1,2011-05-04,2011-03-31,112000000.0,1048000000.0,221000000.0,0.19,424000000.0,0.40458015267175573,8257000000.0,3138000000.0,1346000000.0,946000000.0,5119000000.0,0.0,4979000000.0,9012864000.0,11850864000.0,5.45929018789144,1.4228329809725158,0.40632190868354123,1.0691523263224985,0.02165968945577755,5.45929018789144,0.035691523263224986,8.60006106870229,20.118000000000002,2.872168260038241,0.0,0.0,0.0,0.1269226111178394,1.1046511627906976,0.013564248516410318,39.70424669603524,0.40458015267175573,-0.05851724137931036,0.20286757691195295,0.19270529076956358,0.6434297572417482,-0.08817204301075268,-0.034482758620689655,-0.17228464419475656,-0.6114837353232947,-0.0869867780097426,0.33034708887696324,Information Technology Services,Technology,FISV
2010Q4,2010,Q4,2011-02-24,2010-12-31,116000000.0,1078000000.0,267000000.0,0.20180932498260265,465000000.0,0.4313543599257885,8281000000.0,3229000000.0,1417000000.0,891000000.0,5052000000.0,0.0,4867000000.0,8415072000.0,11208072000.0,5.617606123869172,1.590347923681257,0.4052650646057239,1.039331062248374,0.024370035525865426,5.617606123869172,0.03592443480953856,7.806189239332096,18.13593103448276,2.606092288634252,0.0,0.0,0.0,0.1301775147928994,1.2738496071829406,0.014007970051926095,32.61655813953488,0.4313543599257885,-0.08268488644271522,-0.03786107432534705,0.24775411072172085,0.6344355462004264,0.06651376146788991,-0.12121212121212122,0.06374501992031872,0.37436327874703956,2.211092971247474,0.4937777127110567,Information Technology Services,Technology,FISV
2010Q3,2010,Q3,2010-11-05,2010-09-30,132000000.0,1025000000.0,251000000.0,0.22,436000000.0,0.4253658536585366,8614000000.0,3228000000.0,1733000000.0,1114000000.0,5386000000.0,0.0,0.0,8040708000.0,11003708000.0,5.401606425702811,1.5556552962298025,0.4302298583700952,1.148079306071871,0.02311682711391993,5.401606425702811,0.040892193308550186,7.844593170731708,15.228613636363637,2.490925650557621,0.0,0.0,0.0,0.11899233805433015,1.1543985637342908,0.015323891339679591,45.172516853932585,0.4253658536585366,0.047619047619047665,0.466097613699203,0.27095045133820933,0.6211739755537314,0.0,0.03937007874015748,0.0,0.20387236640460496,-0.03729689659008938,0.494007649038735,Information Technology Services,Technology,FISV
2010Q2,2010,Q2,2010-08-05,2010-06-30,127000000.0,1022000000.0,251000000.0,0.21,436000000.0,0.42661448140900193,8182000000.0,3121000000.0,1146000000.0,846000000.0,5061000000.0,0.0,0.0,6963149999.999999,10064150000.0,5.116393442622951,1.3546099290780143,0.420312881935957,1.1018904197372636,0.023703896490184412,5.116393442622951,0.04069208586991349,6.813258317025439,13.706988188976377,2.2310637616148665,0.0,0.0,0.0,0.1249083353703251,0.9905437352245863,0.015521877291615742,53.97790697674418,0.42661448140900193,0.049999999999999906,0.39443606295650285,0.28379048358176384,0.5230518424386407,0.06341463414634146,0.049586776859504134,0.0546218487394958,0.2880051423755861,-0.04938547232733494,0.43224912779205,Information Technology Services,Technology,FISV
2010Q1,2010,Q1,2010-05-06,2010-03-31,121000000.0,1008000000.0,238000000.0,0.2,410000000.0,0.40674603174603174,8309000000.0,3118000000.0,1244000000.0,990000000.0,5191000000.0,0.0,4492000000.0,7745976000.0,10843976000.0,5.108125819134994,1.2565656565656567,0.42291491154170174,1.1270044900577294,0.022312918367219384,5.108125819134994,0.03880692751763951,7.6845,16.0040826446281,2.4842771007055804,0.0,0.0,0.0,0.12131423757371525,0.9393939393939394,0.014562522565892405,35.532,0.40674603174603174,0.034576271186440764,0.10294308546414246,0.3126851464247577,0.5298561831472738,-0.09090909090909091,0.025423728813559324,-0.0703125,0.18697863319589278,-0.07912228707563694,0.42958440371800155,Information Technology Services,Technology,FISV
2009Q4,2009,Q4,2010-02-26,2009-12-31,118000000.0,1062000000.0,256000000.0,0.19331585845347313,451000000.0,0.4246704331450094,8378000000.0,3026000000.0,1277000000.0,1161000000.0,5352000000.0,0.0,4371000000.0,7398047999.999999,10676048000.0,4.95740498034076,1.0999138673557278,0.43459059441394127,1.2032385988103107,0.023600771180953148,4.95740498034076,0.038995373430270985,6.966146892655367,15.673830508474575,2.444827495042961,0.0,0.0,0.0,0.1267605633802817,0.7898363479758829,0.014084507042253521,46.82308860759493,0.4246704331450094,0.017451886597226973,0.5344422708508919,0.5153082170519099,0.4953511509622631,0.09200968523002422,0.02608695652173913,0.10822510822510822,0.24096132555868913,-0.012078573432179444,0.389973770335886,Information Technology Services,Technology,FISV
2009Q3,2009,Q3,2009-11-06,2009-09-30,115000000.0,992000000.0,231000000.0,0.19,413000000.0,0.4163306451612903,9096000000.0,2914000000.0,1995000000.0,1589000000.0,6182000000.0,0.0,4253000000.0,7485460000.0,10984460000.0,4.690920798454604,1.2555066079295154,0.41523746701846964,1.2961564859299932,0.02295170115113356,4.690920798454604,0.0394646533973919,7.545826612903226,16.272739130434786,2.568792038435141,0.0,0.0,0.0,0.1090589270008795,0.500943989930774,0.0126429199648197,35.987788461538464,0.4163306451612903,-0.13636363636363635,0.5661538077755484,0.3022966983717811,0.45635961600989805,0.0,-0.17857142857142858,-0.004310344827586207,0.1665426190921055,-0.04216238432943686,0.3296672110344543,Information Technology Services,Technology,FISV
2009Q2,2009,Q2,2009-08-06,2009-06-30,140000000.0,1032000000.0,232000000.0,0.22,413000000.0,0.4001937984496124,9190000000.0,2836000000.0,2073000000.0,1781000000.0,6354000000.0,0.0,4138000000.0,7110444441.905,10681444441.904999,4.557857144484949,1.1639528354856823,0.42219804134929273,1.3681241184767279,0.021468253567667062,4.557857144484949,0.04936530324400564,6.889965544481589,12.6972222176875,2.507208900530677,0.0,0.0,0.0,0.11229597388465723,0.4778214486243683,0.015233949945593036,70.40044001886139,0.4001937984496124,0.29411764705882343,0.8471904798566299,0.36786121151698087,0.471300542773445,-0.014319809069212411,0.3592233009708738,0.06422018348623854,0.33936465896953594,0.06270843654037182,0.3327322699097354,Information Technology Services,Technology,FISV
2009Q1,2009,Q1,2009-05-07,2009-03-31,103000000.0,1044000000.0,218000000.0,0.17,419000000.0,0.4013409961685824,9336000000.0,2708000000.0,2187000000.0,2040000000.0,6628000000.0,0.0,3998000000.0,5669530000.0,9364530000.0,4.353697749196141,1.0720588235294117,0.4291988003427592,1.4796898079763663,0.019993462034396964,4.353697749196141,0.03803545051698671,5.430584291187739,13.760995145631068,2.093622599704579,0.0,0.0,0.0,0.11182519280205655,0.4235294117647059,0.011032562125107111,31.67335195530726,0.4013409961685824,0.705483870967742,0.38870695807905287,0.3933187787963272,0.46592980620443586,-0.004750593824228029,0.6612903225806451,-0.0045662100456621,0.022264773348157386,0.09799088937473369,0.31060928963529916,Information Technology Services,Technology,FISV
2008Q4,2008,Q4,2009-02-27,2008-12-31,62000000.0,1061000000.0,219000000.0,0.09967845659163987,421000000.0,0.39679547596606973,9331000000.0,2594000000.0,2145000000.0,2047000000.0,6737000000.0,0.0,3895000000.0,5655535000.0,9528535000.0,4.170418006430868,1.0478749389350268,0.43993141142428466,1.5824980724749422,0.019163951387494788,4.170418006430868,0.023901310717039322,5.330381715362865,22.804576612903222,2.1802370855821125,0.0,0.0,0.0,0.11370699817811596,0.4069369809477284,0.006644518272425249,-11.045966796875,0.39679547596606973,-0.1693461950696677,-0.05370277784729323,0.6771570201105138,0.4753572588901531,0.007177033492822967,-0.20512820512820512,0.02336448598130841,-0.5247765525886599,0.13488539524225923,0.21337795529355497,Information Technology Services,Technology,FISV
2008Q3,2008,Q3,2008-11-06,2008-09-30,78000000.0,1080000000.0,214000000.0,0.12,418000000.0,0.387037037037037,9588000000.0,2775000000.0,2456000000.0,1818000000.0,6813000000.0,0.0,3833000000.0,7689500000.0,11476500000.0,4.269230769230769,1.350935093509351,0.44420108468919484,1.5347747747747749,0.01227317962106134,4.269230769230769,0.02810810810810811,7.119907407407408,24.645833333333336,2.770990990990991,0.0,0.0,0.0,0.11264080100125157,0.5682068206820682,0.008135168961201502,53.03103448275862,0.387037037037037,-0.2,0.15580361140128335,0.6165629690213513,0.5731769297634325,-0.056433408577878104,-0.21212121212121213,-0.044642857142857144,-0.20350915095759667,0.23119187826985527,0.28131619989504103,Information Technology Services,Technology,FISV
2008Q2,2008,Q2,2008-08-07,2008-06-30,99000000.0,1295000000.0,224000000.0,0.15,443000000.0,0.3420849420849421,10102000000.0,2848000000.0,2531000000.0,2250000000.0,7254000000.0,0.0,3754000000.0,7413458000.0,11718458000.0,4.357405140758874,1.1248888888888888,0.44704019006137397,1.5856741573033708,0.018588931136459656,4.357405140758874,0.03476123595505618,5.724677992277992,18.720853535353534,2.6030400280898873,0.0,0.0,0.0,0.12819243714116016,0.4528888888888889,0.00980003959611958,9.55342525773196,0.3420849420849421,-0.7,0.49305996709373534,1.0740547343020372,0.6664441680324015,0.01141552511415525,-0.6990881458966566,-0.008849557522123894,0.014490235087356435,0.5182063940095953,0.2971156347354976,Information Technology Services,Technology,FISV
2008Q1,2008,Q1,2008-05-09,2008-03-31,329000000.0,1310000000.0,226000000.0,0.5,438000000.0,0.33435114503816793,10520000000.0,2692000000.0,2911000000.0,2730000000.0,7828000000.0,0.0,3655000000.0,7886760000.000001,12291760000.0,4.103658536585366,1.0663003663003663,0.45399239543726233,1.7741456166419018,0.018578847809726563,4.103658536585366,0.12221396731054977,6.020427480916031,5.992978723404256,2.929702823179792,0.0,0.0,0.0,0.12452471482889733,0.4443223443223443,0.03127376425855513,47.22610778443114,0.33435114503816793,2.4051035026887857,4.195524438900775,1.1692681334133224,0.6328384866913603,0.7412945212831512,2.4154849158067395,0.45750032245582356,1.7904504526789686,0.5873840790819034,0.229023639590641,Information Technology Services,Technology,FISV
2007Q4,2007,Q4,2008-02-28,2007-12-31,96326000.0,383136000.0,155060000.0,0.14683841463414635,251537000.0,0.656521444082519,11846000000.0,2467000000.0,4204000000.0,3754000000.0,9379000000.0,0.0,3326000000.0,9100360000.0,14208360000.0,3.760670731707317,1.119872136387853,0.45627215937869325,2.190920145926226,0.01227666660651024,3.760670731707317,0.03904580462099716,23.752296834544392,23.618649170525092,3.688836643696798,0.0,0.0,0.0,0.03234306939051156,0.30287693127330845,0.008131521188586864,69.45461206172821,0.656521444082519,-0.18423102981029804,0.654047750047545,-0.32890462720005886,0.5813891735933558,-0.27606502080827033,-0.20309410548086868,-0.2471901929845855,0.1655281268794238,-0.4913253347756998,0.13436834984219614,Information Technology Services,Technology,FISV
2007Q3,2007,Q3,2007-11-08,2007-09-30,120875000.0,1173747000.0,205975000.0,0.18,347458000.0,0.2960246117774955,6277939000.0,2381901000.0,3000808000.0,2737046000.0,3896038000.0,0.0,3229565000.0,8528166000.0,9338872000.0,3.615514571948998,1.0963673975519592,0.15482087353827426,0.40805894115666436,0.03810580927504105,3.615514571948998,0.05074728126819712,7.265761701627352,17.63839917269907,3.580403215750781,0.0,0.0,0.0,0.1869637471788114,0.29939650265286005,0.019253930310568483,65.01266228073519,0.2960246117774955,0.12499999999999993,1.1306703526641966,1.1530672883021706,0.5697742164605,0.004777245044909574,0.11677260800473041,0.13722946113074205,0.5522115618520748,0.4529498323597492,0.12248525181165242,Information Technology Services,Technology,FISV
2007Q2,2007,Q2,2007-08-03,2007-06-30,108236000.0,1180136000.0,181120000.0,0.16,345806000.0,0.2930221601578123,6453326000.0,2391998000.0,3176302000.0,2930264000.0,4061328000.0,0.0,3108690000.0,9508320000.0,10236540000.0,3.572278972520908,1.0839644482544917,0.13633279955173502,0.3678096720816656,0.034140686602860904,3.572278972520908,0.04524920171337936,8.056969705186521,21.962008943419935,3.9750534908474,0.0,0.0,0.0,0.18287252185927072,0.2442646805885067,0.016772126497251186,108.97038599064821,0.2930221601578123,-0.058823529411764754,0.8571031212384167,1.1338024075321096,0.5597578515754889,-0.014219171365530768,-0.046907883729735915,-0.06334521045255444,0.3270443960331721,0.4535315679444515,0.1531506636990283,Information Technology Services,Technology,FISV
2007Q1,2007,Q1,2007-05-03,2007-03-31,113563000.0,1219419000.0,193369000.0,0.17,350794000.0,0.28767306397554904,6363106000.0,2429745000.0,975931000.0,880236000.0,3933361000.0,0.0,3000454000.0,9020200000.0,9641309000.0,3.573154411764706,1.1087151627518075,0.12916710801297354,0.33826759598229444,0.036508410556225404,3.573154411764706,0.046738649529065805,7.397129288620237,19.8572598469572,3.7124060343780934,0.0,0.0,0.0,0.1916389574525397,0.9085870153004422,0.017847101714162865,74.21528537695099,0.28767306397554904,0.09128876975062769,0.9561417343243103,1.164295348902369,0.6131348952778806,0.04470446687295068,0.07189511638004266,0.06598713333590593,0.40052774115314344,0.48862195990377205,0.20311373368624275,Information Technology Services,Technology,FISV
