Quarters,Year,Quarter,FillingDate,Date,NetIncome,Revenue,OperatingIncome,EPSDiluted,GrossProfit,GrossProfitRatio,TotalAssets,CommonStockEquity,CurrentAssets,CurrentLiability,TotalLiability,Inventory,RetainedEarnings,MarketCap,EnterpriseValue,bookValuePerShare,currentRatio,debtToAssets,debtToEquity,roic,shareholdersEquityPerShare,roe,priceToSalesRatio,peRatio,pbRatio,payoutRatio,inventoryTurnover,dividendYield,assetTurnover,quickRatio,returnOnAssets,priceToFreeCashFlowsRatio,grossProfitMargin,epsdilutedGrowth,fiveYNetIncomeGrowthPerShare,fiveYRevenueGrowthPerShare,fiveYShareholdersEquityGrowthPerShare,grossProfitGrowth,netIncomeGrowth,operatingIncomeGrowth,threeYNetIncomeGrowthPerShare,threeYRevenueGrowthPerShare,threeYShareholdersEquityGrowthPerShare,Industry,Sector,Symbol
2023Q1,2023,Q1,2023-05-04,2023-03-31,157539000.0,1092387000.0,364883000.0,1.37,-650097613000.0,-595.116577733,38597653000.0,5327392000.0,4390205000.0,-4337000000.0,-4337000000.0,0.0,3209815000.0,6426273860.0,4835348860.0,48.985710870404766,-1.0122676965644455,0.03043765381278494,0.22052478961563182,0.04212143828597285,48.985710870404766,0.029571505156744615,5.882781340312545,10.197909501774165,1.2062701336789183,0.3575559067913342,0.0,0.008765421646689673,0.028301902190788646,-1.33888955499193,0.004081569415632603,-16.046268664915452,-595.1165777329829,-0.04195804195804184,0.7625375660727448,0.4639791853858974,0.8133027466418314,-3381.278548648072,-0.10803924788105605,0.17362705933059291,0.7888570061677577,0.19579740471074444,0.5093662894095573,Capital Markets,Financial Services,SF
2022Q4,2022,Q4,2023-02-17,2022-12-31,176621000.0,1108464000.0,310902000.0,1.43,-192207000.0,-0.1733994067,37196124000.0,5328471000.0,1665058000.0,1264282000.0,31867653000.0,0.0,3169095000.0,6324039280.0,5298608280.0,49.181043712619065,1.3169988973978906,0.03157732241133512,0.22042983812804837,0.03613244033756963,49.181043712619065,0.033146656892755914,5.705227485962557,8.951426047865203,1.186839391637864,0.24079243125109698,0.0,0.006724974042223217,0.029800524377217367,4.096002315939007,0.004748371093719335,8.434605247188149,-0.17339940674663318,0.1818181818181818,85.60327066604752,0.3308617196565996,0.7732032358959002,-1.4589447996905458,0.16836785319741482,0.29899724241664577,0.3185319154322231,0.15944155791044118,0.438169516755574,Capital Markets,Financial Services,SF
2022Q3,2022,Q3,2022-11-09,2022-09-30,151169000.0,1030672000.0,239340000.0,1.21,418802000.0,0.406338777,37612063000.0,5227350000.0,3075390000.0,1336872000.0,32384713000.0,0.0,3051594000.0,5646094970.0,5405836970.0,48.06007336784135,2.3004371398308887,0.03122096759223231,0.22464250528470447,0.027466743471979055,48.06007336784135,0.02891885946033841,5.478071559138115,9.337388899179063,1.0801065492075335,0.2734819969702783,0.0,0.00732222894224537,0.027402697905722428,3.627060780688054,0.004019162681929997,10.218917475394289,0.406338777030908,-0.06201550387596905,1.1469908385813563,0.371907424360589,0.6845417058581053,0.5226339842429222,-0.12706872856202434,0.014689984101748807,0.35658074375037896,0.24778385530891792,0.4657388066576809,Capital Markets,Financial Services,SF
2022Q2,2022,Q2,2022-08-04,2022-06-30,173174000.0,1093100000.0,235875000.0,1.29,275051000.0,0.251624737,36476441000.0,5124737000.0,5179467000.0,2449373000.0,31351704000.0,0.0,2948280000.0,6110829660.0,5707168660.0,46.98016189507073,2.1146093306327782,0.03218559617699545,0.2290880488110902,0.027556816081920885,46.98016189507073,0.03379178287588221,5.590366535541121,8.82180590042385,1.1924181982411974,0.23898506704239666,0.0,0.00677256646031269,0.029967287652871617,2.1146093306327782,0.004747557471410108,13.656034566753522,0.251624736986552,-0.12244897959183669,2.091277216952531,0.4424108666490052,0.6979378929732073,-0.3556577982575532,-0.0021607730381621327,0.12066876665858978,0.5830828530549056,0.38019453974225287,0.49030147644121314,Capital Markets,Financial Services,SF
2022Q1,2022,Q1,2022-05-05,2022-03-31,173549000.0,1100562000.0,210477000.0,1.47,426871000.0,0.387866381,35087698000.0,5054344000.0,3481290000.0,1177343000.0,30033354000.0,0.0,2834224000.0,7415019500.000001,7061620500.000001,46.28308227645255,2.9569038079811913,0.03424981028963484,0.23776517783514536,0.025709247090120423,46.28308227645255,0.03433660233652478,6.737484576062049,10.681449475364307,1.4670587320530617,0.2637353139459173,0.0,0.006172741690025224,0.03136603603918388,4.658121719838654,0.004946149502312748,-10.990408059512571,0.3878663809944374,-0.3318181818181819,1.4883828257510183,0.5550136813072591,0.7090849813100838,-0.683000184910556,-0.3360534067867937,-0.3544026575138259,0.7228508847746301,0.42716837240257954,0.4741786390818493,Capital Markets,Financial Services,SF
2021Q4,2021,Q4,2022-02-18,2021-12-31,261390000.0,1274404000.0,326019000.0,2.2,1346597000.0,1.0566484412,34049715000.0,5034959000.0,22938467000.0,2363831000.0,29014756000.0,0.0,2757208000.0,7547967700.0,6758119700.0,46.97447404021085,9.703936956576,0.03446366584859815,0.23306604880000015,0.04307440862759934,46.97447404021085,0.05191502055925381,5.922743258809608,7.21906700715406,1.499112048380136,0.10845479934197942,0.0,0.0037558454310820644,0.037427743521494965,2.455485184854586,0.007676716236831938,26.35776488828981,1.0566484411536687,0.42857142857142866,8.068299822902993,0.8235020083819622,0.7146044629636035,0.21158521333700428,0.3587453736432819,0.22322108620204484,1.2983618187184611,0.633861769261589,0.5941786033902167,Capital Markets,Financial Services,SF
2021Q3,2021,Q3,2021-11-04,2021-09-30,192376000.0,1111434000.0,266525000.0,1.54,1111434000.0,1.0,30820334000.0,4791324000.0,19535218000.0,2674168000.0,26029010000.0,0.0,2528727000.0,7297476839.999999,6468413839.999999,44.620680021233206,7.305157342395841,0.03975330053204485,0.2557142869069176,0.03322398418460539,44.620680021233206,0.040150906096102036,6.565821128380092,9.483351405580738,1.5230606070472377,0.13194473323075642,0.0,0.0034783255303897616,0.036061711725771696,2.208909088733393,0.006241853186925229,8.491599532684178,1.0,-0.03750000000000003,9.029179916049285,0.6352587270065914,0.653127987902559,-0.012869429908235369,-0.028781736395442178,-0.04197654230903333,0.8609147546300876,0.5358981661513721,0.5225389765874496,Capital Markets,Financial Services,SF
2021Q2,2021,Q2,2021-08-05,2021-06-30,198077000.0,1125924000.0,278203000.0,1.6,1125924000.0,1.0,29744764000.0,4508790000.0,18876649000.0,2537041000.0,25235974000.0,0.0,2365907000.0,6994307820.0,6805727820.0,41.81115943507331,7.440419370439815,0.03943352853631651,0.2601454048647198,0.036734162175851195,41.81115943507331,0.043931298641098834,6.212060334445309,8.827763723198554,1.5512604978275768,0.12227568066963858,0.0,0.0034628158530203208,0.03785284697501718,2.231145259378938,0.006659222443318091,100.48426601155073,1.0,0.142857142857143,17.834016482574427,0.6344702205643705,0.6817356386159525,0.029696776813248317,0.14485449238505332,0.1480241982074179,1.262969185090905,0.5325490616359982,0.5219152098926649,Capital Markets,Financial Services,SF
2021Q1,2021,Q1,2021-05-06,2021-03-31,173015000.0,1093452000.0,242332000.0,1.4,1093452000.0,1.0,28141581000.0,4318872000.0,17829592000.0,2604719000.0,23822709000.0,0.0,2202701000.0,6902208760.0,6649369760.0,40.08382677779222,6.845111507229762,0.04167043777675462,0.27152274945865496,0.03350201866296,40.08382677779222,0.04006022868934296,6.3123107004239785,9.973425367742681,1.5981508041914647,0.13854868075022397,0.0,0.00347294624568846,0.038855386269875884,2.065739912827449,0.006148019899805913,-12.987992322601283,1.0,-0.09677419354838718,5.0164191185273985,0.6913176521902237,0.68119398542773,0.04414437039675408,-0.0819975698921308,-0.02762262455059065,0.9537911496607095,0.47911583084278514,0.4837819417253552,Capital Markets,Financial Services,SF
2020Q4,2020,Q4,2021-02-19,2020-12-31,188469000.0,1047223000.0,249216000.0,1.55,1047223000.0,1.0,26604254000.0,4238766000.0,17164605000.0,2411614000.0,22365488000.0,0.0,2078135000.0,5350828860.0,4243963860.0,39.972897275582085,7.117476096920983,0.0440684786726213,0.27659205532931047,0.03698361231664289,39.972897275582085,0.04446317631121888,5.1095410051154335,7.0977572704264364,1.2623553317168252,0.10604396478996546,0.0,0.0037351222629086293,0.0393629905954138,2.4861204985540803,0.007084167817673069,16.491490044997843,1.0,0.597938144329897,15.26268701461165,0.7699044137236419,0.6394652513851535,0.20364095691492173,0.5637077169430916,0.4471213308945214,93.23925581667787,0.28464036296434453,0.4412071287338272,Capital Markets,Financial Services,SF
2020Q3,2020,Q3,2020-11-06,2020-09-30,120527000.0,870046000.0,172215000.0,0.97,870046000.0,1.0,25549182000.0,4030687000.0,16134703000.0,2296750000.0,21518495000.0,0.0,1913682000.0,3570904651.35,3326339651.35,38.046705462028214,7.025014912376184,0.057614564724616235,0.36519953050187226,0.02381464617502804,38.046705462028214,0.0299023466719197,4.104271097562657,7.406856246629386,0.8859295329431434,0.17384486463613963,0.0,0.005867700777750704,0.03405377127142466,2.629877870904539,0.004717450445184507,8.442852940891358,1.0,0.043010752688171956,5.917207666762504,0.4811507079823932,0.5939895319286974,-0.012029887354651162,0.11715962071426585,0.10363102714618953,0.7574659907547668,0.18899950815802508,0.33356563213595863,Capital Markets,Financial Services,SF
2020Q2,2020,Q2,2020-08-06,2020-06-30,107887000.0,880640000.0,156044000.0,0.93,880640000.0,1.0,25624225000.0,3884060000.0,16253794000.0,2358047000.0,21740165000.0,0.0,1818335000.0,3345095610.0,3348244610.0,36.71463883808092,6.892905018432627,0.0700471526455922,0.4621205645638842,0.02073636058327271,36.71463883808092,0.027776862355370413,3.7984824786518896,7.751387122637575,0.8612368526747786,0.15296560289932987,0.0,0.004933491273213563,0.03436747843105499,2.791091526165509,0.004210351727710789,3.717867605461608,1.0,0.3098591549295776,4.007055753430252,0.4503352349959922,0.49400586927230233,-0.01954147888202077,0.2459665777408216,0.11889174906606054,0.9857967024222754,0.19822369286724192,0.3269255361281371,Capital Markets,Financial Services,SF
2020Q1,2020,Q1,2020-05-07,2020-03-31,86589000.0,898192000.0,139463000.0,0.71,898192000.0,1.0,25896006000.0,3470326000.0,23727022000.0,21098411000.0,22425680000.0,0.0,1728911000.0,2942686080.0,3085185080.0,32.45448849236409,1.1245881028670832,0.058905570225771496,0.43956072138467683,0.0210002034703402,32.45448849236409,0.02495125818150802,3.2762327876445125,8.496131379274503,0.8479566703531599,0.18843040109020776,0.0,0.005544594141689758,0.034684576455535264,0.3281341898212145,0.0033437202632714868,-50.13691717922069,1.0,-0.34259259259259267,0.9167199762886733,0.555353628862161,0.4008921282007141,-0.0370454550327742,-0.33744739459790346,-0.28135193210452275,0.26795786422915424,0.296092212942558,0.19843960536354804,Capital Markets,Financial Services,SF
2019Q4,2019,Q4,2020-02-19,2019-12-31,130690000.0,932746000.0,194063000.0,1.08,932746000.0,1.0,24610225000.0,3614791000.0,22146450000.0,19668424000.0,20940435000.0,0.0,1715704000.0,4274001976.5000005,4458565976.5,34.19697270706211,1.1259900640742746,0.05392717864221071,0.36714709093831427,0.031558162299829884,34.19697270706211,0.03615423408988237,4.582171326920727,8.175839728556126,1.1823648937103142,0.11549468207207897,0.0,0.003531584702813017,0.037900750602645854,0.3242206391320423,0.005310394358442477,7.74323414213919,1.0,0.21348314606741578,1.7440382165665513,0.5529911387014577,0.4767857949179615,0.1500758295007583,0.19445409179812456,-0.0006539986611051032,3.59745769476373,0.3533215487063768,0.24821582830669722,Capital Markets,Financial Services,SF
2019Q3,2019,Q3,2019-11-06,2019-09-30,109414000.0,811030000.0,194190000.0,0.89,811030000.0,1.0,24160777000.0,3501715000.0,4465267000.0,19332311000.0,20603029000.0,0.0,1603826000.0,4085280300.15,4543315300.15,32.788975190902235,0.23097429996858626,0.05491963275849945,0.3789288962693994,0.029377134978072508,32.788975190902235,0.031245832399267218,5.037150660456457,9.334455143194655,1.1666512837709524,0.13882135741312812,0.0,0.0037179823375748052,0.03356804294828763,0.3303462271013538,0.004528579523746277,12.413794015503264,1.0,0.022988505747126457,1.5684604484103657,0.47950193867621904,0.4652769792775102,0.026907527295610544,0.0030159966998212404,-0.030024825050823923,4.735269485898499,0.19979243193705243,0.2147814098066061,Capital Markets,Financial Services,SF
2019Q2,2019,Q2,2019-08-07,2019-06-30,109085000.0,789779000.0,200201000.0,0.87,789779000.0,1.0,24343597000.0,3429126000.0,1021698000.0,19587979000.0,20858175000.0,0.0,1512702000.0,4306181845.95,4953161845.95,31.52393165928929,0.052159439215245226,0.05933128945570369,0.4211968297461219,0.03046855827554794,31.52393165928929,0.03181131285347928,5.45238838453542,9.868867960649952,1.2557665848236548,0.12555346747948848,0.0,0.0031805438065466746,0.032442986958747304,0.28658908609203637,0.004481055120983148,155.94198037046425,1.0,0.074074074074074,1.2874068021990412,0.3107154542108088,0.4426479657385372,0.03991630939715378,0.09956958682351044,0.0704504745354899,9.28249871632214,0.13657539248334927,0.2679609955099435,Capital Markets,Financial Services,SF
2019Q1,2019,Q1,2019-05-08,2019-03-31,99207000.0,759464000.0,187025000.0,0.81,759464000.0,1.0,24183559000.0,3376623000.0,985206000.0,19480820000.0,20750362000.0,0.0,1443658000.0,3926295585.0,4873600585.0,31.39584379358438,0.05057312782521475,0.07133300768509714,0.51089091083014,0.026452282208704662,31.39584379358438,0.02938053789244461,5.169824488060001,9.89419996824821,1.162787668330163,0.15410202909068915,0.0,0.0038937465784303653,0.031404145270760186,0.2953821759042997,0.0041022497970625415,-8.929324881512276,1.0,-0.11956521739130432,0.9283999352542648,0.3008307587231735,0.4808208047536819,-0.029166027509331695,-0.1302361873367116,-0.1252625030985889,2.4561086257731617,0.17685617966133163,0.31680300999718564,Capital Markets,Financial Services,SF
2018Q4,2018,Q4,2019-02-20,2018-12-31,114062000.0,782280000.0,213807000.0,0.92,782280000.0,1.0,24519598000.0,3167593000.0,2121242000.0,19736032000.0,21322005000.0,0.0,1366503000.0,2968402136.7,2828470136.7,29.46625550005116,0.10748067291337995,0.07327314256946627,0.5671902924397169,0.03150498888302845,29.46625550005116,0.03600904535399592,3.7945519976223343,6.506115394916799,0.9371160173355605,0.0960793252792341,0.0,0.003691885228253885,0.0319042751027158,0.3406995894615493,0.00465187071990332,6.086845002716973,1.0,0.10843373493975914,1.1386452992364924,0.27775970281794615,0.3923934189523988,0.07603259404349907,0.09824953301623371,0.13126593932210923,8.70873730506763,0.3041941796616191,0.20854141864469258,Capital Markets,Financial Services,SF
2018Q3,2018,Q3,2018-11-06,2018-09-30,103858000.0,727004000.0,188998000.0,0.83,727004000.0,1.0,23760048000.0,3161569000.0,920172000.0,18451000000.0,20598479000.0,0.0,1265536000.0,3680814419.9999995,5273756420.0,29.306757138818206,0.04987111809658013,0.09626428364117783,0.7234521846589462,0.025634580445520912,29.306757138818206,0.032850144975485274,5.062990602527633,8.860209179841707,1.1642366242837021,0.10729072387298041,0.0,0.0030273191550906826,0.030597749634175823,0.3336780120318682,0.004371119115584278,22.90174599619218,1.0,0.20289855072463772,0.34081976692298155,0.396170043447785,0.42617208775609,-0.007688664372670231,0.18984499409992325,0.21443717630730083,4.853471950868762,0.21540482276345174,0.22782415788077942,Capital Markets,Financial Services,SF
2018Q2,2018,Q2,2018-08-07,2018-06-30,87287000.0,732637000.0,155626000.0,0.69,732637000.0,1.0,22608169000.0,2954362000.0,701519000.0,17811000000.0,19653807000.0,0.0,1175151000.0,3745903415.4,5359621415.4,27.472725920139858,0.03938683959350963,0.09226554348563124,0.7060593793177681,0.02277280973534234,27.472725920139858,0.02954512683279842,5.112905047656616,10.728697902895048,1.2679229611672505,0.12531075647003562,0.0,0.002919989862801095,0.03240585294633988,0.34027202290719216,0.0038608610896353436,25.080367815153057,1.0,-0.028169014084507067,1.6681375235574722,0.3488533935916888,0.40053018099038046,-0.011276759699484341,-0.016606392447133314,0.06588040299437699,2.985176789982459,0.18698041316807923,0.1179304786467472,Capital Markets,Financial Services,SF
2018Q1,2018,Q1,2018-05-07,2018-03-31,88761000.0,740993000.0,146007000.0,0.71,740993000.0,1.0,21715342000.0,2917540000.0,666863000.0,16888000000.0,18797802000.0,0.0,1103013000.0,4264504369.95,6039856369.95,27.014634462515684,0.03948738749407864,0.10249412604231607,0.7628670043941128,0.02107634916228294,27.014634462515684,0.030423233271866024,5.755120992978341,12.011199653986548,1.4616781157927567,0.12362411419429704,0.0,0.0025731008924089003,0.03412301772636139,0.3640653718616769,0.004087478797248508,-11.328690739810963,1.0,37.787564766839374,4.064306656766133,0.42830384302725166,0.2783257604106369,-0.06574753511359911,45.648390342052316,6.666421632974534,0.9453417756567568,0.27043324889250636,0.16608181249450424,Capital Markets,Financial Services,SF
2017Q4,2017,Q4,2018-02-26,2017-12-31,-1988000.0,793140000.0,19045000.0,-0.0193,793140000.0,1.0,21383953000.0,2861576000.0,807662000.0,16695000000.0,18522377000.0,0.0,1033526000.0,4096659359.1,5483816359.1,27.735706047124733,0.04837747828691225,0.09743006823855252,0.728074319885266,0.009337181557172303,27.735706047124733,-0.0006947220692373713,5.16511506051895,-515.1734606514084,1.4316094903996956,-4.6262575452716295,0.0,0.0022449999362457364,0.037090429444920685,0.3781368074273735,-9.296690841024575e-05,-14.22515377117717,1.0,-1.0364150943396226,-1.0389444910293284,0.6042560883361153,0.498485343880947,0.11719772317825385,-1.0298785619814836,-0.84856556725295,-1.042765509385451,0.3529598444996487,0.19775797270953502,Capital Markets,Financial Services,SF
2017Q3,2017,Q3,2017-11-08,2017-09-30,66536000.0,709937000.0,125764000.0,0.53,709937000.0,1.0,20484080000.0,2932405000.0,701565000.0,15898000000.0,17551675000.0,0.0,1047859000.0,3663186120.0,4806379120.0,28.53005847270463,0.044129135740344695,0.08455878906936509,0.5906786409107883,0.016589155585645703,28.53005847270463,0.022689908112965295,5.159874918478682,13.763925243477217,1.249208796192886,0.13794036311169894,0.0,0.0025054692006749577,0.034657988057066755,0.3716919109321927,0.0032481810264361395,11.168250365853659,1.0,0.26190476190476203,0.38020316083120353,0.3219976018625237,0.6073301943581367,-0.006268065480148093,0.25988903826854254,0.2596302157408706,0.6228872162772078,0.3456437367403637,0.2749540860641052,Capital Markets,Financial Services,SF
2017Q2,2017,Q2,2017-08-08,2017-06-30,52811000.0,714415000.0,99842000.0,0.42,714415000.0,1.0,19533575000.0,2845309000.0,806386000.0,15034000000.0,16688266000.0,0.0,990459000.0,3152201452.2000003,4232943452.2000003,27.66895190306708,0.053637488359717975,0.09003963688162561,0.6181388383476101,0.01376510591234593,27.66895190306708,0.01856072574191415,4.412283409782829,14.922087501656854,1.1078590944603908,0.04438469258298461,0.0,0.0007436072965336856,0.036573694267434405,0.3895710389783158,0.0027036013632937136,11.844236644898512,1.0,-0.19230769230769237,0.5788953249259421,0.49098980489562616,0.6206620476388371,0.07461853647970541,-0.19387287825131275,0.05190960332929463,0.1714104664130684,0.2541796203049237,0.26623029159228523,Capital Markets,Financial Services,SF
2017Q1,2017,Q1,2017-05-05,2017-03-31,65512000.0,664808000.0,94915000.0,0.52,664808000.0,1.0,19135892000.0,2777903000.0,4036368000.0,14705000000.0,16357989000.0,0.0,939896000.0,3432293340.0,4625598340.0,27.080620789830277,0.27448949336960216,0.09676538726284617,0.6665790706154967,0.01699734856387548,27.080620789830277,0.023583256866780446,5.162833991167375,13.097956633899134,1.235569902908777,0.03577970448162169,0.0,0.0006829253119723153,0.034741416809835675,0.40295640938456306,0.003423514304951136,10.464915162768575,1.0,1.4761904761904765,0.4668105117295166,0.29291555929923774,0.6104792605111764,0.020068157163483594,1.4372023809523808,0.3366050808314088,0.3351424468417286,0.19388307576654212,0.2772883867966102,Capital Markets,Financial Services,SF
2016Q4,2016,Q4,2017-02-23,2016-12-31,26880000.0,651729000.0,71012000.0,0.21,651729000.0,1.0,19129356000.0,2738408000.0,4094245000.0,15028000000.0,16390948000.0,0.0,876958000.0,3328468199.9999995,4155927199.9999995,27.39668247393801,0.27244110992813414,0.09098011454227732,0.6355484646553764,0.007763803915959652,27.39668247393801,0.009815922243873083,5.10713532772057,30.956735491071427,1.2154756340180133,0.08716517857142857,0.0,0.0007039274102123013,0.03406957348694854,0.43485047910566943,0.0014051701479129773,-25.798879208780303,1.0,0.4999999999999998,-0.20500972644633006,0.5445477712772878,0.6803732014237119,0.03250904217145193,0.5089255641630178,0.4992505014251029,-0.4579600591576675,0.14487547539897885,0.29459816764887475,Capital Markets,Financial Services,SF
2016Q3,2016,Q3,2016-11-09,2016-09-30,17814000.0,631209000.0,47365000.0,0.14,631209000.0,1.0,17204908000.0,2691690000.0,3820324000.0,13150000000.0,14513218000.0,0.0,852422000.0,2556229575.8999996,3478652575.8999996,26.99166691736109,0.29051893536121676,0.09285024947532414,0.5934858769026151,0.007030188625693631,26.99166691736109,0.006618146963431896,4.049735627818994,35.87388536965308,0.9496745821026937,0.0,0.0,0.0,0.03668772887364466,0.4419989353612167,0.001035402223598057,12.92206297625607,1.0,0.6147635524798156,-0.3708817115123382,0.48765478361081127,0.6803703204452959,-0.0137359375,0.8231501381639545,0.43291483890485555,-0.7512108359354723,0.3113368386006424,0.3135114805507326,Capital Markets,Financial Services,SF
2016Q2,2016,Q2,2016-08-08,2016-06-30,9771000.0,640000000.0,33055000.0,0.0867,640000000.0,1.0,15385602000.0,2490865000.0,2830807000.0,11222000000.0,12894737000.0,0.0,819929000.0,2100611739.6,3744952739.6,24.861909609933324,0.2522551238638389,0.1305403584468128,0.8063231046242971,0.0045453351575360824,24.861909609933324,0.00392273366882589,3.282205843125,53.746078692047895,0.8433262098106481,0.0,0.0,0.0,0.041597332363075556,0.423434949206915,0.0006350742726868926,-6.190377472409271,1.0,-0.63875,1.2668094111875297,0.41335873590128663,0.5225745262433762,0.05221277057486987,-0.6388467935686565,-0.43032193575072386,-0.6794144784262186,0.2647425304082268,0.2674335581763463,Capital Markets,Financial Services,SF
2016Q1,2016,Q1,2016-05-10,2016-03-31,27055000.0,608242000.0,58024000.0,0.24,608242000.0,1.0,14213728000.0,2416876000.0,2702816000.0,10974000000.0,11796852000.0,0.0,826234000.0,2000335021.05,3073475021.05,23.842475719774882,0.24629269181702204,0.11611943045483915,0.6829022258485747,0.008789189758905977,23.842475719774882,0.011194202764229525,3.288715710276502,18.483968037793385,0.8276531444103876,0.0,0.0,0.0,0.042792573489516615,0.4378501913613997,0.0019034415179465937,-18.72026335981807,1.0,1.572347266881029,-0.3301550895901682,0.28972540123162605,0.4598296118000759,0.06635974270281263,1.4216791979949874,1.4620868163109433,0.6445991095745548,0.2491011506557538,0.12822000041658638,Capital Markets,Financial Services,SF
2015Q4,2015,Q4,2016-03-01,2015-12-31,11172000.0,570391000.0,23567000.0,0.0933,570391000.0,1.0,13335915000.0,2492416000.0,2440926000.0,9863000000.0,10843499000.0,0.0,805685000.0,2886834000.0,3145399000.0,24.381667889459525,0.2474831187265538,0.080203270641722,0.4291354252259655,0.0066699590546546944,24.381667889459525,0.0044823978019720625,5.061149281808444,64.59975832438238,1.158247258884552,0.0,0.0,0.0,0.04277104345671069,0.47064534117408496,0.0008377377930198265,-8.654928226222312,1.0,-0.378,-0.7919497982471542,0.09485007176109893,0.532279974572827,-0.015115385611548057,-0.3496711100762559,-0.26683051269288205,-0.7791133244169901,0.16440871474636623,0.3172757141877526,Capital Markets,Financial Services,SF
2015Q3,2015,Q3,2015-11-06,2015-09-30,17179000.0,579145000.0,32144000.0,0.15,579145000.0,1.0,9359179000.0,2493090000.0,1266932000.0,6333000000.0,6866089000.0,0.0,798377000.0,2931552781.65,3255290781.65,23.868855284132522,0.20005242381177957,0.09945722803250157,0.37336718690460435,0.0072166312207861015,23.868855284132522,0.006890645744838734,5.0618632322648045,42.661865964986326,1.1758712207140538,0.0,0.0,0.0,0.061879893524848704,0.4146965103426496,0.0018355242484410224,5.413213397808164,1.0,-0.16666666666666666,1.149778065737628,0.25105501178486966,0.5118702869445664,-0.01610867323449315,-0.17756606664113367,-0.3326828458136976,-0.6493295803235056,0.06123873143320564,0.34472671479645856,Capital Markets,Financial Services,SF
2015Q2,2015,Q2,2015-08-10,2015-06-30,20888000.0,588627000.0,48169000.0,0.18,588627000.0,1.0,10139542000.0,2520251000.0,1429834000.0,7086000000.0,7619291000.0,0.0,781377000.0,3947680381.5,4381532381.5,24.57462824825703,0.20178295230031046,0.10609838195847504,0.42685788042540207,0.007349295178499039,24.57462824825703,0.008288063371465778,6.706590729783038,47.24818533966871,1.5663838171277384,0.0,0.0,0.0,0.058052622100682655,0.42647389218176684,0.002060053600054125,-13.93772840942391,1.0,-0.5135135135135135,-0.3305146435753943,0.21413310851974438,0.8392263814716832,0.06845727002267146,-0.5153258927535559,-0.4202443280977312,-0.3738106216293087,0.23181128537801993,0.43941727450719387,Capital Markets,Financial Services,SF
2015Q1,2015,Q1,2015-05-11,2015-03-31,43097000.0,550913000.0,83085000.0,0.37,550913000.0,1.0,9373137000.0,2363244000.0,602016000.0,6477000000.0,7009893000.0,0.0,759391000.0,3791337900.2999997,3940581900.2999997,23.16701467517572,0.09294673459935156,0.05899839082689179,0.23400038252503763,0.01752421129557159,23.16701467517572,0.018236373391829198,6.881917653604107,21.99304998201731,1.6042938859889202,0.0,0.0,0.0,0.05877573324704419,0.4396549328392774,0.0045979270333934095,-11.795551318364387,1.0,-0.05128205128205133,0.23007492202791657,0.19633252129698484,0.755038397845851,-0.033092416562530716,-0.04612558376308625,0.017811860690178975,-0.029668419649568126,0.07739986412345454,0.3777378647220591,Capital Markets,Financial Services,SF
2014Q4,2014,Q4,2015-03-02,2014-12-31,45181000.0,569768000.0,81631000.0,0.39,569768000.0,1.0,9518151000.0,2322038000.0,900037000.0,6488000000.0,7196113000.0,0.0,716305000.0,3410734677.4500003,3428452677.4500003,23.156352684826455,0.13872333538840936,0.07433166378638036,0.30468924281170245,0.017666498915773387,23.156352684826455,0.019457476578764,5.986181529060952,18.872616129844403,1.4688539453058047,0.0,0.0,0.0,0.05986120623637931,0.5145223489519112,0.004746825302519365,11.3586656191304,1.0,0.1142857142857144,0.262485682414862,0.22935302174942981,0.832474013934696,0.10961198401508129,0.13227075658471793,0.06284828915160669,0.3319545363274278,0.34596375329208423,0.4202929325955454,Capital Markets,Financial Services,SF
2014Q3,2014,Q3,2014-11-10,2014-09-30,39903000.0,513484000.0,76804000.0,0.35,513484000.0,1.0,9326117000.0,2238549000.0,744249000.0,6380000000.0,7087568000.0,0.0,672540000.0,3127140990.0,3349322990.0,22.377322277368762,0.11665344827586206,0.08120206941431252,0.33829949668289594,0.015628994739931186,22.377322277368762,0.017825385997804827,6.090045629464599,19.592142132170515,1.3969499841191773,0.0,0.0,0.0,0.055058713074262314,0.5115815047021943,0.004278629573272564,9.430006362781048,1.0,-0.10256410256410266,0.1638422853786473,0.14453973142503457,0.7339596708494548,-0.06791626051236252,-0.08481456847320015,-0.08988138264465748,0.4047959839977634,0.20640392827617332,0.39310359456695904,Capital Markets,Financial Services,SF
2014Q2,2014,Q2,2014-08-11,2014-06-30,43601000.0,550899000.0,84389000.0,0.39,550899000.0,1.0,9575012000.0,2173191000.0,645360000.0,6994000000.0,7401821000.0,0.0,631222000.0,3139403015.1,3494613015.1,21.851437362372177,0.09227337718044037,0.08099206559741126,0.35684852366865133,0.016825645748289753,21.851437362372177,0.020063123765927615,5.698690712998208,18.000751216141833,1.4446051981165025,0.0,0.0,0.0,0.05753507149651614,0.4804072061767229,0.004553623535928728,-49.40362910490038,1.0,-0.07142857142857137,0.712431987956735,0.3085130702609858,0.9209355157148239,0.024512848742277552,-0.07979823561690093,-0.02064571534676446,9.189907994622859,0.22558161255830575,0.3382094300776381,Capital Markets,Financial Services,SF
2014Q1,2014,Q1,2014-05-12,2014-03-31,47382000.0,537718000.0,86168000.0,0.42,537718000.0,1.0,9387814000.0,2100140000.0,770267000.0,6880000000.0,7287674000.0,0.0,587622000.0,3285997818.1499996,3582988818.1499996,21.2016495802858,0.11195741279069768,0.08760292864771288,0.39159294142295276,0.018104049149910827,21.2016495802858,0.022561353052653634,6.111005802576814,17.33779609424465,1.5646565553486909,0.0,0.0,0.0,0.057278297162683456,0.49983968023255815,0.005047181377901181,-9.532671958521535,1.0,-0.023255813953488393,1.1866616203550926,0.48646313387353507,1.0246032285371252,-0.029524777242152266,-0.018355846523576698,0.00474574690127214,0.20050656011478443,0.16680920890542478,0.2981368310942374,Capital Markets,Financial Services,SF
2013Q4,2013,Q4,2014-03-03,2013-12-31,48268000.0,554077000.0,85761000.0,0.43,554077000.0,1.0,9008870000.0,2058849000.0,933788000.0,6542000000.0,6950021000.0,0.0,540238000.0,3108046522.95,2854686522.95,21.162305925160734,0.14273738917762152,0.05141599334877737,0.2249800738179439,0.02272765358679519,21.162305925160734,0.023444167105018388,5.609412632089041,16.097862574324605,1.50960392090435,0.0,0.0,0.0,0.06150349599894327,0.5173245184958728,0.005357830671327259,12.051316291716589,1.0,-0.3064516129032258,0.8624916877137545,0.48520462005261816,1.1489987474631136,0.1826894548217781,-0.3073898694217248,1.2989759811280293,-0.05552138271558272,0.1175004878021079,0.3299573159605729,Capital Markets,Financial Services,SF
2013Q3,2013,Q3,2013-11-12,2013-09-30,69690000.0,468489000.0,37304000.0,0.62,468489000.0,1.0,8709459000.0,1994489000.0,883022000.0,6275000000.0,6714970000.0,0.0,493029000.0,2667181320.0,2590648320.0,20.549243243800163,0.1407206374501992,0.06575735645577986,0.2871467328222918,0.0351133187997444,20.549243243800163,0.034941280698966,5.693156765687134,9.568020232458029,1.3372755227028077,0.0,0.0,0.0,0.05379082673217705,0.47043298804780875,0.008001645107922317,7.9503200479311795,1.0,1.296296296296296,2.0130914820992456,0.18216679163657346,0.9487485578478059,-0.04136646852395617,1.367589604212672,-0.41605748008077265,1.6538699147183318,0.08907815491500606,0.3016036969376999,Capital Markets,Financial Services,SF
2013Q2,2013,Q2,2013-08-09,2013-06-30,29435000.0,488705000.0,63883000.0,0.27,488705000.0,1.0,8493191000.0,1897990000.0,622128000.0,6134000000.0,6595201000.0,0.0,426805000.0,2309282225.25,2909580225.25,19.61594708420536,0.101422888816433,0.11388228523295897,0.5096043709397836,0.012818561234937291,19.61594708420536,0.015508511635993868,4.725309184988899,19.613404325208087,1.2166988367957683,0.0,0.0,0.0,0.057540799447463264,0.6386387349201174,0.0034657174199897306,92.15380602777445,1.0,0.9285714285714285,0.30152564630324463,0.27533575184453724,1.225342522215846,0.129374055398154,1.0134756139270813,0.8354019421938746,-4.4982651733496954e-05,0.06842761833022565,0.46810633350605824,Capital Markets,Financial Services,SF
2013Q1,2013,Q1,2013-05-10,2013-03-31,14619000.0,432722000.0,34806000.0,0.14,432722000.0,1.0,8133755000.0,1903666000.0,841746000.0,5767000000.0,6230089000.0,0.0,397932000.0,2038830297.3,2498400297.3,21.132824902032613,0.14595907750997053,0.12703038141670114,0.5427601270390919,0.0074211317442145295,21.132824902032613,0.007679393338957569,4.711640030550792,34.866103996511384,1.071002107144846,0.0,0.0,0.0,0.05320076643567454,0.5852269810993584,0.0017973248518058389,39.58893781165048,1.0,-0.6666666666666666,-0.4076138360190403,0.1895814229229754,1.5323276202900782,0.11826028530080629,-0.6341042198528307,-0.5004234186390321,-0.5274938317940138,0.06410174502211535,0.6009364900071615,Capital Markets,Financial Services,SF
2012Q4,2012,Q4,2013-03-01,2012-12-31,39954000.0,386960000.0,69671000.0,0.42,386960000.0,1.0,6966140000.0,1494661000.0,640375000.0,5005000000.0,5471479000.0,0.0,383970000.0,1721102258.2500002,2088353258.2500002,18.50916070709885,0.12794705294705294,0.11070578541344274,0.5159644896066734,0.020117499217126928,18.50916070709885,0.02673114505563469,4.447752372984288,10.769273778908245,1.1515000781113578,0.0,0.0,0.0,0.05554869698283411,0.5580607392607393,0.005735457513056011,-7.873691074345005,1.0,0.049999999999999906,0.8728658150436175,0.18270085128553287,1.2827083664063148,-0.07884212530946487,0.059506762132060464,0.030803829025433133,0.38635380443541273,0.036782895969164765,0.4647192706528766,Capital Markets,Financial Services,SF
2012Q3,2012,Q3,2012-11-09,2012-09-30,37710000.0,420080000.0,67589000.0,0.4,420080000.0,1.0,6139530000.0,1427124000.0,436007000.0,4454000000.0,4712406000.0,0.0,345866000.0,1838516980.0500002,2005901980.0500002,17.749967351355384,0.09789110911540189,0.05875335734168576,0.25275869510988536,0.023114269712726763,17.749967351355384,0.026423772566364242,4.376587745310418,12.188524131861577,1.2882671583198098,0.0,0.0,0.0,0.06842217563885183,0.2076982487651549,0.006142163976721345,7.452591175540648,1.0,0.4285714285714285,1.9327133313698994,0.43867138538457806,1.199305443151532,0.12198756967684898,0.4428374655647383,0.25791442556438554,0.3684831482101291,0.1650117359310893,0.37539814481162087,Capital Markets,Financial Services,SF
2012Q2,2012,Q2,2012-08-09,2012-06-30,26136000.0,374407000.0,53731000.0,0.28,374407000.0,1.0,6138535000.0,1371845000.0,649779000.0,4509000000.0,4766690000.0,0.0,310753000.0,1655282100.0,1758401100.0,17.072622847791322,0.14410711909514304,0.08875374987680286,0.39714253432421304,0.016699791725923778,17.072622847791322,0.019051715026114465,4.42107679610691,15.833353420569331,1.2066101491057664,0.0,0.0,0.0,0.06099289162642227,0.2929616322909736,0.004257693407303208,-14.08175468744683,1.0,-0.24324324324324317,10.258123075428408,0.10710992729137997,1.2039365145688925,-0.06476108639557568,-0.24838236562850488,-0.21289405836165476,0.27048368694558406,0.10068520940613392,0.5008352554052061,Capital Markets,Financial Services,SF
2012Q1,2012,Q1,2012-05-10,2012-03-31,34773000.0,400333000.0,68264000.0,0.37,400333000.0,1.0,5465694000.0,1342942000.0,470564000.0,3865000000.0,4122752000.0,0.0,286854000.0,2014717782.15,2238477782.15,16.815255839578285,0.12175006468305304,0.08237160733842766,0.3352475386129855,0.02234072061789481,16.815255839578285,0.025893151007266135,5.03260481186912,14.484785481192304,1.500226951089474,0.0,0.0,0.0,0.0732446785348759,0.26726830530401036,0.006362046612927837,-10.403268489171857,1.0,0.08823529411764697,1.1814936003130532,0.4127097212376982,1.1709070403908606,0.18741379872874445,0.287126147468167,0.32700905874577196,0.9903762093805891,0.37260563191333207,0.6057345506334431,Capital Markets,Financial Services,SF
2011Q4,2011,Q4,2012-02-28,2011-12-31,27016000.0,337147000.0,51442000.0,0.34,337147000.0,1.0,4951900000.0,1302105000.0,220516000.0,3567000000.0,3649795000.0,0.0,277195000.0,1706438176.6215,1820667176.6215,16.30392727682512,0.06182113821138211,0.05692764393465135,0.2164955975132574,0.01948583306124591,16.30392727682512,0.02074794275423257,5.061406972689954,15.790995860059779,1.3105227125473753,0.0,0.0,0.0,0.06808437165532422,0.2748317914213625,0.005455683676972475,11.525860175893092,1.0,0.4782608695652174,1.06883512952552,0.4388031060700015,2.274340294683884,0.008775814298623038,0.21126255380200862,0.13485847911932758,0.2698833153202658,0.10088815449285199,0.6556380680127022,Capital Markets,Financial Services,SF
2011Q3,2011,Q3,2011-11-09,2011-09-30,22304000.0,334214000.0,45329000.0,0.23,334214000.0,1.0,4942364000.0,1261751000.0,391169000.0,3598000000.0,3680613000.0,0.0,259816000.0,1390867546.1835,1569348546.1835,16.062927670734112,0.10871845469705392,0.0795368370277867,0.3115511697632893,0.015655947056109426,16.062927670734112,0.01767702185296465,4.161607671083497,15.589889102666563,1.1023312414125293,0.0,0.0,0.0,0.06762229572730782,0.2716350750416898,0.004512820180787979,-23.721987075035816,1.0,5.906906906906907,1.04631015513215,0.5144934573845859,1.9800933840225319,-0.068670807591882,5.529274004683841,3.418892571651394,0.1915477976064615,0.04205550933039909,0.5232973186300138,Capital Markets,Financial Services,SF
2011Q2,2011,Q2,2011-08-09,2011-06-30,3416000.0,358857000.0,10258000.0,0.0333,358857000.0,1.0,4513608000.0,1296479000.0,318459000.0,3134000000.0,3217129000.0,0.0,233359000.0,1898141625.864,2067034625.864,16.328862187964432,0.10161423101467773,0.07086503746005413,0.24671205626932638,0.005594705157119999,16.328862187964432,0.0026348286397234358,5.2894095025706624,138.91551711533958,1.4640743319899512,0.0,0.0,0.0,0.0795055751407743,0.496851308232291,0.0007568224799317973,11.359383514347781,1.0,-0.899090909090909,-0.2588723124540891,0.7426723915819812,2.1463402114188694,-0.021155823716016618,-0.8912032613542263,-0.8198011453465903,-0.8159305867963593,0.14123281296970974,0.8524372649607272,Capital Markets,Financial Services,SF
2011Q1,2011,Q1,2011-05-10,2011-03-31,31398000.0,366613000.0,56926000.0,0.33,366613000.0,1.0,4537205000.0,1287007000.0,302883000.0,3167000000.0,3250198000.0,0.0,231685000.0,2514277345.068,2778564345.068,16.332368878567532,0.09563719608462268,0.08577020434386368,0.302373646763382,0.02103900818263342,16.332368878567532,0.024396137705544725,6.858123811943384,20.019406849703802,1.953584825154797,0.0,0.0,0.0,0.08080150665442712,0.29500947268708555,0.006920119324562148,-9.29966986879813,1.0,-0.37735849056603776,30.79391373749789,0.6133172124928403,2.1605661334248967,-0.08711675078872208,-0.2414842730830555,-0.20538805136795085,0.4544228711259503,0.15211154463797244,0.9570932427488498,Capital Markets,Financial Services,SF
2010Q4,2010,Q4,2011-02-28,2010-12-31,41394000.0,401599000.0,71640000.0,0.53,401599000.0,1.0,4213115000.0,1253883000.0,1012714000.0,2876000000.0,2959232000.0,0.0,232415000.0,2172806292.534,2119618292.534,15.912018883009099,0.3521258692628651,0.047551752088419136,0.15977647037243506,0.03051930871053287,15.912018883009099,0.03301264950557588,5.410387706478352,13.122712787686622,1.732862071288948,0.0,0.0,0.0,0.0953211578606328,0.3403164116828929,0.009825034446009663,11.919568885308493,1.0,1.5824175824175823,3.182808438165113,1.5564802846093184,2.896850787715579,0.17982713844201323,1.490822424587365,1.5159227412176468,0.988419622824953,0.25784088040441766,0.9624065729100998,Capital Markets,Financial Services,SF
2010Q3,2010,Q3,2010-11-10,2010-09-30,-84336000.0,340388000.0,-138858000.0,-0.91,340388000.0,1.0,4183843000.0,1212514000.0,830127000.0,2888000000.0,2971329000.0,0.0,200941000.0,1580062911.201,1662778911.201,15.787634356099815,0.28744009695290856,0.06921865853952933,0.23884260305448018,-0.05468843680433877,15.787634356099815,-0.06955466081216381,4.641946576262971,-4.683832856671528,1.3031296225866258,0.0,0.0,0.0,0.08135773737207634,0.32844736842105265,-0.0201575441525889,-19.841063227698527,1.0,-4.37037037037037,-8.39403182612472,1.2880665624331573,2.5540854927688086,0.03773981811474685,-4.995262684163153,-4.62610330600094,-7.866264493653216,0.22038901694382476,0.9561630445030144,Capital Markets,Financial Services,SF
2010Q2,2010,Q2,2010-08-09,2010-06-30,21109000.0,328009000.0,38294000.0,0.27,328009000.0,1.0,3370707000.0,927087000.0,740121000.0,2361000000.0,2443620000.0,0.0,285257000.0,1338060858.5475001,1321758858.5475001,13.361393951185766,0.31347776365946634,0.07310039110489283,0.26577872411111364,0.019163799661406314,13.361393951185766,0.02276916837362621,4.079341903873065,15.847042239654888,1.4432958919146748,0.0,0.0,0.0,0.09731163224807139,0.38152774248199917,0.006262484398673631,13.75148616741005,1.0,-0.09999999999999991,0.7758352164762291,1.4242306642431284,2.1639467616262134,0.05120981956863122,-0.11082561078348778,-0.08619290793681096,9.530054201442649,0.12322981147777791,0.7248471003603216,Capital Markets,Financial Services,SF
2010Q1,2010,Q1,2010-04-30,2010-03-31,23740000.0,312030000.0,41906000.0,0.3,312030000.0,1.0,3227383000.0,912404000.0,2973398000.0,2232000000.0,2314979000.0,0.0,268354000.0,1651200007.6799998,1774899007.6799998,13.200289351851852,1.3321675627240144,0.0834732041409402,0.29526394009671153,0.02127650538368204,13.200289351851852,0.026019175716020533,5.29179889010672,17.388374133108677,1.8097246479410436,0.0,0.0,0.0,0.09668204858239633,0.3640483870967742,0.0073558049974236095,-19.32132000561666,1.0,-0.16666666666666666,1.6146710252696188,1.4883416239792404,2.295899841272305,-0.023279399750208943,-0.037619588130371334,-0.0738186801043186,0.720848132751444,0.27226605865171133,0.7042025029248907,Capital Markets,Financial Services,SF
2009Q4,2009,Q4,2010-02-26,2009-12-31,24668000.0,319467000.0,45246000.0,0.36,319467000.0,1.0,3167356000.0,873446000.0,2913868000.0,2211000000.0,2293910000.0,0.0,244615000.0,1819852876.8000002,1833332876.8000002,12.63666087962963,1.3178959746720942,0.05534584681987121,0.20069929909805528,0.025760042092852098,12.63666087962963,0.02824215807273718,5.696528520316653,18.44345788876277,2.0835322124092386,0.0,0.0,0.0,0.10086235964634224,0.3865450022614202,0.007788199368811084,204.68483599145205,1.0,0.2,0.6958118308686624,1.3859511165941505,2.1926786623295094,0.1028158366214103,0.1142831330743518,0.34094007468436965,1.1826737317243885,0.5752813021425237,1.5378381052546084,Capital Markets,Financial Services,SF
2009Q3,2009,Q3,2009-11-09,2009-09-30,22138000.0,289683000.0,33742000.0,0.3,289683000.0,1.0,2890795000.0,833594000.0,2655708000.0,1974000000.0,2057201000.0,0.0,220403000.0,1576069200.0,1479799200.0,12.905330298948803,1.3453434650455927,0.08637762276467201,0.29954630191676046,0.022361700653156232,12.905330298948803,0.026557292878787515,5.440668592910181,17.798233806125214,1.8906916316576174,0.0,0.0,0.0,0.10020876610067472,0.5032315096251266,0.007658100972223904,13.126471666055902,1.0,0.30434782608695643,1.6381382790122272,1.638576096562766,2.433751644848458,0.10775319783560544,0.3998103066708821,0.1573712012073815,1.4699637777881902,0.5963542428207954,1.3942764501513307,Capital Markets,Financial Services,SF
2009Q2,2009,Q2,2009-08-10,2009-06-30,15815000.0,261505000.0,29154000.0,0.23,261505000.0,1.0,2287992000.0,702702000.0,2088665000.0,1502000000.0,1585290000.0,0.0,198265000.0,1320310929.4087498,1432828929.4087498,11.375414314332545,1.3905892143808256,0.12972073328927725,0.4223696531388839,0.0176682461035767,11.375414314332545,0.022505984044445582,5.048893632659986,20.871181305860734,1.8789058938337302,0.0,0.0,0.0,0.11429454298791254,0.6219660452729694,0.006912174518092721,-7.923133277776944,1.0,0.15,0.682639300022769,1.3579491838905782,2.144365651457213,0.1887617566971693,0.20019731350079684,0.18966783644821678,3.4101155558133813,0.6322246130945383,1.1918810427045448,Capital Markets,Financial Services,SF
2009Q1,2009,Q1,2009-05-11,2009-03-31,13177000.0,219981000.0,24506000.0,0.2,219981000.0,1.0,2014698000.0,630802000.0,1866360000.0,1301000000.0,1383896000.0,0.0,182450000.0,1159495386.93,1124832386.93,10.47200225774856,1.4345580322828593,0.12509815366868882,0.39954692597677244,0.016509605446866502,10.47200225774856,0.020889280630055074,5.270888790077326,21.998470572398876,1.8381289008753934,0.0,0.0,0.0,0.10918807682342466,0.566814757878555,0.006540434347976719,-3.4359389290317996,1.0,-0.25925925925925924,0.03233428803863181,0.7563721904673723,1.9645819928322865,-0.04764358013039751,-0.178798454443475,-0.16561116785835886,16.45528510597426,0.2663841689210903,1.0264944988122289,Capital Markets,Financial Services,SF
2008Q4,2008,Q4,2009-02-27,2008-12-31,16046000.0,230986000.0,29370000.0,0.27,230986000.0,1.0,1558145000.0,593185000.0,1413883000.0,882000000.0,964960000.0,0.0,168993000.0,1227496153.149,1078487153.149,9.847518966748012,1.6030419501133786,0.05822051221163627,0.1529303674233165,0.025905731442266853,9.847518966748012,0.02705058287043671,5.314158231014001,19.12464404133429,2.0693310740308672,0.0,0.0,0.0,0.14824422630756445,0.39584920634920634,0.010298142984125354,2.9859983680926523,1.0,0.35000000000000003,0.2969114028901961,1.0193155049868636,2.193067548157208,0.055101565390571115,0.2558503561086327,0.1296153846153846,1.1211225564679892,0.9235517628582188,1.411655763153493,Capital Markets,Financial Services,SF
2008Q3,2008,Q3,2008-11-10,2008-09-30,12777000.0,218923000.0,26000000.0,0.2,218923000.0,1.0,2040569000.0,565388000.0,1920847000.0,1380000000.0,1475181000.0,0.0,152992000.0,1189117011.915,1480959011.915,10.5448407702709,1.391918115942029,0.1815915070747424,0.6553906343962023,0.01682659418134734,10.5448407702709,0.02259864022582722,5.4316678097550275,23.266749078715662,2.1031875666179687,0.0,0.0,0.0,0.10728527190210181,0.712863768115942,0.006261488829831287,-16.848028619206847,1.0,0.0,0.45256947026649974,1.1281414296855699,2.533999243727036,0.04772410756588865,0.036084982160233536,0.03096871406479242,0.6045762262101652,1.1078948654002527,1.3738366850823922,Capital Markets,Financial Services,SF
2008Q2,2008,Q2,2008-08-11,2008-06-30,12332000.0,208951000.0,25219000.0,0.2,208951000.0,1.0,1685837000.0,465071000.0,1574595000.0,1126000000.0,1220766000.0,0.0,140220000.0,806411086.551,1040322086.551,8.814799020095622,1.3983969804618117,0.178745631991705,0.6479354765186391,0.020138488182721567,8.814799020095622,0.026516381369726342,3.8593310706864288,16.347938017981676,1.733952636373801,0.0,0.0,0.0,0.12394496027789163,0.2803525754884547,0.007315060708716205,-30.26841402863899,1.0,-0.1666666666666666,1.9162071421249187,1.362211736840513,2.173651466153188,-0.011944561347096847,-0.14044748030947235,-0.15058942404850117,0.36436445931194056,1.0309279271237117,1.0873237415129418,Capital Markets,Financial Services,SF
2008Q1,2008,Q1,2008-05-12,2008-03-31,14347000.0,211477000.0,29690000.0,0.24,211477000.0,1.0,1613215000.0,437038000.0,1501140000.0,1081000000.0,1176177000.0,0.0,129095000.0,696713315.517,841348315.517,8.345217551120754,1.388658649398705,0.14468003334955354,0.5340496707380137,0.026555881840378822,8.345217551120754,0.03282780902347164,3.294511060384817,12.140400702533631,1.5941710229247799,2.5914128389210287,0.0,0.0533634124279814,0.1310904002256364,0.31924421831637373,0.008893420901739694,44.807596341693994,1.0,-0.07692307692307698,11.321823404572362,2.0686745927093493,2.2605500443787014,-0.003341408009953531,0.037007589447054574,-0.011289087215691497,1.0855453121438439,1.2258658493349057,1.0836665370720155,Capital Markets,Financial Services,SF
2007Q4,2007,Q4,2008-03-04,2007-12-31,13835000.0,212186000.0,30029000.0,0.26,212186000.0,1.0,1499440000.0,424637000.0,1388839000.0,980000000.0,1074803000.0,0.0,125303000.0,815728674.4829999,990615674.4829999,8.10842111041892,1.4171826530612246,0.14862215227018086,0.5248011831281777,0.027784886344100628,8.10842111041892,0.032580768986216466,3.8444038460737273,14.740308537820743,1.921002349025167,0.0,0.0,0.0,0.14151016379448328,0.23205408163265306,0.009226777997118924,19.422573739446175,1.0,1.0,4.174229846231172,1.8953482711781333,2.2917982928358644,0.15959406065044293,0.7169272772400099,0.4212892843619841,0.2552929123096841,1.0915798831247572,1.0486094634499183,Capital Markets,Financial Services,SF
2007Q3,2007,Q3,2007-11-09,2007-09-30,8058000.0,182983000.0,21128000.0,0.13,182983000.0,1.0,1517826000.0,406646000.0,1419445000.0,1006000000.0,1111180000.0,0.0,112486000.0,879019574.117625,1076217574.117625,8.070714964411795,1.4109791252485089,0.15382856796497096,0.5741726218873419,0.020039201797310686,8.070714964411795,0.019815761128844252,4.803831908524972,27.27164228461234,2.1616333964126664,0.0,0.0,0.0,0.12055597940738925,0.23443141153081512,0.005308908926319618,10.273841140238023,1.0,4.485232067510549,2.90884134455937,1.5275783716167637,2.1978198638171182,-0.13251475573043828,4.564917127071824,0.7093851132686084,0.2310264828338752,1.1366742606207794,1.1473941497188493,Capital Markets,Financial Services,SF
2007Q2,2007,Q2,2007-08-09,2007-06-30,1448000.0,210935000.0,12360000.0,0.0237,210935000.0,1.0,1633756000.0,388241000.0,1546390000.0,1106000000.0,1245515000.0,0.0,105011000.0,874516505.56875,1248274505.56875,7.746422247162988,1.3981826401446655,0.26136093761859175,1.0998323206461966,0.008240751137636846,7.746422247162988,0.0037296421552592334,4.145905163053785,150.986965740461,2.25250940928122,0.0,0.0,0.0,0.12911046692406944,0.22145660036166365,0.000886301259184358,-95.9741555716363,1.0,-0.8605882352941177,-0.5471653921789051,1.7226190516623692,2.0135294608619256,0.3438688591433541,-0.835995016423151,-0.392748354131866,-0.8101134827386743,1.3442656661830759,1.1412480778808876,Capital Markets,Financial Services,SF
2007Q1,2007,Q1,2007-05-15,2007-03-31,8829000.0,156961000.0,20354000.0,0.17,156961000.0,1.0,1427407000.0,342641000.0,1367870000.0,980000000.0,1084766000.0,0.0,103563000.0,580640103.27675,865966103.27675,7.745728180305124,1.3957857142857142,0.21903353423375393,0.9124710703039041,0.018508311614719445,7.745728180305124,0.025767494257838378,3.699263532194303,16.441276001720183,1.6946019398634429,0.0,0.0,0.0,0.1099623302954238,0.027881632653061223,0.006185341671996845,-8.27499862154757,1.0,0.06250000000000006,2.816893108667784,1.4145677671033436,2.106857035100827,0.20934586639956854,0.22065532973869764,0.1445119208277103,-0.05810697462276369,0.7065121901046476,1.192784695755317,Capital Markets,Financial Services,SF
