Quarters,Year,Quarter,FillingDate,Date,NetIncome,Revenue,OperatingIncome,EPSDiluted,GrossProfit,GrossProfitRatio,TotalAssets,CommonStockEquity,CurrentAssets,CurrentLiability,TotalLiability,Inventory,RetainedEarnings,MarketCap,EnterpriseValue,bookValuePerShare,currentRatio,debtToAssets,debtToEquity,roic,shareholdersEquityPerShare,roe,priceToSalesRatio,peRatio,pbRatio,payoutRatio,inventoryTurnover,dividendYield,assetTurnover,quickRatio,returnOnAssets,priceToFreeCashFlowsRatio,grossProfitMargin,epsdilutedGrowth,fiveYNetIncomeGrowthPerShare,fiveYRevenueGrowthPerShare,fiveYShareholdersEquityGrowthPerShare,grossProfitGrowth,netIncomeGrowth,operatingIncomeGrowth,threeYNetIncomeGrowthPerShare,threeYRevenueGrowthPerShare,threeYShareholdersEquityGrowthPerShare,Industry,Sector,Symbol
2023Q1,2023,Q1,2023-05-02,2023-03-31,28829000.0,182660000.0,31256000.0,0.51,100815000.0,0.5519270776,2538234000.0,426101000.0,1018803000.0,405321000.0,597742000.0,244704000.0,426101000.0,9359132400.0,9263219400.0,7.66506565929124,2.5135707254250335,0.16574358392488636,0.987315213998559,0.02541290953133154,7.66506565929124,0.06765766801767656,51.2379962772364,81.16074438933019,21.964586799843232,0.0,0.3344653131947169,0.0,0.07196342023627451,1.8541008237915133,0.011357896868452632,5438.194305636258,0.5519270776305705,-0.39999999999999997,5.560908069636036,2.197248159132638,-0.4401047941892666,0.0494784618267369,-0.408381046194258,0.7623907527488019,1.754896565046635,1.2515515386374496,-0.6264119002524067,Medical Instruments & Supplies,Healthcare,RGEN
2022Q4,2022,Q4,2023-02-22,2022-12-31,48729000.0,186762000.0,17735000.0,0.85,96062000.0,0.5143551686,2524658000.0,397272000.0,998118000.0,404196000.0,613958000.0,238277000.0,397272000.0,9403858008.880001,9303361008.880001,7.152609307423063,2.4693910874922067,0.16753199839344576,1.0646635051048148,0.0170149096064798,7.152609307423063,0.12265903461608167,50.35209522750881,48.24569562724456,23.67108180007652,0.0,0.38064941223869697,0.0,0.07397516812178125,1.8308048570495503,0.019301228126740334,232.22842912233915,0.5143551686103168,0.1971830985915493,2.13879344904584,2.5206360726028096,-0.47319586568126504,-0.1590254493245905,0.20601410716495483,-0.6632488369885123,11.673975331295022,1.5198596510790994,-0.6486117009099338,Medical Instruments & Supplies,Healthcare,RGEN
2022Q3,2022,Q3,2022-11-01,2022-09-30,40405000.0,200741000.0,52665000.0,0.71,114227000.0,0.5690267559,2462532000.0,1835109000.0,953233000.0,410696000.0,627423000.0,242695000.0,348543000.0,10384230780.0,10229378780.0,33.06621860247216,2.3210184662134523,0.1699514970769923,0.22805784288562694,0.01877315544674594,33.06621860247216,0.022017765702200796,51.729496116886935,64.25090199232768,5.6586452248885495,0.0,0.35647211520632893,0.0,0.08151812849538605,1.682529169994351,0.01640790860788814,-643.3848066914499,0.5690267558695035,-0.19318181818181823,5.430078429674646,3.0775323485883703,1.3636855316833592,-0.05887635635602646,-0.1896472192695694,-0.16627089665653497,21.316158165537615,1.6486575231402618,0.6088933004435044,Medical Instruments & Supplies,Healthcare,RGEN
2022Q2,2022,Q2,2022-08-02,2022-06-30,49861000.0,207633000.0,63168000.0,0.88,121373000.0,0.5845554416,2444916000.0,1805364000.0,975995000.0,423522000.0,639552000.0,239117000.0,308138000.0,9004105600.0,8824268600.0,32.5619363682274,2.304472967165814,0.17042507799858972,0.2307983320815082,0.022381300183137203,32.5619363682274,0.02761825316113537,43.365484291995976,45.14603397444897,4.987418382110201,0.0,0.3607439036120393,0.0,0.08492439004039402,1.6942732608931768,0.02039374767885686,461.7253269063125,0.5845554415723897,0.09999999999999995,2.6340703576120506,2.9344735802490938,4.814774863211671,-0.021532681951565574,0.06168554637594753,0.0528,4.151083309318465,1.4562951614956907,0.7176954150612991,Medical Instruments & Supplies,Healthcare,RGEN
2022Q1,2022,Q1,2022-04-27,2022-03-31,46964000.0,206400000.0,60000000.0,0.8,124044000.0,0.6009883721,2383824000.0,1766401000.0,944789000.0,424333000.0,617423000.0,213775000.0,258277000.0,10411345770.0,10220289770.0,31.911567575379834,2.2265272792830157,0.16510614877608415,0.22281690284369177,0.021061480064584834,31.911567575379834,0.026587394368549382,50.44256671511628,55.42194963163274,5.8941009261204,0.0,0.38524617003859196,0.0,0.0865835732839337,1.6663210261751973,0.019701118874547785,-2034.2606037514654,0.6009883720930232,0.6000000000000001,8.372640073708743,3.1312590815757932,5.117604055736072,0.18733069788366372,0.6133287530058399,0.6029066039752083,3.6323666653625946,1.7038900087925546,1.2448506910192403,Medical Instruments & Supplies,Healthcare,RGEN
2021Q4,2021,Q4,2022-02-17,2021-12-31,29110000.0,186521000.0,37432000.0,0.5,104473000.0,0.5601138746,2358354000.0,1750067000.0,931677000.0,375262000.0,608287000.0,184494000.0,194060000.0,14646758236.679998,14408997236.679998,31.644390983342905,2.482737394140627,0.15521545959597244,0.20916513482055257,0.014041184272913327,31.644390983342905,0.016633648883157045,78.52605463556381,125.78803020164892,8.369255712312727,0.0,0.4447190694548332,0.0,0.07908948359745822,1.9219478657577906,0.012343354729612264,900.8954506507564,0.5601138745771254,-0.13793103448275856,2.54046641767126,3.457496324919269,5.343970053326851,0.017055908723630026,-0.13099289509821482,-0.17174846218524584,3.096728759159076,1.8492407303449963,1.255790260447438,Medical Instruments & Supplies,Healthcare,RGEN
2021Q3,2021,Q3,2021-10-28,2021-09-30,33498000.0,178216000.0,45194000.0,0.58,102721000.0,0.5763848364,2241397000.0,1715265000.0,910854000.0,349439000.0,526132000.0,156163000.0,164950000.0,15898784850.0,15591446850.0,31.178133236390075,2.606618036338245,0.13998412597143656,0.18292217237569705,0.017563981899099034,31.178133236390075,0.01952934386231865,89.21076025721597,118.65473199892531,9.268996248393107,0.0,0.4834371778206105,0.0,0.07951112631987997,2.126683054839328,0.014945143586789845,1466.9482238420374,0.5763848363783274,-0.09375000000000008,16.80755843003856,3.4342667455884843,5.3245130295625005,0.017341784688521343,-0.07548367510280683,-0.06314262023217247,4.565915432461986,1.8661762116696305,1.2528147689298756,Medical Instruments & Supplies,Healthcare,RGEN
2021Q2,2021,Q2,2021-07-27,2021-06-30,36233000.0,162960000.0,48240000.0,0.64,100970000.0,0.6195999018,2015965000.0,1603069000.0,983830000.0,332342000.0,412896000.0,135509000.0,131452000.0,10965354166.800001,10537016166.800001,29.183246515546553,2.960293914100535,0.15178289305617906,0.19087699905618535,0.020046529173984858,29.183246515546553,0.02260227101890187,67.28862399852726,75.65861346562527,6.840225945857602,0.0,0.4574603900847914,0.0,0.08083473671417907,2.5184478639473795,0.017973030285744047,536.2031377408314,0.6195999018163967,0.23076923076923075,4.732265742840765,2.4221729740393596,4.9978726408015595,0.21518834998194727,0.23032258064516128,0.32589396146551963,9.538149058111824,1.718779394386942,1.1323877893179797,Medical Instruments & Supplies,Healthcare,RGEN
2021Q1,2021,Q1,2021-05-04,2021-03-31,29450000.0,142837000.0,36383000.0,0.52,83090000.0,0.5817120214,1927327000.0,1556216000.0,926335000.0,313328000.0,371111000.0,109520000.0,95219000.0,10654649964.91,10223221964.91,28.395484934408692,2.956438620231834,0.14522185389402006,0.17985292530085797,0.017313299582065577,28.395484934408692,0.018924108221480822,74.59306737687014,90.44694367495755,6.846511001628309,0.0,0.5455350620891162,0.0,0.07411145072942993,2.5581020528008986,0.015280230080313305,54920.87610778351,0.5817120213950167,0.44444444444444453,9.92068747683634,2.429958548163716,6.275823842769215,0.3737290237248905,0.49507564219717737,1.0886962512199323,5.798228554079975,1.5360026360167731,1.0741499927237947,Medical Instruments & Supplies,Healthcare,RGEN
2020Q4,2020,Q4,2021-02-24,2020-12-31,19698000.0,108648000.0,17419000.0,0.36,60485000.0,0.5567060599,1902887000.0,1529150000.0,902382000.0,318956000.0,373737000.0,95025000.0,65769000.0,10183850962.26,9741974962.26,28.774087090034413,2.8291739299464504,0.14473586713241512,0.1801105189157375,0.012644424389851791,28.774087090034413,0.012881666285191119,93.73252119008174,129.24980914636004,6.659811635392211,0.0,0.5068455669560642,0.0,0.057096401415323135,2.4726952933947004,0.010351639377430189,3203.4762385215477,0.5567060599366762,0.3333333333333332,45.08178124249646,2.140275028862937,6.723046739243082,0.11116214130874086,0.3536283672347444,-0.1689804875721578,0.3260878305197971,1.1405692017575735,1.1192696803033817,Medical Instruments & Supplies,Healthcare,RGEN
2020Q3,2020,Q3,2020-11-05,2020-09-30,14552000.0,94060000.0,20961000.0,0.27,54434000.0,0.5787157134,1476316000.0,1124870000.0,696728000.0,50984000.0,351446000.0,78531000.0,46071000.0,7752489300.0,7470967300.0,21.40774574174517,13.665620586850777,0.18409337838240594,0.24161014161636457,0.012043013283755379,21.40774574174517,0.012936606007805346,82.42068147990645,133.18597615448047,6.891897997101887,0.0,0.5045905438616597,0.0,0.06371264688589706,11.949376274909776,0.00985696829134142,474.04239329827567,0.5787157133744418,-0.09999999999999991,2.5927376759955307,1.9745909738568495,4.803576044478371,0.07579201169983596,-0.08252947481243302,0.07288734196652505,1.4459624264292141,1.0179585553708788,0.5302983230122346,Medical Instruments & Supplies,Healthcare,RGEN
2020Q2,2020,Q2,2020-07-30,2020-06-30,15861000.0,87462000.0,19537000.0,0.3,50599000.0,0.5785255311,1442045000.0,1100027000.0,687157000.0,44401000.0,342018000.0,69929000.0,31519000.0,6474815410.0,6182867410.0,21.000496363185125,15.476160446836783,0.18613566150848274,0.2440085561536217,0.013829574144185562,21.000496363185125,0.014418736994637405,74.03004058905582,102.05559879578841,5.886051351466827,0.0,0.5271489653791703,0.0,0.06065136663557656,13.7307718294633,0.010998963277845004,528.3407107303142,0.5785255310877867,0.6666666666666666,1.7551676162575407,1.5578623365607598,4.8389564322555385,0.1471615126507663,0.6159959246051961,0.6409373425163783,0.2236118707974784,0.754245730593824,2.750181100616915,Medical Instruments & Supplies,Healthcare,RGEN
2020Q1,2020,Q1,2020-05-06,2020-03-31,9815000.0,76090000.0,11906000.0,0.18,44108000.0,0.5796819556,1406481000.0,1069758000.0,651378000.0,41853000.0,336723000.0,61781000.0,15658000.0,5033499060.0,4770217060.0,20.517424576612516,15.563472152533869,0.18929726032559274,0.24888152273691808,0.008008424680313363,20.517424576612516,0.009174972283451023,66.1519129977658,128.20934946510445,4.7052689112864785,0.0,0.5176672439746848,0.0,0.054099557690434494,13.732277256110674,0.006978409235531799,1120.2980324949922,0.5796819555789197,1.5714285714285712,1.1048047031773944,1.2963475739075112,5.00404996374229,0.12082941580057428,1.7233629300776914,1.0200203596878181,1.0795321087601233,0.616883722322433,2.9332909455686518,Medical Instruments & Supplies,Healthcare,RGEN
2019Q4,2019,Q4,2020-02-26,2019-12-31,3604000.0,69474000.0,5894000.0,0.07,39353000.0,0.5664421222,1400113000.0,1059768000.0,641828000.0,48313000.0,340345000.0,54832000.0,5843000.0,4815876340.0,4550803340.0,20.35528594988799,13.284788773208039,0.18806982007880793,0.24846853273546662,0.0036116218732938493,20.35528594988799,0.0034007443138498235,69.31911707977085,334.0646739733629,4.544274161892037,0.0,0.5493325065655091,0.0,0.04962028064877621,11.840788193653882,0.002574077949422654,455.9193732841049,0.5664421222327777,1.3333333333333337,6.687746569069401,1.6655725814359807,4.9657739738346605,0.03506049447659127,1.1723930078360458,-0.25991963837267706,-0.5343845356196758,0.7636398476841598,3.080765041772107,Medical Instruments & Supplies,Healthcare,RGEN
2019Q3,2019,Q3,2019-10-31,2019-09-30,1659000.0,69445000.0,7964000.0,0.03,38020000.0,0.5474836201,1378708000.0,1045118000.0,621540000.0,38765000.0,333590000.0,51579000.0,2239000.0,3899839880.0,3645667880.0,20.552151341146857,16.033535405649427,0.18806157649045338,0.2480887325641698,0.0059293647540018,20.552151341146857,0.0015873805637258186,56.15724501403989,587.6793068113321,3.7314828373446827,0.0,0.6092595823881812,0.0,0.05036962141367135,14.343995872565458,0.0012033004813201925,259.108356919806,0.5474836201310389,-0.823529411764706,-0.2729292266558203,1.9208106091840242,4.860972299517689,-0.049119647859143654,-0.7950586781964175,-0.27953681925094986,-0.04587568237237485,0.8693438096514687,3.1690228198432573,Medical Instruments & Supplies,Healthcare,RGEN
2019Q2,2019,Q2,2019-08-01,2019-06-30,8095000.0,70692000.0,11054000.0,0.17,39984000.0,0.5656085554,1068267000.0,878968000.0,316494000.0,140913000.0,189299000.0,51275000.0,580000.0,3989880350.0,3910192350.0,18.95675803912265,2.2460241425560454,0.12094354688481437,0.14699056165867244,0.009017125465228058,18.95675803912265,0.009209664060580136,56.44033766197024,123.2205172946263,4.539278278617652,0.0,0.5988883471477328,0.0,0.0661744676190503,1.7914386891202374,0.007577693591583378,319.4971452594491,0.5656085554235274,0.0,0.9917490191502363,2.160173146570098,4.287637274762497,0.18334369173399628,0.005215447659257419,-0.010473547578551607,0.5172197574079742,0.758736693905613,2.8960785374094065,Medical Instruments & Supplies,Healthcare,RGEN
2019Q1,2019,Q1,2019-05-09,2019-03-31,8053000.0,60634000.0,11171000.0,0.17,33789000.0,0.5572616024,797921000.0,625025000.0,284077000.0,130278000.0,172896000.0,44920000.0,-7515000.0,2605104000.0,2533752000.0,14.215452147016011,2.1805446813736777,0.15638515592395738,0.19964481420743171,0.011109914184869842,14.215452147016011,0.012884284628614856,42.964409407263254,80.87371166025083,4.1679996800128,0.0,0.5976179875333927,0.0,0.07598997895781663,1.8076497950536545,0.010092477826752273,437.0979865771812,0.557261602401293,0.4166666666666668,0.3687265155460382,1.6999083883323585,3.1741834662380835,0.19185185185185186,0.4283433841787868,0.4225136890360372,2.7222561316341953,0.8148813841995579,2.6424497030396545,Medical Instruments & Supplies,Healthcare,RGEN
2018Q4,2018,Q4,2019-03-01,2018-12-31,5638000.0,51942000.0,7853000.0,0.12,28350000.0,0.5458010858,774621000.0,615568000.0,275739000.0,129842000.0,159053000.0,42263000.0,-15568000.0,2314291903.7400002,2223957903.7400002,14.02807323809715,2.1236502826512225,0.13359823707335589,0.16811790086554207,0.008961444220997448,14.02807323809715,0.009159020611857666,44.555309840591434,102.62025114136219,3.759603981590986,0.0,0.5582187729219412,0.0,0.06705472740862951,1.768110472728393,0.007278398081126125,23615.22350755102,0.5458010858264988,0.1999999999999999,0.23238025394888165,1.4559576888599126,3.309737573682147,0.03671469319096029,0.17605340008343762,-0.004184630991630738,14.973596916920622,0.8181727404902627,2.7651747191962697,Medical Instruments & Supplies,Healthcare,RGEN
2018Q3,2018,Q3,2018-11-01,2018-09-30,4794000.0,49529000.0,7886000.0,0.1,27346000.0,0.5521209796,762125000.0,606487000.0,267248000.0,129846000.0,155638000.0,42284000.0,-21206000.0,2433461870.16,2345557870.16,13.839634605733789,2.058192012075844,0.13436116122683286,0.1688412117654624,0.008052357265077406,13.839634605733789,0.007904538761754168,49.13206142179329,126.9014325281602,4.012389169363894,0.0,0.5246192413205941,0.0,0.06498802689847466,1.7030482263604578,0.006290306708217156,156.87608755544093,0.5521209796280967,0.6666666666666669,-0.4081208265711011,0.9130028076332206,3.402128379387337,0.026385917501782832,0.7509130752373996,0.8455417739293236,0.4191731178976444,0.8780898479600634,2.751883679445401,Medical Instruments & Supplies,Healthcare,RGEN
2018Q2,2018,Q2,2018-08-02,2018-06-30,2738000.0,47731000.0,4273000.0,0.06,26643000.0,0.5581906937,745081000.0,598659000.0,252909000.0,121119000.0,146422000.0,40948000.0,-26000000.0,2057687466.24,1983405466.24,13.685712637137398,2.0881034354642956,0.13599729425391333,0.16925996268326376,0.004964009744091688,13.685712637137398,0.004573555229270753,43.11008498124908,187.88234717311906,3.4371611656051275,0.0,0.5149946273322262,0.0,0.06406149130094581,1.7118784005812466,0.0036747682466738516,660.5738254382022,0.5581906936791603,-0.25000000000000006,-0.5636545417986494,0.9720371850228875,3.6842202749639137,0.05885859629600191,-0.20591647331786542,-0.28497322623828647,-0.4304752659183753,0.6715523495364435,2.8051614805019973,Medical Instruments & Supplies,Healthcare,RGEN
2018Q1,2018,Q1,2018-05-08,2018-03-31,3448000.0,44830000.0,5976000.0,0.08,25162000.0,0.5612759313,743248000.0,597183000.0,248322000.0,20321000.0,146065000.0,40124000.0,-28737000.0,1578217548.6,1504617548.6,13.690179125917242,12.219969489690468,0.13491593653800615,0.16791502772182063,0.006456143092131732,13.690179125917242,0.005773774538123155,35.20449584207004,114.42992666763341,2.6427703879715265,0.0,0.4901804406340345,0.0,0.060316341248143286,10.002411298656563,0.004639097582502745,197277.19357499998,0.5612759312960072,-0.7037037037037037,0.05608787990326305,0.9510382733548084,3.892854741224145,0.11955506117908787,-0.7168664805386763,0.8320049049662783,-0.11620172309485251,0.6171234311322469,3.0061811450879348,Medical Instruments & Supplies,Healthcare,RGEN
2017Q4,2017,Q4,2018-02-22,2017-12-31,12178000.0,41612000.0,3262000.0,0.27,22475000.0,0.5401086225,743519000.0,591548000.0,242782000.0,25211000.0,151971000.0,39004000.0,-31508000.0,1580672653.68,1506163653.68,13.577359860079389,9.630002776565785,0.13348683759258337,0.16778012942314063,0.03712422850356778,13.577359860079389,0.02058666414221669,37.985981295780064,32.44934828543275,2.672095339144076,0.0,0.490641985437391,0.0,0.05596629003428292,7.9924239419301095,0.016378868596498543,117.52213038513011,0.5401086225127367,1.4545454545454548,-0.08911308927295158,0.5804173181488306,4.024587404449241,0.3544868317965407,1.6082672949239667,7.446640316205533,23.966264227726416,0.9078566078593565,2.979283822691508,Medical Instruments & Supplies,Healthcare,RGEN
2017Q3,2017,Q3,2017-11-09,2017-09-30,4669000.0,36580000.0,-506000.0,0.11,16593000.0,0.4536085293,734236000.0,576869000.0,231195000.0,118447000.0,157367000.0,38663000.0,-43686000.0,1580184749.28,1518749749.28,13.989263021347517,1.9518856534990334,0.13378668439030503,0.17028302786247831,0.0017307133016598193,13.989263021347517,0.008093691982061784,43.19805219464188,84.61044920111372,2.7392436571908005,0.0,0.5169541939321832,0.0,0.04982049368322992,1.601923223044906,0.006358990842181533,-577.1310260336012,0.4536085292509568,-0.5416666666666667,0.939722686129356,0.8175833453977904,4.874046141320595,-0.10395291068149909,-0.4466698269732164,-1.092453864425361,1.5233636810102564,0.8972815743231114,2.9893966182816976,Medical Instruments & Supplies,Healthcare,RGEN
2017Q2,2017,Q2,2017-08-03,2017-06-30,8438000.0,32455000.0,5473000.0,0.24,18518000.0,0.5705746418,308763000.0,190943000.0,195945000.0,16519000.0,117820000.0,26085000.0,-48355000.0,1413013039.1999998,1368034039.1999998,5.599861926596155,11.861795508202675,0.31489524327720614,0.5091990803538229,0.04385773030216541,5.599861926596155,0.044191198420471034,43.53760712370975,41.864572149798526,7.400182458639488,0.0,0.5342917385470577,0.0,0.10511298309706797,10.145892608511412,0.02732840398622892,986.0523651081645,0.5705746418117393,1.6666666666666667,3.8619488379433573,0.8912254165074293,1.5131368047202851,0.1155421686746988,1.7503259452411994,-0.0357646229739253,1.82318835886211,0.9728987502610977,0.5619779814398876,Medical Instruments & Supplies,Healthcare,RGEN
2017Q1,2017,Q1,2017-05-04,2017-03-31,3068000.0,30590000.0,5676000.0,0.09,16600000.0,0.5426610003,290628000.0,176791000.0,185799000.0,13751000.0,113837000.0,23957000.0,-56793000.0,1192987910.4,1159566910.4,5.216350598149364,13.511671878408842,0.331151850475522,0.5443829154199026,0.015682252012558098,5.216350598149364,0.017353824572517832,38.999277881660674,97.21218305084747,6.7480126839035925,0.0,0.5839629335893476,0.0,0.1052548274770497,11.651661697331104,0.01055645016997674,-8060.729124324325,0.5426610003269042,-0.4,1.2680994509974015,1.162742087622946,1.3342970843505246,0.23539480538810748,-0.3900596421471173,0.9532002752924983,-0.32351578266629644,0.7670775837865206,0.5317138136521975,Medical Instruments & Supplies,Healthcare,RGEN
2016Q4,2016,Q4,2017-02-23,2016-12-31,5030000.0,25599000.0,2906000.0,0.15,13437000.0,0.5249033165,288913000.0,168764000.0,184153000.0,21075000.0,120149000.0,24696000.0,-59861000.0,1042741905.34,1015780905.34,4.9881053531689075,8.737983392645315,0.32976017001657937,0.5645279799009267,0.035329008866468996,4.9881053531689075,0.029804934701713637,40.73369683737646,51.82613843638171,6.178698687753312,0.0,0.4924684159378037,0.0,0.08860452800670097,7.489537366548043,0.017410085389027146,955.7670993033914,0.5249033165358021,4.0,-0.5155076261461073,0.25200671813709397,0.8459532330206484,0.000148864905098623,3.354978354978355,-0.22444622364558314,0.42600635988886093,0.5698531572497396,0.5324574299808214,Medical Instruments & Supplies,Healthcare,RGEN
2016Q3,2016,Q3,2016-11-03,2016-09-30,1155000.0,24677000.0,3747000.0,0.03,13435000.0,0.5444340884,285050000.0,166522000.0,219833000.0,20192000.0,118528000.0,24463000.0,-64891000.0,1019792266.7900001,956459266.7900001,4.929728674864763,10.88713351822504,0.33088230135064023,0.5663996348830785,0.007494003114390905,4.929728674864763,0.006936020465764283,41.32561765165944,220.73425688095236,6.124069292886226,0.0,0.4595511588930221,0.0,0.08657077705665672,9.612272187004754,0.004051920715663918,-314.55652892967305,0.5444340884224176,-0.7272727272727273,0.7414794597321223,1.6065686870412674,1.2381006002999242,-0.18703860583323248,-0.7017045454545454,-0.3604710701484895,-0.8150027451273892,0.23650728624984563,0.568054296268112,Medical Instruments & Supplies,Healthcare,RGEN
2016Q2,2016,Q2,2016-08-04,2016-06-30,3872000.0,29170000.0,5859000.0,0.11,16526000.0,0.5665409667,282310000.0,163724000.0,217941000.0,21350000.0,118586000.0,23197000.0,-66046000.0,920644738.56,841402738.56,4.865599565589723,10.208009367681498,0.33077113811058767,0.5703501013901444,0.01642532642758447,4.865599565589723,0.023649556570814297,31.56135545286253,59.442454710743796,5.623150781559209,0.0,0.5450704832521447,0.0,0.10332613084906662,9.060421545667447,0.013715419220006375,96.01050563770987,0.5665409667466575,1.2,341.92910215023323,2.4898849050888505,1.2272046391255629,0.17832442067736184,1.3827692307692308,0.07150694952450622,-0.19782618503008412,0.5667045775528328,0.6653528200748655,Medical Instruments & Supplies,Healthcare,RGEN
2016Q1,2016,Q1,2016-05-05,2016-03-31,1625000.0,25094000.0,5468000.0,0.05,14025000.0,0.5588985415,147324000.0,128886000.0,105245000.0,15821000.0,18438000.0,21318000.0,-69917000.0,885721944.42,832508944.42,3.9027174857495215,6.6522343720371655,0.0,0.0,0.027142035181918073,3.9027174857495215,0.012608041214716882,35.296164199410214,136.26491452615383,6.872134633862483,0.0,0.51923257341214,0.0,0.17033205723439493,5.22090891852601,0.011030110504737857,-208.79819528995756,0.5588985414840201,4.0,1.7677137044525275,2.9639943016650228,0.7924793886029651,0.24104061587470135,5.132075471698113,2.8291316526610646,-0.3425755662356878,0.4425358600459803,0.39482687393460436,Medical Instruments & Supplies,Healthcare,RGEN
2015Q4,2015,Q4,2016-02-25,2015-12-31,265000.0,21449000.0,1428000.0,0.01,11301000.0,0.5268777099,146237000.0,122748000.0,103252000.0,18781000.0,23489000.0,17998000.0,-71542000.0,932039850.48,877947850.48,3.72574296926429,5.497683829402055,0.0,0.0,0.0025819946016785132,3.72574296926429,0.002158894645941278,43.4537670977668,879.2828778113206,7.593116388698797,0.0,0.5638404267140793,0.0,0.14667286664797555,4.431020712422129,0.001812126889911582,335.38677599136383,0.5268777099165463,-0.8750000000000001,-0.31824121233759206,1.8359178212338167,0.6652586591562941,-0.006068601583113457,-0.8955870764381403,-0.6127982646420824,-0.9737875573659255,0.07729183146695158,0.3787894987318402,Medical Instruments & Supplies,Healthcare,RGEN
2015Q3,2015,Q3,2015-11-05,2015-09-30,2538000.0,19814000.0,3688000.0,0.08,11370000.0,0.5738366811,139853000.0,121451000.0,96279000.0,15709000.0,18402000.0,15899000.0,-71807000.0,916961361.4000001,868877361.4000001,3.688716332426262,6.12890699598956,0.0,0.0,0.02094843807278955,3.688716332426262,0.02089731661328437,46.2784577268598,90.32322314814814,7.550051966636751,0.0,0.5311025850682433,0.0,0.14167733262783064,5.045006047488701,0.018147626436329573,146.2537386630633,0.5738366811345513,-0.2727272727272727,2.8071905771349144,1.5350181585089948,0.6632832211828372,-0.11662699127970215,-0.29745053157638757,-0.19977659706733744,0.3205775750521716,0.23304612102329514,0.5488800164704888,Medical Instruments & Supplies,Healthcare,RGEN
2015Q2,2015,Q2,2015-08-06,2015-06-30,3612557.0,21457267.0,4608713.0,0.11,12871120.0,0.5998489929,137344655.0,118222538.0,93267251.0,15825671.0,19122117.0,14305676.0,-74345164.0,1356564420.71,1316552372.71,3.59661809551691,5.8934152618236535,0.0,0.0,0.032364304900888874,3.59661809551691,0.03055726142505924,63.22167779848198,93.8784094417057,11.474668397915803,0.0,0.6001916302312452,0.0,0.15622935599496027,4.935641528248628,0.02630285830926584,195.1191631302848,0.5998489928843221,0.22222222222222227,2.422330302114017,1.865179089819083,0.6421195095985269,0.010024662232256894,0.23317051756843435,0.14108180003555426,1.1592654756150411,0.29704951868502405,0.614110031077267,Medical Instruments & Supplies,Healthcare,RGEN
2015Q1,2015,Q1,2015-05-08,2015-03-31,2929487.0,20816276.0,4038898.0,0.09,12743372.0,0.6121830821,128584239.0,111932015.0,83511940.0,13184058.0,16652224.0,12235719.0,-77957723.0,994437610.3199999,963227110.3199999,3.4172641301312763,6.334312242861795,0.0,0.0,0.02517727792257752,3.4172641301312763,0.02617202057874148,47.77211881318253,84.86448397961827,8.884300084475385,0.0,0.6597817422907473,0.0,0.1618882388843939,5.275586545508219,0.02278262890368702,-278.0746825765005,0.6121830821228542,8.563025210084032,2.839861121367798,3.013183870829799,0.5901446868854027,0.5336944384468869,8.350454779259557,1.012602127562034,1.2408661606894875,0.5228106218732291,0.5292127216776966,Medical Instruments & Supplies,Healthcare,RGEN
2014Q4,2014,Q4,2015-03-17,2014-12-31,-398545.0,16393233.0,2006804.0,-0.0119,8308938.0,0.5068516991,128293234.0,111731808.0,80945642.0,10682413.0,16561426.0,12383633.0,-80887208.0,648382977.0,613019953.0,3.4120109208234193,7.577467937253503,0.0,0.0,-0.02949669108489253,3.4120109208234193,-0.0035669788857260773,39.55186734672776,-406.7188002609492,5.80302949183459,0.0,0.6528209451943545,0.0,0.12777940417341105,6.230175429465234,-0.003106516123835494,-732.6286817422196,0.5068516991126766,-1.2975,-0.07282446587671851,1.741150328841419,0.5544450469780193,-0.004570813951830644,-1.2718150420532575,-0.09449650983878027,-1.039661953798623,-0.17162678178310145,0.26268635974066074,Medical Instruments & Supplies,Healthcare,RGEN
2014Q3,2014,Q3,2014-11-07,2014-09-30,1466236.0,15278185.0,2216230.0,0.04,8347091.0,0.5463404848,128832774.0,114585546.0,75692625.0,10470873.0,14247228.0,13341783.0,-80488663.0,650599129.73,614692268.73,3.5066112397149762,7.228874325951618,0.0,0.0,0.012578493010418594,3.5066112397149762,0.01279599435691479,42.58353526482367,110.93015205771786,5.677846398969029,0.0,0.5195028280702811,0.0,0.11858927294385511,5.843116233001775,0.011380923925460147,141.81920092642548,0.5463404848154411,-0.5555555555555556,2.832070961356731,1.6519597273693492,0.5958344287945033,-0.05995892109191783,-0.4810559272207833,-0.2864288407378513,1.28531796641601,0.6682262876719631,0.5920041929771819,Medical Instruments & Supplies,Healthcare,RGEN
2014Q2,2014,Q2,2014-08-11,2014-06-30,2825422.0,15551077.0,3105829.0,0.09,8879496.0,0.5709891347,129048493.0,115561319.0,73857562.0,8815401.0,13487174.0,12823597.0,-81954897.0,734605886.26,700850168.26,3.5851093889518215,8.378241897333995,0.0,0.0,0.023413593834374746,3.5851093889518215,0.02444954786298346,47.23826435043695,64.99966078164607,6.3568492694341785,0.0,0.5202581615751025,0.0,0.12050568463438004,6.738961619556501,0.021894265747063005,433.59200668385046,0.570989134707519,-0.30769230769230776,4.436062292341785,1.930635346756074,0.6146668713163906,-0.11123175557005557,-0.3394075382332387,-0.41486329071045275,260.2270944631832,0.9422317561139752,0.6410664616372586,Medical Instruments & Supplies,Healthcare,RGEN
2014Q1,2014,Q1,2014-05-09,2014-03-31,4277103.0,16325853.0,5307869.0,0.13,9990789.0,0.6119612249,119334391.0,108851532.0,88697437.0,7122382.0,10482859.0,11441317.0,-84780319.0,411042160.97999996,361832539.97999996,3.405564767814928,12.453338925095565,0.0,0.0,0.038636166687887274,3.405564767814928,0.03929299773199334,25.17737731559876,24.025734298425824,3.776172493190082,0.0,0.553700592335655,0.0,0.1368076114789072,10.642216045137708,0.03584132758510495,55.53121452547567,0.6119612249356894,0.3,2.527441855275703,2.418202316844622,0.5146035513181817,-0.0026096818086978747,0.28539653994130054,0.02394998648653602,3.0877998718378046,1.6646013236058639,0.5641420818059402,Medical Instruments & Supplies,Healthcare,RGEN
2013Q4,2013,Q4,2014-03-14,2013-12-31,3327458.0,15382610.0,5183719.0,0.1,10016930.0,0.651185332,118644904.0,103886102.0,86350599.0,11301171.0,14758802.0,11798638.0,-89057422.0,435336040.48,395506387.48,3.2549715610901724,7.640854120338503,0.0,0.0,0.03183608840806731,3.2549715610901724,0.03202986670921583,28.30053160549478,32.707853899282874,4.190512802954143,0.0,0.4547711354480068,0.0,0.12965251335194303,6.517037659194786,0.028045519763748132,67.19933495917667,0.6511853320080272,-0.4444444444444444,173.74044730271063,1.4676324920449393,0.40385750393474834,-0.19467981686455316,-0.43490095739430606,-0.3553998571705519,7.8366719880433084,1.0994614443994895,0.45484259706815794,Medical Instruments & Supplies,Healthcare,RGEN
2013Q3,2013,Q3,2013-11-08,2013-09-30,5888274.0,18822053.0,8041759.0,0.18,12438444.0,0.6608441704,111636957.0,100157121.0,87441118.0,8784315.0,11479836.0,10063695.0,-92384880.0,353306362.27,311061942.27,3.1438507496821138,9.95423297092602,0.0,0.0,0.05806100974422352,3.1438507496821138,0.058790367985916844,18.770872777268238,15.000421272430597,3.5275211461998794,0.0,0.6343205949703364,0.0,0.16860055581772979,8.64147790692843,0.0527448450605833,100.04583457196699,0.6608441703994776,0.28571428571428553,39.55860608237464,2.618347602991762,0.34648131567050405,0.07520662714413426,0.2972089495321519,0.3177242832467851,8.128657949699164,1.4887532045917318,0.4175972697824345,Medical Instruments & Supplies,Healthcare,RGEN
2013Q2,2013,Q2,2013-08-07,2013-06-30,4539187.0,17508967.0,6102763.0,0.14,11568422.0,0.6607141358,104654531.0,92452210.0,80914960.0,10218738.0,12202321.0,10557418.0,-98273154.0,265807038.0,228475460.0,2.921662909467431,7.918292845946339,0.0,0.0,0.04965961556711988,2.921662909467431,0.04909765813061689,15.181194755807125,14.639573011642835,2.8750750036153816,0.0,0.5626891916186325,0.0,0.16730252223862146,6.68671513057679,0.04337305758887783,33.17254244831092,0.6607141357911064,1.0,-0.4602213406531434,0.2618523216089886,0.25057097864001426,0.2878804274253306,0.9412869359636923,0.7215133205961413,3.466877604926424,1.4286037179233984,0.33395304608156623,Medical Instruments & Supplies,Healthcare,RGEN
2013Q1,2013,Q1,2013-05-07,2013-03-31,2338236.0,16455993.0,3544999.0,0.07,8982528.0,0.5458514719,97314768.0,87411034.0,70698940.0,8894666.0,9903734.0,10264232.0,-102812341.0,212123714.74,183553699.74,2.797994187436697,7.948464843986272,0.0,0.0,0.026180721008499237,2.797994187436697,0.026749895213457834,12.890362480100714,22.679887182046638,2.426738422291172,0.0,0.7281075681064106,0.0,0.16910067544938298,6.595593921120815,0.02402755561211429,64.81802098267924,0.5458514718619533,-0.7666666666666666,1.921284876020992,3.97143934649917,0.35967786863782464,-0.2681603617170807,-0.7552383186506849,-0.4470090199171964,2.539707177549068,2.3263384730027097,0.30198176718572345,Medical Instruments & Supplies,Healthcare,RGEN
2012Q4,2012,Q4,2013-03-15,2012-12-31,9553113.0,18813960.0,6410591.0,0.3,12273902.0,0.6523826988,97010163.0,84124596.0,66209451.0,10752228.0,12885567.0,11143695.0,-105150577.0,195509431.0,166299610.0,2.702184033669455,6.157742469746736,0.0,0.0,0.11343634390272027,2.702184033669455,0.11355909513075106,10.39172141324846,5.116380152731366,2.3240460019564315,0.0,0.5868841528774792,0.0,0.19393803100815324,4.974285515522922,0.09847538345028861,28.790092651031724,0.6523826988045047,4.0,17.438455422405834,3.010428756226135,0.24611420107939777,0.5169957657509455,4.288220963426846,1.9302772582081338,28.0492087032276,2.30907647490323,0.23106188245930057,Medical Instruments & Supplies,Healthcare,RGEN
2012Q3,2012,Q3,2012-11-08,2012-09-30,1806489.0,15104295.0,2187708.0,0.06,8090927.0,0.5356706155,84896632.0,73703980.0,53792710.0,9035785.0,11192652.0,10768322.0,-114686061.0,187235775.1,168845798.1,2.381537816487507,5.953296808190987,0.0,0.0,0.029950664954725266,2.381537816487507,0.024510060379371642,12.396194267921805,25.91155759874541,2.5403753650752647,0.0,0.6512962743870401,0.0,0.17791394834131935,4.1078810529467,0.021278688652807805,86.69145687437928,0.5356706155434596,0.1999999999999999,-0.4567753474559139,1.8055332550432108,0.09656004730209476,0.058795963688375384,0.15065705370126556,0.6601982638443576,3.3833207488778236,1.768244074927759,0.08382132526780033,Medical Instruments & Supplies,Healthcare,RGEN
2012Q2,2012,Q2,2012-08-09,2012-06-30,1569963.0,15523820.0,1317739.0,0.05,7641630.0,0.4922519071,81448695.0,68730245.0,52359202.0,9732977.0,12718450.0,11503071.0,-116512720.0,132634089.1,116754083.1,2.228236010104283,5.379567012230687,0.0,0.0,0.016927469057093268,2.228236010104283,0.022842389111227525,8.543907949203223,21.12057562821544,1.9297776270112235,0.0,0.6852248412619552,0.0,0.1905963011439287,3.4599972855170624,0.01927548378767763,80.47071709739186,0.4922519070692652,0.25000000000000006,2.241294549756036,1.5728458815910036,1.58114310105286,0.041654142902184596,0.2800642819403949,0.12909538804275647,2.9952186638327185,2.0571960183168065,0.0035562312483598288,Medical Instruments & Supplies,Healthcare,RGEN
2012Q1,2012,Q1,2012-05-10,2012-03-31,1226472.0,12824461.0,1167075.0,0.04,7336053.0,0.5720359709,80393597.0,68670214.0,50741589.0,8790747.0,11723383.0,13845705.0,-118065638.0,181304994.0,168512095.0,2.23465583413549,5.772158953044605,0.0,0.0,0.016216487917835625,2.23465583413549,0.01786032005084475,14.137435795547274,36.95661091325363,2.6402275956210066,0.0,0.3963978721199101,0.0,0.1595209255284348,4.008275747214657,0.015255841830289047,114.96245846754762,0.5720359709464593,0.0,6.702025583939534,2.4485483430279626,1.674458761288602,0.0,0.0,0.0,1.4555753970728809,1.7928566820383343,-0.006150846302318699,Medical Instruments & Supplies,Healthcare,RGEN
2011Q3,2011,Q3,2011-11-09,2011-09-30,604673.0,8631378.0,552426.0,0.02,6120144.0,0.7090575804,72567530.0,67834240.0,60015595.0,4152964.0,4733290.0,2460085.0,-117144912.0,100397558.22,89897446.22,2.202639449810316,14.451267817394998,0.0,0.0,0.008847428350941674,2.202639449810316,0.008913979135020898,11.631695219465536,41.50902976484811,1.4800425009552698,0.0,1.0207915580152718,0.0,0.11894270068169607,13.106120592425073,0.008332555896555939,-4453.799938780942,0.7090575803770847,65.66666666666667,1.3452838696828964,1.9705700945482705,1.6547382451628871,0.07653376947169821,57.48466969726279,5.54548147416751,3.308538205700712,0.7164762231386165,-0.056630514464392476,Medical Instruments & Supplies,Healthcare,RGEN
2011Q2,2011,Q2,2011-08-05,2011-06-30,10339.0,7653725.0,-121533.0,0.0003,5685046.0,0.7427815867,71605529.0,67313125.0,52221729.0,3715877.0,4292404.0,2692789.0,-118020211.0,112156615.48,104690028.48,2.1846216912964214,14.053675350395075,0.0,0.0,0.0003357543460209256,2.1846216912964214,0.000153595602640644,14.653860111253017,2711.979289099526,1.6661923730327481,0.0,0.7310929300439062,0.0,0.10688734664609488,12.807342923352953,0.00014438829158010968,-38.96226336728044,0.7427815867437098,1.0046801872074882,-0.9494388569525766,1.0784036130779941,1.5723056373704576,0.37439298134491183,1.0052352760077614,0.9417527517347215,-0.9987373591109865,-0.4335200551806909,-0.06490770116229122,Medical Instruments & Supplies,Healthcare,RGEN
2011Q1,2011,Q1,2011-06-09,2011-03-31,-1974872.0,5906385.0,-2086502.0,-0.0641,4136405.0,0.7003276962,72293990.0,67086704.0,55844016.0,4623124.0,5207286.0,1953976.0,-117964614.0,115237841.18,101034297.18,2.177273284459493,12.07928145556987,0.0,0.0,-0.030246721938115624,2.177273284459493,-0.029437606593401874,19.510722917656064,-14.588013954828465,1.7177448631251881,0.0,0.905835076787023,0.0,0.08169952993326278,11.550041270794381,-0.027317236190726228,93.1293144474364,0.7003276962135045,-6.478632478632479,-0.1869353277967931,1.0168714138401431,1.5988594463078878,-0.20551334351441797,-6.436928913397185,-6.369293281763463,0.2110663331382828,0.8091548543236609,0.05804018898553787,Medical Instruments & Supplies,Healthcare,RGEN
2010Q4,2010,Q4,2011-02-09,2010-12-31,363233.0,7067789.0,388599.0,0.0117,5206387.0,0.7366358843,73098789.0,68881547.0,59163506.0,3600242.0,4217242.0,1937570.0,-115933927.0,144392469.83,134597960.83,2.2373358930029186,16.433202545828863,0.0,0.0,0.005451214521540921,2.2373358930029186,0.005273299102878743,20.429652021303976,99.38006034005721,2.096243132141036,0.0,0.960688904142818,0.0,0.09668818179737561,15.287449565890293,0.004969070007438838,151.87648750477268,0.7366358842913958,-0.415,1.8778212089707111,1.3131899437622694,1.6046359750979053,-0.046174300063791286,-0.4171570051138543,-0.26196228135148997,-0.29107337702542085,0.5234581578541346,0.03174913111659374,Medical Instruments & Supplies,Healthcare,RGEN
2010Q3,2010,Q3,2010-11-02,2010-09-30,623209.0,7306978.0,526530.0,0.02,5458426.0,0.7470155241,72627865.0,68262408.0,64297037.0,3745308.0,4365457.0,2036863.0,-116309843.0,104037343.02,88874053.02,2.217731944535006,17.167356329572893,0.0,0.0,0.008909898044314194,2.217731944535006,0.009129607616537642,14.238080779769694,41.7345316819879,1.524079593266033,0.0,0.9075485194635083,0.0,0.10060846480892699,16.409008551499635,0.008580852541927262,99.62514461527854,0.7470155240648049,-0.3333333333333333,1.651756545721217,1.5520742594207861,1.5635844468501083,0.01601617606792966,-0.36925549540358665,-0.4077910684460041,-0.8115748923435607,0.36462608203467645,0.02113694318295933,Medical Instruments & Supplies,Healthcare,RGEN
2010Q2,2010,Q2,2010-08-05,2010-06-30,988053.0,7009872.0,889095.0,0.03,5372381.0,0.766402154,71560691.0,67388063.0,62667863.0,3549330.0,4172628.0,2218677.0,-116933052.0,98763947.85,90430959.85,2.190229197384195,17.656251461543444,0.0,0.0,0.014515061909418142,2.190229197384195,0.014662136823846681,14.089265517259088,24.989536960567907,1.4656000403216811,0.0,0.7380483955077733,0.0,0.09795701944800952,16.32857976012374,0.013807203175273978,-188.01078953379908,0.7664021539908289,1.617283950617284,-0.7789817626119895,0.6172351609463446,1.489566023902297,0.4752532288097731,1.6606266255691582,1.5043606366177753,1.0450438151057921,0.1647120154639527,1.5371167851686323,Medical Instruments & Supplies,Healthcare,RGEN
2010Q1,2010,Q1,2010-06-10,2010-03-31,-1495630.0,4872273.0,-1762816.0,-0.0486,3641667.0,0.7474267144,71419963.0,66120376.0,59681035.0,4657140.0,5299587.0,2201140.0,-117921105.0,124916395.1,112390355.1,2.1490271660905464,12.814954027579159,0.0,0.0,-0.02447458319724879,2.1490271660905464,-0.022619804823856417,25.638217542407823,-20.880230254140393,1.8892269321033501,0.0,0.5590766602760388,0.0,0.06822004374323185,12.024716456881261,-0.020941343808873157,-240.3102559959062,0.7474267143897725,-3.3008849557522124,-0.7144883885601582,0.5913909274518595,1.6626047333867837,-0.13076831640062211,-3.2862342307229366,-0.28695997523639316,-5.944804708377514,0.3085585449939689,1.5719775031136183,Medical Instruments & Supplies,Healthcare,RGEN
2009Q4,2009,Q4,2010-02-04,2009-12-31,-348938.0,5617348.0,-1369752.0,-0.0113,4189524.0,0.7458188455,71507509.0,67515117.0,55321970.0,3937441.0,3992392.0,2103471.0,-116291883.0,126417677.49000001,121098777.49000001,2.195002600739521,14.050234657484392,0.0,0.0,-0.005980618100928238,2.195002600739521,-0.005168294383611895,22.504868398753292,-90.57316592775796,1.8724351390815188,0.0,0.6787942405671388,0.0,0.07855605765822439,13.323126365576018,-0.004879739273255904,100.55086652545913,0.7458188454765488,0.5387755102040817,0.11745101617116871,1.4297483164849907,1.6728706505430453,0.006837419098391208,0.5366121524803623,-0.13541297970558466,-7.742045498603492,0.42884812377437687,1.6342986938625552,Medical Instruments & Supplies,Healthcare,RGEN
2009Q3,2009,Q3,2009-11-05,2009-09-30,-753015.0,5420594.0,-1206391.0,-0.0245,4161073.0,0.7676415168,71643758.0,67559130.0,50693034.0,4020528.0,4084628.0,2274475.0,-115942944.0,154035911.91,146950381.91,2.1973527932743484,12.608551414142621,0.0,0.0,-0.013725027705533587,2.1973527932743484,-0.011146013869627984,28.416795633467476,-51.139722286408634,2.2800162155729358,0.0,0.5537633959485156,0.0,0.07566038062939133,11.53734534369615,-0.01051054580358557,-86.04949592337793,0.7676415167784195,0.039215686274509706,0.7858280915782523,3.087597721504614,1.654835112390548,0.19824692150108533,0.03981194460348084,0.1550244690321582,0.5692942863328748,0.8686494632455742,1.6483664854560125,Medical Instruments & Supplies,Healthcare,RGEN
2009Q2,2009,Q2,2009-08-06,2009-06-30,-784237.0,5060853.0,-1427723.0,-0.0255,3472634.0,0.6861756309,71455664.0,68258162.0,53451560.0,3124253.0,3197502.0,2179918.0,-114963241.0,169082166.0,165411562.0,2.2203399677290627,17.108588837075615,0.0,0.0,-0.014831648379881804,2.2203399677290627,-0.011489278014840188,33.40981569707715,-53.90021320085637,2.477098138095192,0.0,0.7285682305481216,0.0,0.07082507833108934,16.015711595699837,-0.010975155167545571,-84.83563231539907,0.6861756308669704,0.7089041095890412,0.40574356498777114,0.7610680135781667,1.5095799641419412,0.1644787494601185,0.7088125891584777,0.5559919441063288,-4.843917649704241,0.37742878990741063,1.614362495173749,Medical Instruments & Supplies,Healthcare,RGEN
2009Q1,2009,Q1,2009-06-11,2009-03-31,-2693238.0,4593755.0,-3215534.0,-0.0876,2982136.0,0.649171756,73754742.0,69123431.0,54783716.0,4548913.0,4631311.0,2413227.0,-113857261.0,147255195.48,142213785.48,2.24848592547602,12.04325428954126,0.0,0.0,-0.044093146759977955,2.24848592547602,-0.03896273609450897,32.05551786719143,-13.668973506983043,2.13032242974166,0.0,0.6678273531665276,0.0,0.06228419862142559,11.307515443799431,-0.03651613343044438,-216.08812192663095,0.6491717560035308,-147.0,0.5980376449831222,1.1123628229180451,1.4731513132912835,-0.3291031111593051,-147.51496028723753,-4.975596113069608,-0.6223749641891367,0.5722177158379018,1.683861015069743,Medical Instruments & Supplies,Healthcare,RGEN
2008Q4,2008,Q4,2009-02-05,2008-12-31,18382.0,6017598.0,-538111.0,0.0006,4444999.0,0.7386666574,75276660.0,71434506.0,53529328.0,3755196.0,3842154.0,2521912.0,-111164023.0,116459702.1,101471859.1,2.3185911333358975,14.25473610432052,0.0,0.0,0.002088289270719132,2.3185911333358975,0.0002573266202750811,19.353187451205613,1583.8823591012947,1.6303003775234337,0.0,0.6235740977480578,0.0,0.07993975821987852,13.25998749466073,0.00024419255583337516,194.36351393976818,0.738666657360628,-0.8666666666666667,1.0041906836663368,3.4181595587852724,1.283096611261085,0.21161113515859162,-0.8706003266317509,-0.658185370303034,1.044391657498644,0.9680617418345555,1.6992307665185369,Medical Instruments & Supplies,Healthcare,RGEN
2008Q3,2008,Q3,2008-11-07,2008-09-30,142056.0,5089924.0,-324518.0,0.0045,3668668.0,0.7207706834,76020837.0,72784029.0,56869343.0,3106443.0,3236808.0,2594641.0,-112068850.0,146823445.26,119700684.25999999,2.3348639992947677,18.306900528997314,0.0,0.0,-0.0033057081500141995,2.3348639992947677,0.0019517468591907711,28.8459012865418,258.39008077800304,2.0172481144180683,0.0,0.5477659529776951,0.0,0.06695432727213987,16.938845811753186,0.0018686455662149577,-576.1578030231682,0.7207706834129547,-0.9826923076923076,1.0317903005341975,2.4359839333381004,1.1566431598811837,-0.6806756188873311,-0.9828410494818832,-1.0407780805282838,1.146692974612655,0.7553545674378961,1.6989830979583602,Medical Instruments & Supplies,Healthcare,RGEN
2008Q2,2008,Q2,2008-08-08,2008-06-30,8278828.0,13660245.0,7958148.0,0.26,11488844.0,0.8410423093,75609331.0,72780569.0,54168525.0,2692027.0,2828762.0,2469646.0,-112297992.0,147040064.32,113581697.32,2.3362631624833607,20.121835702242215,0.0,0.0,0.10663939948998556,2.3362631624833607,0.11375052591303594,10.764086904737066,4.440243966899662,2.020320345668086,0.0,0.8792357285214156,0.0,0.1806687722180745,18.97426548842192,0.10949479238217304,27.721173888641392,0.8410423092704413,4.2019704433497544,2.8994104849243065,5.167440058578082,0.9668056527158934,4.750969478751559,4.271148220982329,3.0593835679360097,0.8290115731204031,2.1125855675588276,1.655558331137001,Medical Instruments & Supplies,Healthcare,RGEN
2008Q1,2008,Q1,2008-06-13,2008-03-31,-2530863.0,3300777.0,-3864335.0,-0.0812,1997723.0,0.6052281024,68839707.0,64106854.0,54421186.0,4589810.0,4732853.0,2804247.0,-120576820.0,150155319.92000002,117593181.92000002,2.057836088955269,11.856958349038413,0.0,0.0,-0.047710606898735484,2.057836088955269,-0.03947882078256406,45.490901057538885,-14.832422766463456,2.3422662406737356,0.0,0.4646716212944152,0.0,0.04794873691138749,11.183964042084531,-0.03676458123216591,-197.21986960176528,0.6052281023528703,-5.8915662650602405,0.3463127589245223,0.41334559235523893,1.2897024872174463,-0.31909007185652416,-5.9129805993733715,-2.86819545906815,-1.8653570099749055,0.0647831540574278,1.549620682996795,Medical Instruments & Supplies,Healthcare,RGEN
2007Q4,2007,Q4,2008-02-07,2007-12-31,515138.0,4664366.0,-999002.0,0.0166,2933902.0,0.6290033844,70458696.0,67122536.0,57501863.0,3199060.0,3336160.0,1524688.0,-117379221.0,202746132.4,186825877.4,2.168488274452529,17.974612229842517,0.0,0.0,0.031690440285648415,2.168488274452529,0.007674590840846657,43.46702904531934,98.39408682721911,3.020537430230586,0.0,1.134962694006905,0.0,0.06620000460979295,16.79319862709671,0.007311205418845674,-118.5902334765997,0.6290033843827865,-0.849090909090909,1.2967934645848813,0.7030082023456584,1.2624948810553043,-0.2553345991883536,-0.8441845123389443,0.9717937697842027,2.294699100739137,1.0048287808464063,1.640583962350719,Medical Instruments & Supplies,Healthcare,RGEN
2007Q3,2007,Q3,2007-11-09,2007-09-30,3306077.0,5352321.0,-35417778.0,0.11,3939893.0,0.7361092505,70802601.0,66821410.0,64312273.0,3802428.0,3981191.0,1667190.0,-117137278.0,135373412.86159998,96957681.86159998,2.171826178007204,16.91347554772898,0.0,0.0,-0.4239314680933051,2.171826178007204,0.04947631305595018,25.29246897964453,10.236710522894656,2.025898777975502,0.0,0.8471907820944223,0.0,0.07559497708283344,15.97287706696879,0.04669428740336813,3.319268448970237,0.7361092505475662,6.142857142857143,2.3221604697999014,1.7465620927823293,1.3742863623000652,-0.07612253574201451,5.88829184341898,-2369.9852724594994,1.93964872687159,3.033268239791039,1.6239939317120848,Medical Instruments & Supplies,Healthcare,RGEN
2007Q2,2007,Q2,2007-08-08,2007-06-30,479956.0,5978818.0,-14938.0,0.0154,4264519.0,0.7132712519,29910690.0,26385560.0,24881859.0,3330053.0,3525130.0,1631194.0,-157443356.0,118895881.66,112118917.66,0.8632748835953247,7.471910807425587,0.0,0.0,-0.0011322859927930277,0.8632748835953247,0.018190100949155522,19.88618513893549,61.93061533765595,4.506096579341125,0.0,1.0509473428666363,0.0,0.1998890028949516,6.3801684237458085,0.016046303177893923,-125.27237059569129,0.7132712519431098,3.1999999999999997,1.2110564861904256,2.218190690296887,-0.09639139829245068,0.5247524009067311,3.2434350138825265,0.9574779390834045,1.3658018461569117,1.09259721214507,-0.024267732461880562,Medical Instruments & Supplies,Healthcare,RGEN
2007Q1,2007,Q1,2007-06-08,2007-03-31,-213938.0,3698812.0,-351300.0,-0.007,2796860.0,0.7561508939,29075883.0,25538298.0,25731025.0,3337243.0,3537585.0,1514571.0,-157683334.0,96583801.04,88857296.04,0.8355544181428294,7.710264131200515,0.0,0.0,-0.027511621956952653,0.8355544181428294,-0.008377144005446252,26.112114116640697,-112.86424225710253,3.78192004181328,0.0,0.5955164861865175,0.0,0.12721237047211945,7.173143220316891,-0.007357919276260672,173.9493319837692,0.7561508938545674,-4.384615384615385,0.8989701674515932,1.1178093918019383,-0.1582001539358028,-0.09119857963831987,-4.427418945659343,-0.36698457910649873,0.9678843672657387,0.7107275404166153,-0.08095822031050051,Medical Instruments & Supplies,Healthcare,RGEN
