Quarters,Year,Quarter,FillingDate,Date,NetIncome,Revenue,OperatingIncome,EPSDiluted,GrossProfit,GrossProfitRatio,TotalAssets,CommonStockEquity,CurrentAssets,CurrentLiability,TotalLiability,Inventory,RetainedEarnings,MarketCap,EnterpriseValue,bookValuePerShare,currentRatio,debtToAssets,debtToEquity,roic,shareholdersEquityPerShare,roe,priceToSalesRatio,peRatio,pbRatio,payoutRatio,inventoryTurnover,dividendYield,assetTurnover,quickRatio,returnOnAssets,priceToFreeCashFlowsRatio,grossProfitMargin,epsdilutedGrowth,fiveYNetIncomeGrowthPerShare,fiveYRevenueGrowthPerShare,fiveYShareholdersEquityGrowthPerShare,grossProfitGrowth,netIncomeGrowth,operatingIncomeGrowth,threeYNetIncomeGrowthPerShare,threeYRevenueGrowthPerShare,threeYShareholdersEquityGrowthPerShare,Industry,Sector,Symbol
2023Q2,2023,Q2,2023-05-09,2023-03-31,19000000.0,598400000.0,56200000.0,0.37,241700000.0,0.4039104278,3798600000.0,1507000000.0,1009200000.0,569000000.0,2291600000.0,540500000.0,946400000.0,2180388000.0,3460288000.0,29.31906614785992,1.7736379613356765,0.37779708313589216,0.9522893165228932,0.013959155286778416,29.31906614785992,0.012607830126078301,3.643696524064171,28.689315789473685,1.4468400796284009,0.4105263157894737,0.6599444958371878,0.003577344949614472,0.15753172221344705,0.5553602811950791,0.005001842784183646,27.018438661710036,0.40391042780748665,0.608695652173913,-0.6933780415643099,0.033825457491184145,-0.0854727518574192,0.2788359788359788,0.5966386554621849,0.7955271565495208,0.02933253516911102,0.20872250039059298,0.18164127650025505,Household & Personal Products,Consumer Defensive,EPC
2023Q1,2023,Q1,2023-02-08,2022-12-31,11900000.0,469100000.0,31300000.0,0.23,189000000.0,0.4028991686,3797000000.0,1486700000.0,1007500000.0,501300000.0,2310300000.0,540200000.0,935600000.0,1988664000.0,3321764000.0,28.81201550387597,2.009774586076202,0.39957861469581246,1.020515235084415,0.007435937977884837,28.81201550387597,0.008004304836214435,4.239317842677467,41.77865546218487,1.337636375866012,0.6974789915966386,0.5185116623472787,0.004173656283816673,0.12354490387147748,0.6128067025733094,0.0031340531998946537,-20.375655737704918,0.40289916862076314,-0.640625,0.9069188939025801,0.07547752302158409,-0.0360033464701481,-0.13619744058500913,-0.6468842729970327,-0.3013392857142857,-0.4409520348837209,0.08732583751664802,0.1605166099402605,Household & Personal Products,Consumer Defensive,EPC
2022Q4,2022,Q4,2022-11-16,2022-09-30,33700000.0,536900000.0,44800000.0,0.64,218800000.0,0.4075246787,3713100000.0,1459700000.0,942200000.0,548000000.0,2253400000.0,449300000.0,931700000.0,1937320000.0,3159020000.0,28.179536679536678,1.7193430656934308,0.37984433492230213,0.9662259368363363,0.011911757558619897,28.179536679536678,0.023086935671713365,3.6083441981747066,14.37181008902077,1.3272042200452148,0.2344213649851632,0.707990206988649,0.004077798195445254,0.14459615954323882,0.5941605839416059,0.00907597425331933,182.76603773584907,0.4075246787111194,0.12280701754385977,1.2485703358344868,0.04033959610167782,-0.0826320665271116,-0.09060681629260182,0.10491803278688525,-0.10220440881763528,0.64772850286869,0.06396908271908278,0.17171529576592864,Household & Personal Products,Consumer Defensive,EPC
2022Q3,2022,Q3,2022-08-04,2022-06-30,30500000.0,623800000.0,49900000.0,0.57,240600000.0,0.385700545,3721300000.0,1478100000.0,933700000.0,575100000.0,2243200000.0,414100000.0,905900000.0,1812300000.0000002,3057800000.0,28.154285714285713,1.6235437315249521,0.3834950151828662,0.9654962451796225,0.01418129451891732,28.154285714285713,0.020634598471010082,2.9052580955434437,14.854918032786886,1.2261010757052975,0.26229508196721313,0.9253803429123401,0.004414280196435469,0.16762959180931394,0.7468266388454182,0.008196060516486175,18.141141141141144,0.38570054504648926,0.3255813953488371,-0.3947089947089947,0.06610972922502335,-0.15856359117135538,0.04563233376792699,0.3146551724137931,0.19664268585131894,1.0712041771851468,0.05517243535628308,0.12450856931920051,Household & Personal Products,Consumer Defensive,EPC
2022Q2,2022,Q2,2022-05-10,2022-03-31,23200000.0,547700000.0,41700000.0,0.43,230100000.0,0.4201205039,3793300000.0,1515500000.0,968700000.0,544200000.0,2277800000.0,429100000.0,883500000.0,1965512000.0,3273112000.0,28.274253731343283,1.7800441014332966,0.39430047715709277,0.9869350049488618,0.011640437259987573,28.274253731343283,0.015308479049818541,3.588665327734161,21.180086206896554,1.2969396238865063,0.35344827586206895,0.7401538103006292,0.00417194094973727,0.1443861545356286,0.8324145534729879,0.0061160467139430045,83.6388085106383,0.42012050392550665,1.15,-0.6218451123378542,-0.04004995480860834,-0.12249680228218195,0.21105263157894738,1.1090909090909091,0.2636363636363636,-0.5141822010280548,0.011174577997155306,-0.14166594081944245,Household & Personal Products,Consumer Defensive,EPC
2022Q1,2022,Q1,2022-02-08,2021-12-31,11000000.0,463000000.0,33000000.0,0.2,190000000.0,0.4103671706,3807000000.0,1552000000.0,966000000.0,483000000.0,2254000000.0,407000000.0,868000000.0,2486624000.0,3706624000.0,28.529411764705884,2.0,0.3832413974257946,0.9400773195876289,0.007534872135503155,28.529411764705884,0.007087628865979381,5.37067818574514,56.51418181818182,1.6022061855670102,0.7272727272727273,0.6707616707616708,0.003217213378460113,0.1216180719726819,0.8136645962732919,0.0028894142369319674,-28.25709090909091,0.4103671706263499,-0.7500000000000001,-0.6517230026338894,0.012549272286234247,-0.07415800966055712,-0.2238562091503268,-0.7505668934240363,-0.4778481012658228,28.348345588235297,0.0073215733460306074,-0.11260784426459598,Household & Personal Products,Consumer Defensive,EPC
2021Q4,2021,Q4,2021-11-19,2021-09-30,44100000.0,543200000.0,63200000.0,0.8,244800000.0,0.45066273932253315,3674600000.0,1584300000.0,1135700000.0,536800000.0,2090300000.0,345700000.0,865700000.0,1974719999.9999998,2814120000.0,29.123161764705884,2.1156855439642324,0.358841778697001,0.8322918639146626,0.01985949743312618,29.123161764705884,0.02783563718992615,3.635346097201767,11.194557823129252,1.246430600265101,0.2018140589569161,0.8631761643043101,0.0045069680764867935,0.14782561367223643,1.322280178837556,0.012001306264627443,39.18095238095238,0.45066273932253315,0.08108108108108115,-0.08994675456389456,-0.041699581896302636,-0.06691236773550309,-0.09433962264150944,0.08088235294117647,-0.1111111111111111,1.2564812007277137,0.003360406313623167,-0.09856085332218412,Household & Personal Products,Consumer Defensive,EPC
2021Q3,2021,Q3,2021-08-05,2021-06-30,40800000.0,573700000.0,71100000.0,0.74,270300000.0,0.47115217012375804,3647200000.0,1511600000.0,1102000000.0,547100000.0,2135600000.0,359200000.0,829900000.0,2388160000.0,3262160000.0,27.78676470588235,2.014256991409249,0.3595909190611976,0.8676237099761842,0.018712073586064068,27.78676470588235,0.02699126753109288,4.1627331357852535,14.633333333333333,1.5798888594866367,0.2034313725490196,0.8446547884187082,0.0034754790298807455,0.15729874972581706,1.2047157740815206,0.011186663742048695,14.66928746928747,0.47115217012375804,1.846153846153846,0.20776566757493178,-0.03384592676010098,-0.12336636197210962,0.11832850641290857,1.8333333333333333,0.13036565977742448,2.347107438016529,-0.08236929157741074,-0.12655841776724666,Household & Personal Products,Consumer Defensive,EPC
2021Q2,2021,Q2,2021-05-06,2021-03-31,14400000.0,519300000.0,62900000.0,0.26,241700000.0,0.46543423839784326,3537900000.0,1464100000.0,987700000.0,483800000.0,2073800000.0,354200000.0,797700000.0,2150280000.0,3179680000.0,26.96316758747698,2.0415460934270357,0.37070013284716924,0.8957721467112902,0.01641373573950697,26.96316758747698,0.009835393757257019,4.140727902946274,37.331250000000004,1.468670172802404,0.0,0.7837380011293055,0.0,0.14678198931569575,1.1403472509301364,0.004070211142203002,41.59148936170213,0.46543423839784326,-0.1875,-0.7616870470825219,-0.07055950073761234,-0.144803420175068,0.25038799793067773,-0.1864406779661017,0.5120192307692307,-0.780023932581409,-0.150746687672226,-0.15895849715587043,Household & Personal Products,Consumer Defensive,EPC
2021Q1,2021,Q1,2021-02-09,2020-12-31,17700000.0,451100000.0,41600000.0,0.32,193300000.0,0.42850809133229883,3496100000.0,1465200000.0,933400000.0,428900000.0,2030900000.0,337000000.0,791600000.0,1881152000.0,2871952000.0,26.933823529411764,2.17626486360457,0.36371957323875176,0.8678678678678678,0.01050553612305311,26.933823529411764,0.01208026208026208,4.1701440922190205,26.569943502824856,1.2838875238875238,0.0,0.7649851632047477,0.0,0.12902949000314637,1.2084401958498485,0.005062784245301908,-20.29290183387271,0.42850809133229883,-0.15789473684210525,-0.18040301563663438,-0.00010284612734193765,-0.10495448666524777,-0.12967131922557407,-0.15714285714285714,-0.08167770419426049,1.6903533801580335,-0.019021397796786726,-0.09884416986990469,Household & Personal Products,Consumer Defensive,EPC
2020Q4,2020,Q4,2020-11-20,2020-09-30,21000000.0,488800000.0,45300000.0,0.38,222100000.0,0.4543780687397709,3540900000.0,1432900000.0,983600000.0,510500000.0,2108000000.0,314100000.0,782400000.0,1516672000.0,2420072000.0,26.340073529411764,1.9267384916748287,0.3581292891637719,0.884988484890781,0.014322118029428316,26.340073529411764,0.014655593551538837,3.102847790507365,18.055619047619047,1.05846325633331,0.0,0.8490926456542502,0.0,0.13804400011296564,1.1645445641527914,0.005930695585868,16.273304721030044,0.4543780687397709,3.2222222222222228,1.1082078797790766,1.8219479224085884,-0.1309937653243799,-0.002694207453973956,3.4680851063829787,-0.1203883495145631,1.1474923695893453,-0.09813033019899424,-0.142514687306857,Household & Personal Products,Consumer Defensive,EPC
2020Q3,2020,Q3,2020-08-04,2020-06-30,4700000.0,483900000.0,51500000.0,0.09,222700000.0,0.46021905352345527,3465600000.0,1368200000.0,1151500000.0,484400000.0,2097400000.0,323500000.0,761400000.0,1691988000.0,2445688000.0,25.197053406998158,2.3771676300578033,0.3651892890120037,0.9250109633094576,0.017047971675222935,25.197053406998158,0.0034351702967402426,3.4965654060756353,89.99936170212766,1.2366525361789211,0.0,0.8074188562596599,0.0,0.13962950138504154,1.5481007431874483,0.0013561865189289013,18.532179627601316,0.46021905352345527,-0.7500000000000001,1.0742592239791706,-0.4706315944431634,-0.3145008433209616,-0.08353909465020576,-0.7589743589743589,-0.15016501650165018,-0.9098176158225066,-0.2004021232802513,-0.246945266272901,Household & Personal Products,Consumer Defensive,EPC
2020Q2,2020,Q2,2020-05-07,2020-03-31,19500000.0,523000000.0,60600000.0,0.36,243000000.0,0.4646271510516252,3308500000.0,1347300000.0,989200000.0,486200000.0,1961200000.0,340100000.0,756700000.0,1307544000.0,2125544000.0,24.8121546961326,2.034553681612505,0.34057730089164273,0.8363393453573814,0.016606925581242396,24.8121546961326,0.01447339122689824,2.5000841300191206,16.763384615384613,0.9704920953017144,0.0,0.8232872684504557,0.0,0.1580776787063624,1.169477581242287,0.005893909626719057,23.816830601092896,0.4646271510516252,-0.1219512195121951,1.2523956675094423,-0.40566444502908594,-0.3469656742269506,0.25841532884515794,-0.12946428571428573,0.4027777777777778,-0.6862517554260534,-0.09515843664192089,-0.22994448253148894,Household & Personal Products,Consumer Defensive,EPC
2020Q1,2020,Q1,2020-02-10,2019-12-31,22400000.0,454000000.0,43200000.0,0.41,193100000.0,0.4253303964757709,3303200000.0,1348100000.0,946600000.0,462500000.0,1955100000.0,367000000.0,737200000.0,1681128000.0,2556428000.0,24.826887661141804,2.0467027027027025,0.3412145798014047,0.8360655737704918,0.012917611779631695,24.826887661141804,0.016615978043171872,3.7029251101321585,18.762589285714284,1.2470350864179216,0.0,0.7108991825613079,0.0,0.13744248001937515,1.0687567567567569,0.006781302978929523,-30.846385321100918,0.4253303964757709,0.040327102803738274,-0.7566467435205968,-0.5007902794212374,-0.39387003938145626,-0.16043478260869565,0.04672897196261682,-0.33126934984520123,-0.289475275555922,-0.005304626834500926,-0.19431303821828907,Household & Personal Products,Consumer Defensive,EPC
2019Q4,2019,Q4,2019-11-26,2019-09-30,21400000.0,528000000.0,64600000.0,0.39410681399631675,230000000.0,0.4356060606060606,3420900000.0,1303500000.0,1044400000.0,659600000.0,2117400000.0,357200000.0,714800000.0,1760958000.0,2648558000.0,24.04981549815498,1.583383869011522,0.3593206466134643,0.942999616417338,0.02715604274202879,24.04981549815498,0.01641733793632528,3.3351477272727275,20.571939252336453,1.3509459148446492,0.0,0.8342665173572228,0.0,0.15434534771551345,0.9385991510006064,0.00625566371422725,24.08971272229822,0.4356060606060606,1.048297403676019,-0.7136063614157269,-0.4725452073164503,-0.4107447180010396,-0.21286789869952089,1.04848210240145,-0.30312837108953616,-0.5567572917108482,-0.06507784370342888,-0.22945916446589287,Household & Personal Products,Consumer Defensive,EPC
2019Q3,2019,Q3,2019-08-06,2019-06-30,-441400000.0,609200000.0,92700000.0,-8.16,292200000.0,0.4796454366382141,3452300000.0,1354500000.0,1035600000.0,678600000.0,2097800000.0,372700000.0,693400000.0,1483963000.0,2440063000.0,25.036968576709796,1.526083112290009,0.357761492338441,0.9118493909191584,0.03280218172317189,25.036968576709796,-0.3258767072720561,2.435920879842416,-0.8404865201631173,1.0955799187892212,0.0,0.8505500402468473,0.0,0.17646206876575038,0.8636899498968464,-0.1278567911247574,12.983053368328958,0.4796454366382141,-10.168539325842698,-8.842725931020649,-0.3821602080709274,-0.39495944350015305,0.1646074133120765,-10.157676348547717,0.019801980198019802,-14.138823553113369,0.03162787525813097,-0.2101185913182357,Household & Personal Products,Consumer Defensive,EPC
2019Q2,2019,Q2,2019-05-09,2019-03-31,48200000.0,546700000.0,90900000.0,0.89,250900000.0,0.4589354307664167,3988500000.0,1782100000.0,1021800000.0,508600000.0,2206400000.0,388600000.0,1134800000.0,2398794000.0,3480394000.0,32.940850277264325,2.009044435705859,0.33250595461953114,0.7441782167106223,0.022128325987578405,32.940850277264325,0.027046742607036642,4.387770257911103,12.441877593360998,1.3460490432635657,0.0,0.7611940298507462,0.0,0.13706907358656137,1.0902477388910736,0.012084743637959132,2398.794,0.4589354307664167,121.3725,-0.43920358050986613,-0.4102669921831504,-0.18903561102668828,0.296640826873385,121.5,1.1642857142857144,-0.19936465502053977,-0.017901815524866607,0.04479202609435115,Household & Personal Products,Consumer Defensive,EPC
2019Q1,2019,Q1,2019-02-07,2018-12-31,-400000.0,457100000.0,42000000.0,-0.0073937153419593345,193500000.0,0.4233209363377817,3881300000.0,1739300000.0,899600000.0,615000000.0,2142000000.0,367300000.0,1086600000.0,2020635000.0,3111835000.0,32.14972273567468,1.4627642276422763,0.3429521036766032,0.7653078824814581,-0.0007199473409944865,32.14972273567468,-0.00022997757718622435,4.42055348938963,-1262.8968750000001,1.161751854194216,0.0,0.7176694799891097,0.0,0.11776981939041042,0.7434146341463415,-0.00010305825367789143,-36.21209677419355,0.4233209363377817,-1.0205380981721093,-1.0042827359487716,-0.5259242185662969,-0.20719760466377296,-0.16486836426413465,-1.0206185567010309,-0.3322734499205087,-1.018624675355062,0.018815071620550655,0.06837653622030525,Household & Personal Products,Consumer Defensive,EPC
2018Q4,2018,Q4,2018-11-19,2018-09-30,19400000.0,537400000.0,62900000.0,0.36,231700000.0,0.43114998139188687,3953300000.0,1744600000.0,951200000.0,717000000.0,2208700000.0,329500000.0,1083100000.0,2483460000.0,3513960000.0,32.30740740740741,1.3266387726638773,0.3280550426226191,0.7433795712484237,0.01707248313227306,32.30740740740741,0.011120027513470137,4.621250465202828,32.003350515463914,1.4235125530207497,0.0,0.9277693474962063,0.0,0.13593706523663773,0.7642956764295676,0.00490729264159057,48.505078125,0.43114998139188687,0.6363636363636362,-0.7870423230080699,-0.41844069939933365,-0.1796741598135467,-0.2345556656755864,0.6033057851239669,-0.2310513447432763,1.1007039400384888,1.9103657428066176,0.06587927447859859,Household & Personal Products,Consumer Defensive,EPC
2018Q3,2018,Q3,2018-08-07,2018-06-30,12100000.0,620600000.0,81800000.0,0.22,302700000.0,0.48775378665807284,3936600000.0,1717900000.0,920800000.0,736700000.0,2218700000.0,341400000.0,1046500000.0,2724840000.0,3808640000.0,31.812962962962963,1.2498981946518257,0.33081847279378146,0.7580767215786717,0.015314019558028899,31.812962962962963,0.007043483322661389,4.390654205607476,56.29834710743802,1.586145875778567,0.0,0.9311657879320445,0.0,0.15764873240867755,0.6749015881634315,0.003073718437230097,25.77899716177862,0.48775378665807284,-0.8166666666666667,-0.8399103805640503,-0.3558357908065511,-0.14052576210208478,0.0019860973187686196,-0.8141321044546851,-0.23906976744186045,1.1922401021711366,-0.3173151950537109,-0.13451152679163003,Household & Personal Products,Consumer Defensive,EPC
2018Q2,2018,Q2,2018-05-03,2018-03-31,65100000.0,608100000.0,107500000.0,1.2,302100000.0,0.49679329057720767,4079200000.0,1731200000.0,1004400000.0,551900000.0,2348000000.0,369700000.0,1034300000.0,2636280000.0,3818380000.0,32.05925925925926,1.8198949084979164,0.3495048048636988,0.82353280961183,0.02583695565734908,32.05925925925926,0.0376039741219963,4.335273803650716,10.123963133640554,1.522804990757856,0.0,0.8276981336218555,0.0,0.14907334771523828,1.0092408044935677,0.015959011570896253,33.626020408163264,0.49679329057720767,9.000000000000002,-0.11819787985865735,-0.36188064604434717,-0.11728296532765821,0.5082376435346979,8.716417910447761,1.8289473684210527,1.8472944130571247,-0.30511794532627873,-0.15622818688870407,Household & Personal Products,Consumer Defensive,EPC
2018Q1,2018,Q1,2018-02-08,2017-12-31,6700000.0,468300000.0,38000000.0,0.12,200300000.0,0.4277172752509075,4172500000.0,1655800000.0,1180600000.0,445400000.0,2516700000.0,349300000.0,969200000.0,3290206000.0,4460106000.0,29.888086642599276,2.65065110013471,0.4073816656680647,1.0265732576398117,0.0022922407021999385,29.888086642599276,0.004046382413334944,7.0258509502455695,122.76888059701493,1.9870793574103154,0.0,0.7672487832808474,0.0,0.11223487118034751,1.7146385271665918,0.0016057519472738166,-100.92656441717791,0.4277172752509075,1.0459770114942528,-0.9424190506917057,-0.5619290239084531,-0.15904035944607756,-0.2606127722406792,1.0451482479784366,-0.5667046750285063,-0.9286565656912619,-0.49529058868684406,-0.27030463798340026,Household & Personal Products,Consumer Defensive,EPC
2017Q4,2017,Q4,2017-11-20,2017-09-30,-148400000.0,564900000.0,87700000.0,-2.61,270900000.0,0.4795539033457249,4188800000.0,1741700000.0,1186200000.0,524400000.0,2447100000.0,333500000.0,952900000.0,4126059000.0,5167959000.0,30.717813051146383,2.2620137299771166,0.3687929717341482,0.886949532066372,0.01566472546878581,30.717813051146383,-0.08520411092610668,7.304052044609666,-6.950908018867924,2.368983751507148,0.0,0.881559220389805,0.0,0.1348596256684492,1.5137299771167048,-0.03542780748663102,26.9325,0.4795539033457249,-3.7473684210526312,-2.4048327529809015,-0.4526993753725734,-0.06785278588451663,-0.15895684570009314,-3.703096539162113,-0.06702127659574468,-2.8984524430533822,-0.4605649981504195,-0.24736912874723613,Household & Personal Products,Consumer Defensive,EPC
2017Q3,2017,Q3,2017-08-08,2017-06-30,54900000.0,637500000.0,94000000.0,0.95,322100000.0,0.5052549019607843,4555800000.0,1913900000.0,1236000000.0,544300000.0,2641900000.0,343100000.0,1101200000.0,4348344000.0,5491244000.0,33.45979020979021,2.2708065405107476,0.35071776636375607,0.8348398557918386,0.022435796411863766,33.45979020979021,0.028684884267725586,6.8209317647058825,19.80120218579235,2.271980772245154,0.0,0.919265520256485,0.0,0.13993151586988015,1.5153408047032886,0.012050572896088503,41.4918320610687,0.5052549019607843,-0.16666666666666663,-0.10993813878429262,-0.35455357292827266,0.0027309039531108322,0.04037467700258398,-0.1643835616438356,-0.11069063386944182,-0.07741096113189133,-0.3884986694721208,-0.1914144866670593,Household & Personal Products,Consumer Defensive,EPC
2017Q2,2017,Q2,2017-05-04,2017-03-31,65700000.0,611000000.0,105700000.0,1.14,309600000.0,0.5067103109656301,4530600000.0,1849500000.0,1223100000.0,557400000.0,2681100000.0,366400000.0,1046400000.0,4198236000.0,5424836000.0,32.221254355400696,2.1942949407965555,0.35966538648302654,0.8810489321438226,0.022302979890516283,32.221254355400696,0.035523114355231145,6.871090016366612,15.975022831050229,2.2699302514193027,0.0,0.8225982532751092,0.0,0.1348607248488059,1.4180121994976678,0.014501390544298769,100.19656324582338,0.5067103109656301,0.9655172413793103,-0.0390655401144145,-0.36816410017690404,-0.04992333866401924,0.35789473684210527,0.9611940298507463,0.5705794947994056,-0.2795415553865473,-0.3787978569329583,-0.2067512031310184,Household & Personal Products,Consumer Defensive,EPC
2017Q1,2017,Q1,2017-02-07,2016-12-31,33500000.0,485000000.0,67300000.0,0.58,228000000.0,0.47010309278350515,4455200000.0,1778000000.0,1137600000.0,473300000.0,2677200000.0,339000000.0,981100000.0,4211522999.9999995,5491823000.0,30.814558058925478,2.403549545742658,0.38130723648769976,0.9554555680539932,0.014442215507796126,30.814558058925478,0.018841394825646795,8.683552577319587,31.429276119402985,2.3686856017997746,0.0,0.7581120943952803,0.0,0.10886155503681091,1.5569406296218045,0.007519303286047764,-57.93016506189821,0.47010309278350515,-0.34090909090909094,-0.7327189939811456,-0.5355586842656853,-0.02414669752159074,-0.26475330538535957,-0.35823754789272033,-0.31326530612244896,-0.6636994585460895,-0.5283718283054075,-0.24012235995942302,Household & Personal Products,Consumer Defensive,EPC
2016Q4,2016,Q4,2016-11-18,2016-09-30,52200000.0,610600000.0,98000000.0,0.88,310100000.0,0.5078611202096299,4771500000.0,1829000000.0,1452000000.0,868200000.0,2942500000.0,309200000.0,946000000.0,4659872000.0,5765472000.0,31.21160409556314,1.6724257083621286,0.38656606937021903,1.0084745762711864,0.0218270908348491,31.21160409556314,0.02854018589393111,7.631627906976744,22.317394636015322,2.5477703663203934,0.0,0.9718628719275549,0.0,0.12796814418945823,1.2559318129463257,0.010939955988682804,30.317970071567988,0.5078611202096299,0.4426229508196722,0.32256285675961666,-0.4089538913202167,0.010036205443436636,-0.0035347043701799484,0.4223433242506812,0.4759036144578313,-0.47197046206603166,-0.3910953547314332,-0.20749798860711458,Household & Personal Products,Consumer Defensive,EPC
2016Q3,2016,Q3,2016-08-03,2016-06-30,36700000.0,645100000.0,66400000.0,0.61,311200000.0,0.4824058285537126,4854000000.0,1873300000.0,1508400000.0,896500000.0,2980700000.0,333600000.0,896900000.0,4988631000.0,6171831000.0,31.697123519458543,1.6825432236475182,0.3862175525339926,1.0007473442587946,0.0190669041083886,31.697123519458543,0.01959109592697379,7.733112695706092,33.982499999999995,2.6630176693535472,0.0,1.0008992805755397,0.0,0.13290070045323443,1.2274400446179587,0.007560774618871034,82.73019900497512,0.4824058285537126,-0.4454545454545455,-0.3432108845633413,-0.3837155002916023,-0.05931639729785383,0.0003214400514304082,-0.44478063540090773,-0.39471285323609845,-0.5563401325695835,-0.38818778909615137,-0.14365533596605937,Household & Personal Products,Consumer Defensive,EPC
2016Q2,2016,Q2,2016-05-03,2016-03-31,66100000.0,611200000.0,109700000.0,1.1,311100000.0,0.5089986910994765,4949400000.0,1872800000.0,1515500000.0,601400000.0,3076600000.0,382700000.0,862700000.0,4783482000.0,5983382000.0,31.52861952861953,2.5199534419687395,0.375883945528751,0.9933788979068774,0.021274337876329253,31.52861952861953,0.035294745835113196,7.826377617801047,18.091838124054462,2.554187313114054,0.0,0.7841651424091978,0.0,0.12348971592516264,1.7502494180246093,0.013355154160100214,-141.10566371681415,0.5089986910994765,1.8205128205128207,0.9950614413530017,-0.30329535738595914,-0.011602240974809249,0.36747252747252745,1.7890295358649788,0.7007751937984497,-0.1860477567191348,-0.41693419273490456,-0.1318935564745621,Household & Personal Products,Consumer Defensive,EPC
2016Q1,2016,Q1,2016-02-05,2015-12-31,23700000.0,495100000.0,64500000.0,0.39,227500000.0,0.45950313068067056,4886500000.0,1796500000.0,1464000000.0,511200000.0,3090000000.0,355800000.0,796600000.0,4678689000.0,5843089000.0,30.09212730318258,2.863849765258216,0.3803540366315359,1.0345672140272753,0.013622926762365059,30.09212730318258,0.013192318396882828,9.449987881236114,49.35325949367089,2.604335652657946,0.0,0.7521079258010118,0.0,0.10131996316381868,2.014280125195618,0.004850097206589583,-63.91651639344262,0.45950313068067056,1.1092436974789917,-0.74613101740587,-0.5025952405245439,-0.04059601354556985,1.755813953488372,1.1080218778486781,1.375,-0.8109886876601807,-0.5702175447467948,-0.15329927730072693,Household & Personal Products,Consumer Defensive,EPC
2015Q4,2015,Q4,2015-11-30,2015-09-30,-219400000.0,-672300000.0,-172000000.0,-3.57,-301000000.0,-0.4477167930983192,4991700000.0,1864100000.0,1636600000.0,666800000.0,3127600000.0,332800000.0,772900000.0,5018400000.0,6027800000.0,30.31056910569106,2.4544091181763648,0.34487248833062883,0.9235019580494609,-0.027987154403921792,30.31056910569106,-0.11769754841478461,-7.464524765729585,-5.718322698268003,2.6921302505230402,0.0,-1.1156850961538463,0.0,-0.13468357473405854,1.719256148770246,-0.04395296191678186,51.15596330275229,0.4477167930983192,-2.0512820512820515,-3.970095106611443,-1.728299081424333,0.01920660071527376,-1.6091884233960736,-2.026206896551724,-5.914285714285715,-2.9148523382669724,-1.6005171619245933,-0.08021080462073038,Household & Personal Products,Consumer Defensive,EPC
2015Q3,2015,Q3,2015-08-10,2015-06-30,-72500000.0,1047100000.0,35000000.0,-1.17,494100000.0,0.4718747015566804,6869200000.0,2286300000.0,2771400000.0,1039200000.0,4582900000.0,626200000.0,1222800000.0,6065537371.6,7510437371.6,36.757234726688104,2.6668591224018474,0.36903860711582137,1.1087783755412675,0.004784639374895115,36.757234726688104,-0.03171062415256091,5.792701147550377,-20.915646108965518,2.6529927706775136,-0.4289655172413793,0.8831044394762056,0.005127328065871973,0.15243405345600652,1.7737682832948423,-0.010554358586152682,-66.29002591912568,0.4718747015566804,0.17605633802816903,-1.7856557630472423,0.09592477771460507,0.30299982520396257,-0.014755732801595214,0.1807909604519774,-0.7623896809232859,-2.080914887184984,-0.025069144275763653,0.1015495008550365,Household & Personal Products,Consumer Defensive,EPC
2015Q2,2015,Q2,2015-05-05,2015-03-31,-88500000.0,1008000000.0,147300000.0,-1.42,501500000.0,0.4975198412698413,6807500000.0,2363300000.0,2711300000.0,1701400000.0,4444200000.0,657900000.0,1326800000.0,6365240732.0,7683140732.0,37.9951768488746,1.5935700011755025,0.3572824091076019,1.0291541488596454,0.037136506048190666,37.9951768488746,-0.0374476367790801,6.314722948412698,-17.98090602259887,2.693369750772225,-0.3502824858757062,0.7698738410092719,0.00487020072063474,0.1480719794344473,1.0250969789585047,-0.013000367242012487,70.64640102108768,0.4975198412698413,-1.8402366863905326,-2.12379421221865,0.2114047330942132,0.3786663526455224,0.025143090760425185,-1.8420551855375833,-0.10073260073260074,-2.1945193153065397,-0.03806632701005484,0.1203266753455359,Household & Personal Products,Consumer Defensive,EPC
2015Q1,2015,Q1,2015-01-30,2014-12-31,105100000.0,1038400000.0,163800000.0,1.69,489200000.0,0.47110939907550076,6932800000.0,2539500000.0,2767700000.0,1621200000.0,4393300000.0,643100000.0,1447000000.0,5908613888.0,7180213888.0,40.95967741935484,1.707192203306193,0.3466420493884145,0.9463280173262453,0.025572621716233677,40.95967741935484,0.04138609962591061,5.6901135285053925,14.054742835394864,2.3266839488088205,0.29590865842055186,0.8539884932358887,0.005263501827926516,0.1497807523655666,1.115840118430792,0.01515981998615278,-124.91784118393235,0.47110939907550076,0.24264705882352927,-0.060041830266635926,-0.007935259076093003,0.5333205414517601,-0.15084186773129665,0.2335680751173709,0.11732605729877217,-0.21961281349544623,-0.07458206676700463,0.29713482833969124,Household & Personal Products,Consumer Defensive,EPC
2014Q4,2014,Q4,2014-11-18,2014-09-30,85200000.0,1141400000.0,146600000.0,1.36,576100000.0,0.504731032065884,6928700000.0,2522300000.0,2729600000.0,1573700000.0,4406400000.0,616900000.0,1373000000.0,5644460976.0,6803860976.0,40.81391585760518,1.7345110249729936,0.3302784072048148,0.9072671767830948,0.02654767153129125,40.81391585760518,0.03377869404908219,4.94520849483091,16.56238549295775,2.237823009158308,0.3626760563380282,0.9163559734154644,0.00547439341531201,0.1647350873901309,1.15492152252653,0.0122966790306984,34.62859494478528,0.504731032065884,0.3203883495145632,1.5900609740140794,0.19261359990837532,0.614214342209091,0.06883116883116883,0.3209302325581395,-0.0047522063815342835,1.04689023614703,0.04763879305411129,0.3207758427245763,Household & Personal Products,Consumer Defensive,EPC
2014Q3,2014,Q3,2014-07-30,2014-06-30,64500000.0,1130000000.0,147300000.0,1.03,539000000.0,0.47699115044247786,7001000000.0,2565600000.0,2756800000.0,1371600000.0,4435400000.0,620200000.0,1319200000.0,5608495324.0,6861195324.0,41.380645161290325,2.009915427238262,0.33443793743750894,0.912613033988151,0.0219771056058118,41.380645161290325,0.025140318054256313,4.963270198230089,21.73835396899225,2.1860365310258807,0.4790697674418605,0.9529184134150274,0.0055094991107101435,0.1614055134980717,1.3058471857684457,0.00921296957577489,42.74767777439025,0.47699115044247786,-0.3439490445859873,-0.0927585747881262,0.15841215943083517,0.48289221299220364,0.06039740310840055,-0.34517766497461927,-0.2177376526818906,0.1003108326398747,0.02903095154104451,0.22806393925825413,Household & Personal Products,Consumer Defensive,EPC
2014Q2,2014,Q2,2014-05-01,2014-03-31,98500000.0,1062400000.0,188300000.0,1.57,508300000.0,0.47844503012048195,6870300000.0,2518400000.0,2611100000.0,1290700000.0,4351900000.0,621100000.0,1287000000.0,4630007232.0,6002507232.0,40.619354838709675,2.0230107693499653,0.34411888854926276,0.9387706480304956,0.02797278026199494,40.619354838709675,0.039112134688691236,4.358064036144579,11.751287390862945,1.838471740787802,0.31269035532994927,0.8921268716792787,0.0066522574278346175,0.15463662431043768,1.289920198341985,0.014337074072456806,28.63331621521336,0.47844503012048195,-0.0818713450292397,0.20288018433179725,0.13471002916562855,1.095671139023694,-0.006838608831574834,-0.0871177015755329,-0.08325219084712755,1.8483004702582293,0.160240915053452,0.27338525745429465,Household & Personal Products,Consumer Defensive,EPC
2014Q1,2014,Q1,2014-01-30,2013-12-31,107900000.0,1113900000.0,205400000.0,1.71,511800000.0,0.45946673848639913,6800500000.0,2534500000.0,2517800000.0,1181300000.0,4266000000.0,611600000.0,1220100000.0,5014825812.5,6433225812.5,40.552,2.131380682299162,0.3381957209028748,0.907437364371671,0.030200040901427343,40.552,0.042572499506806076,4.502043103061316,11.6191515581557,1.9786252959163542,0.29008341056533826,0.9844669718770438,0.006241492959133564,0.16379677964855524,1.3221874206382798,0.01586648040585251,162.81901988636363,0.45946673848639913,0.03012048192771087,-0.09325117117117125,-0.003313266187050386,1.1884491344996762,0.02033492822966507,0.02664129400570885,0.44851904090267986,0.10402028985507238,0.06895033557046974,0.29288800578034685,Household & Personal Products,Consumer Defensive,EPC
2013Q4,2013,Q4,2013-11-21,2013-09-30,105100000.0,1066100000.0,141800000.0,1.66,501600000.0,0.4704999531000844,6717400000.0,2453600000.0,2568400000.0,1153400000.0,4263800000.0,616300000.0,1144100000.0,4209521599.5000005,5449021599.5,39.38362760834671,2.2268076989769376,0.33313484383838987,0.9120476035213564,0.019879236862081352,39.38362760834671,0.04283501793283339,3.9485241529875252,10.013134156755472,1.7156511246739488,0.29590865842055186,0.915950024338796,0.0073880129285223296,0.15870723791943311,1.408271198196636,0.01564593443891982,16.912501404178386,0.4704999531000844,0.20289855072463772,-0.007547866593887518,-0.11193647694698872,1.3045924817490848,-0.017241379310344827,0.20527522935779816,-0.13219094247246022,0.4045057391199005,0.14007038243810788,0.3242922981278708,Household & Personal Products,Consumer Defensive,EPC
2013Q3,2013,Q3,2013-07-31,2013-06-30,87200000.0,1111500000.0,163400000.0,1.38,510400000.0,0.4591992802519118,6800200000.0,2306000000.0,2693500000.0,1294400000.0,4494200000.0,630200000.0,1070700000.0,4726764359.099999,6197164359.099999,37.014446227929376,2.0808868974042025,0.3557542425222788,1.0490893321769297,0.028340448174529274,37.014446227929376,0.037814397224631396,4.252599513360323,13.551503323107797,2.0497677186036425,0.2855504587155963,0.9538241827991114,0.005267874196449491,0.1634510749683833,1.3264833127317677,0.01282315226022764,23.76452669230769,0.4591992802519118,0.022222222222222077,0.20871827328711243,-0.036611165291132744,1.1446857486457418,-0.03825136612021858,0.027090694935217905,-0.15555555555555556,-0.056562538585010515,0.1614603581386142,0.31211766400902613,Household & Personal Products,Consumer Defensive,EPC
2013Q2,2013,Q2,2013-05-01,2013-03-31,84900000.0,1095900000.0,193500000.0,1.35,530700000.0,0.4842595127292636,6768900000.0,2255400000.0,2635300000.0,1203800000.0,4513500000.0,664200000.0,3155200000.0,4576249602.0,6220149602.0,36.31884057971015,2.189151021764413,0.3685384626748807,1.1060565753303184,0.0306067070330694,36.31884057971015,0.037642990156956636,4.175791223651793,13.475411077738515,2.0290190662410215,0.2921083627797409,0.8509485094850948,0.005419284819858041,0.1619022293134778,1.3444924406047516,0.012542658334441343,29.448195637065638,0.4842595127292636,-0.3478260869565216,0.2897639188342338,0.06613017566050487,1.2817060400472262,-0.05502136752136752,-0.3459167950693374,-0.1994207695490277,0.07981658888070091,0.31916295087404434,0.3178399898887766,Household & Personal Products,Consumer Defensive,EPC
2013Q1,2013,Q1,2013-01-31,2012-12-31,129800000.0,1192500000.0,241700000.0,2.07,561600000.0,0.47094339622641507,6745300000.0,2196400000.0,2575300000.0,1233300000.0,4548900000.0,637900000.0,3097500000.0,3664020709.8,5429820709.8,35.54045307443366,2.0881375172301953,0.3784709353179251,1.1623110544527409,0.03500659249803706,35.54045307443366,0.05909670369695866,3.072554054339623,7.057050673728814,1.6681937305590968,0.19106317411402157,0.9890264931807493,0.006768520694675251,0.17678976472506783,1.3038190221357333,0.019243028479089142,65.19609803914591,0.47094339622641507,0.12499999999999986,0.1733651584372653,-0.07049061355404754,1.5911004642049464,0.06484641638225255,0.1094017094017094,0.3265642151481888,0.164618588976167,0.1429755420993876,0.33045253734788427,Household & Personal Products,Consumer Defensive,EPC
2012Q4,2012,Q4,2012-11-20,2012-09-30,117000000.0,1143200000.0,182200000.0,1.84,527400000.0,0.4613365990202939,6731200000.0,2069500000.0,2522600000.0,1307500000.0,4661700000.0,672400000.0,2993200000.0,3440732306.7999997,5254732306.799999,32.953821656050955,1.9293307839388145,0.3762330639410506,1.2237255375694611,0.0298466713262275,32.953821656050955,0.056535395022952406,3.009737847095871,7.351992108547009,1.6625911122493355,0.0,0.9158239143367043,0.0,0.16983598763964822,1.1703250478011473,0.017381744711195628,13.751927685051957,0.4613365990202939,0.7358490566037735,0.5255361719745222,0.19247381319745221,1.888609141379065,-0.00264750378214826,0.6666666666666666,0.4622792937399679,2.5001373461294145,0.175473753406292,0.3033430002989,Household & Personal Products,Consumer Defensive,EPC
2012Q3,2012,Q3,2012-08-01,2012-06-30,70200000.0,1124100000.0,124600000.0,1.06,528800000.0,0.4704207810692999,6667100000.0,2172300000.0,2464600000.0,1176900000.0,4494800000.0,669600000.0,2902500000.0,3631412301.3,5470212301.3,33.36866359447004,2.0941456368425526,0.3706109102908311,1.1374579938314229,0.021214109095311715,33.36866359447004,0.03231597845601436,3.2305064507606085,12.932379990384616,1.671690052617042,0.0,0.8890382317801673,0.0,0.16860404073735208,1.1917750021242246,0.010529315594486359,38.14508719852942,0.4704207810692999,-0.09401709401709392,-0.01968998429493089,0.22636940065668198,2.8078867266667467,0.02242846094354215,-0.09884467265725289,-0.14423076923076922,-0.05960357253785836,0.09748934548352442,0.1957796020175225,Household & Personal Products,Consumer Defensive,EPC
2012Q2,2012,Q2,2012-05-03,2012-03-31,77900000.0,1101800000.0,145600000.0,1.17,517200000.0,0.4694136866944999,6631700000.0,2218000000.0,2393600000.0,1444200000.0,4413700000.0,686400000.0,2834300000.0,3596272752.0,5433172752.0,33.91437308868502,1.657388173383188,0.3617021276595745,1.0814697926059513,0.02174146150058148,33.91437308868502,0.03512173128944995,3.263997778181158,11.541311784338896,1.6214034048692516,0.0,0.8516899766899767,0.0,0.16614141170438954,0.9503531366846697,0.011746610974561575,21.742882418379686,0.4694136866944999,-0.4558139534883721,0.00943347388673077,0.3009460294312697,3.886776132423632,-0.08379096545615589,-0.45827538247566063,-0.36252189141856395,-0.0981432940148536,0.11561293379295207,0.7497415496197669,Household & Personal Products,Consumer Defensive,EPC
2012Q1,2012,Q1,2012-02-02,2011-12-31,143800000.0,1198100000.0,228400000.0,2.15,564500000.0,0.47116267423420416,6684900000.0,2090400000.0,2455200000.0,1614100000.0,4594500000.0,640900000.0,2756500000.0,3802206201.8,5803406201.8,31.57703927492447,1.5210953472523387,0.3707011324028781,1.185466896287792,0.03449718373145656,31.57703927492447,0.06879066207424417,3.173529923879476,6.610233313282336,1.8188893043436662,0.0,0.9886097675144329,0.0,0.17922482011698007,0.9270801065609318,0.02151116695836886,387.9802246734694,0.47116267423420416,2.2089552238805967,0.005650659193257233,0.06831324216870041,4.618804673949577,0.03388278388278388,2.1397379912663754,0.43647798742138366,0.14089709044391818,0.01210965970426079,0.7041019991929063,Household & Personal Products,Consumer Defensive,EPC
2011Q4,2011,Q4,2011-11-22,2011-09-30,45800000.0,1198800000.0,159000000.0,0.67,546000000.0,0.45545545545545546,6663400000.0,2101300000.0,2392600000.0,1159300000.0,4562100000.0,653400000.0,2613000000.0,3349088196.0,5246388196.0,30.901470588235295,2.0638316225308375,0.35544917009334576,1.1271593775281967,0.019965691319258922,30.901470588235295,0.021796031028410982,2.7937005305305305,18.281049104803493,1.593817254080807,0.0,0.9990817263544536,0.0,0.179908154995948,1.2278098852755974,0.006873367950295645,16.514241597633138,0.45545545545545546,-0.2872340425531914,-0.024667915601022924,0.20248622696060706,7.237536244114878,-0.04712041884816754,-0.30500758725341426,-0.08515535097813579,-0.6037662491838309,-0.0851035197771471,0.8082462464058194,Household & Personal Products,Consumer Defensive,EPC
2011Q3,2011,Q3,2011-07-29,2011-06-30,65900000.0,1234500000.0,173800000.0,0.94,573000000.0,0.4641555285540705,6794800000.0,2348600000.0,2521000000.0,1166100000.0,4446200000.0,709200000.0,2568200000.0,3738689320.4,5634989320.4,33.69583931133429,2.161907212074436,0.3537410961323365,1.0234182065911608,0.023886323538471508,33.69583931133429,0.028059269351954356,3.0285049172944514,14.183191655538696,1.5918799797326066,0.0,0.932741116751269,0.0,0.1816830517454524,1.320898722236515,0.009698593041737799,78.87530211814347,0.4641555285540705,0.7090909090909089,0.09939608673764758,0.4376361480680473,7.8429212634501075,0.21630227127998303,0.6854219948849105,0.3610023492560689,-0.18351297808771375,-0.04360234079844258,0.9523995013910621,Household & Personal Products,Consumer Defensive,EPC
2011Q2,2011,Q2,2011-04-29,2011-03-31,39100000.0,1035300000.0,127700000.0,0.55,471100000.0,0.45503718728870857,6681200000.0,2236100000.0,2393900000.0,1391200000.0,4445100000.0,746300000.0,2502500000.0,3697787828.3,5636187828.3,31.898716119828816,1.7207446808510638,0.3616715560079028,1.0806314565538213,0.017593467287990768,31.898716119828816,0.01748580117168284,3.5717065858205355,23.643144682225063,1.6536773079468718,0.0,0.7559962481575774,0.0,0.15495719331856553,0.9894335825186888,0.005852242112195414,44.07375242312277,0.45503718728870857,-0.6451612903225806,-0.31138937389443655,0.4482296898790901,3.974877586249774,-0.15101820147774372,-0.6458333333333334,-0.344792201128784,-0.47379754163065196,-0.10776530899976157,1.0040147779669595,Household & Personal Products,Consumer Defensive,EPC
2011Q1,2011,Q1,2011-02-04,2010-12-31,110400000.0,1177100000.0,194900000.0,1.55,554900000.0,0.471412794155127,6702000000.0,2214400000.0,2393400000.0,1429900000.0,4487600000.0,679600000.0,2463500000.0,3815226188.6,5766226188.6,31.36543909348442,1.6738233442898105,0.35737093404953746,1.081602239884393,0.028725905529550178,31.36543909348442,0.04985549132947977,3.241208213915555,8.639552057518115,1.722916450776734,0.0,0.9155385520894644,0.0,0.17563413906296627,1.0186726344499615,0.01647269471799463,-194.65439737755102,0.471412794155127,0.2904481132075471,-0.14549760229449998,0.24416826461087315,4.150423718607165,0.12259761278575763,0.3018867924528302,0.8334901222953904,-0.12640257906333344,-0.1968576522892037,1.2867182819788663,Household & Personal Products,Consumer Defensive,EPC
2010Q4,2010,Q4,2010-11-23,2010-09-30,84800000.0,1059700000.0,106300000.0,1.2011331444759208,494300000.0,0.4664527696517882,6387900000.0,2099600000.0,2429500000.0,1253500000.0,4288300000.0,666300000.0,2353900000.0,3518486410.7999997,5202186410.799999,29.739376770538243,1.9381731152772237,0.36215344635952346,1.1018289197942466,0.02767826273322783,29.739376770538243,0.040388645456277385,3.3202665007077474,10.372896258254716,1.6757889173175842,0.0,0.8485667116914303,0.0,0.1658917641165328,1.2003988831272436,0.013275098232596002,19.74459265319865,0.4664527696517882,-0.18290262280549605,0.4838838303684847,0.2452536208745143,3.32189051757393,-0.04501545595054096,-0.18461538461538463,-0.3506414172266341,-0.016470381869688303,-0.016748739308781842,1.606842887447596,Household & Personal Products,Consumer Defensive,EPC
2010Q3,2010,Q3,2010-07-30,2010-06-30,104000000.0,1076800000.0,163700000.0,1.47,517600000.0,0.48068350668647847,6157500000.0,1977500000.0,2231800000.0,1242900000.0,4180000000.0,631600000.0,2272300000.0,2612770915.3,4487870915.3,28.20970042796006,1.7956392308311209,0.38390580592773044,1.1953982300884956,0.027461484432534707,28.20970042796006,0.05259165613147914,2.4264217266901933,6.280699315624999,1.3212495146902654,0.0,0.8853704876504117,0.0,0.17487616727568006,1.0691125593370343,0.016889971579374746,18.689348464234623,0.48068350668647847,0.176,0.9520985146020821,0.573192925516458,2.0060964247973314,0.15742397137745975,0.1751412429378531,0.028912633563796353,0.34872260838801716,0.09097393683309554,2.2191682929931966,Household & Personal Products,Consumer Defensive,EPC
2010Q2,2010,Q2,2010-04-30,2010-03-31,88500000.0,935100000.0,159100000.0,1.25,447200000.0,0.47823762164474387,6052200000.0,1926400000.0,2081000000.0,995900000.0,4125800000.0,637600000.0,2171900000.0,737438010.0,2755238010.0,27.559370529327612,2.089567225625063,0.3988632232907042,1.2531146179401993,0.02528465540421294,27.559370529327612,0.0459406146179402,0.7886194096888033,2.0831582203389827,0.38280627595514943,0.0,0.7652132998745295,0.0,0.15450579954396748,1.1746159252937043,0.014622781798354318,4.864366820580475,0.47823762164474387,-0.29775280898876405,0.5630795291636863,0.512403590323219,1.8476859296732702,-0.20171367368796858,-0.29594272076372313,-0.40210447200300636,0.07296137403497922,0.033035250948768566,2.9710736735472794,Household & Personal Products,Consumer Defensive,EPC
2010Q1,2010,Q1,2010-01-29,2009-12-31,125700000.0,1176700000.0,266100000.0,1.78,560200000.0,0.4760771649528342,6198100000.0,1861900000.0,2194700000.0,1201200000.0,4336200000.0,590000000.0,2088100000.0,3166209137.1,5319209137.1,26.713055954088954,1.8270895770895772,0.41322340717316597,1.3755840807777002,0.03809718465120175,26.713055954088954,0.067511681615554,2.6907530696864113,6.2971542106205245,1.7005258806058325,0.0,1.0449152542372881,0.0,0.18984850196027814,1.1076423576423577,0.020280408512286022,42.728868246963565,0.4760771649528342,2.3440970350404315,0.07347816893388616,0.3962389348770676,1.8659752498946058,0.18260502427696854,2.3881401617250675,1.8069620253164558,-0.16507253853977616,-0.0034559320266889224,3.7533095912986165,Household & Personal Products,Consumer Defensive,EPC
2009Q4,2009,Q4,2009-11-25,2009-09-30,37100000.0,1079400000.0,94800000.0,0.5322812051649928,473700000.0,0.4388549193996665,6149000000.0,1762300000.0,2125800000.0,1159500000.0,4386700000.0,667300000.0,1963200000.0,745790000.0,2945090000.0,25.284074605451938,1.8333764553686933,0.4161001788908766,1.451852692504114,0.014058191916215882,25.284074605451938,0.021052034273392726,0.6909301463776172,5.025539083557952,0.4231912841173466,0.0,0.9076876966881463,0.0,0.17554073833143602,1.0552824493316084,0.0060335013823385915,3.613323643410853,0.4388549193996665,-0.5289546856946966,-0.360552174659938,0.4835229115903462,2.145981449052646,0.03473132372214941,-0.4896836313617607,-0.3194544149318019,-0.22920821533279276,0.05631129778663158,5.740083141564467,Household & Personal Products,Consumer Defensive,EPC
2009Q3,2009,Q3,2009-07-31,2009-06-30,72700000.0,997500000.0,139300000.0,1.13,457800000.0,0.4589473684210526,6319500000.0,1769200000.0,2269800000.0,1350000000.0,4550300000.0,700000000.0,1931000000.0,665700000.0,3077900000.0,27.905362776025235,1.6813333333333333,0.45185536830445444,1.614006330544879,0.019586649782398494,27.905362776025235,0.041092018991634637,0.6673684210526316,2.2892022008253097,0.3762717612480217,0.0,0.771,0.0,0.15784476619985757,0.9803703703703703,0.011504074689453279,7.188984881209503,0.4589473684210526,-0.1307692307692309,1.388932702418507,0.9458635955176884,1.9015603221782755,0.10686653771760155,-0.05584415584415584,-0.0977979274611399,0.33335779207482436,0.2770688578952135,6.323305514856198,Household & Personal Products,Consumer Defensive,EPC
2009Q2,2009,Q2,2009-05-11,2009-03-31,77000000.0,880400000.0,154400000.0,1.3,413600000.0,0.46978646069968194,5633100000.0,1130000000.0,1882000000.0,1278200000.0,4503100000.0,723000000.0,1859300000.0,576237200.0,3321837200.0,19.382504288164665,1.472383038648099,0.5106069482167901,2.5453982300884954,0.026261293330261472,19.382504288164665,0.06814159292035399,0.6545174920490686,1.8709000000000002,0.5099444247787611,0.0,0.645643153526971,0.0,0.15629049723953062,0.7135033641057738,0.013669205233352862,9.935124137931034,0.46978646069968194,-0.3085106382978723,1.0319303300120133,1.0924636795099933,0.8037463438878789,-0.19454722492697177,-0.3063063063063063,-0.3060674157303371,0.6305613773584905,0.48081474333001367,2.022867308714053,Household & Personal Products,Consumer Defensive,EPC
2009Q1,2009,Q1,2009-02-02,2008-12-31,111000000.0,1042500000.0,222500000.0,1.88,513500000.0,0.49256594724220626,5792600000.0,1080300000.0,2025000000.0,1469900000.0,4712300000.0,708500000.0,1782600000.0,2339778969.0,5141378969.0,18.53001715265866,1.3776447377372611,0.505731450471291,2.7117467370174952,0.03787998002679414,18.53001715265866,0.10274923632324354,2.2443922964028777,5.269772452702702,2.165860380449875,0.0,0.7466478475652788,0.0,0.17997099747954287,0.7357643377100483,0.019162379587749887,-311.9705292,0.49256594724220626,0.10599394550958623,0.38974095995227104,0.8492227894107004,0.8479736236209044,-0.03964840097250795,0.12008072653884964,0.22589531680440772,0.04040717208885224,0.33437522427334454,2.042757972072392,Household & Personal Products,Consumer Defensive,EPC
2008Q4,2008,Q4,2008-11-26,2008-09-30,99100000.0,1123400000.0,181500000.0,1.699828473413379,534700000.0,0.4759658180523411,5816700000.0,996300000.0,2026800000.0,1361700000.0,4820400000.0,674600000.0,1671800000.0,3481145236.7999997,6269845236.799999,17.08919382504288,1.488433575677462,0.5088624133959118,2.9708923015156077,0.03362755979753448,17.08919382504288,0.09946803171735422,3.098758444721381,8.781900193743693,3.4940733080397472,0.0,0.8726652831307441,0.0,0.193133563704506,0.8382903723287067,0.017037151649560746,29.30256933333333,0.4759658180523411,0.5042729853215745,3.3238282419044647,1.299212103666914,0.7753643253952752,0.05049115913555992,0.48575712143928035,0.2482806052269601,1.0999736771052233,0.5986207460725771,1.4834960502132628,Household & Personal Products,Consumer Defensive,EPC
2008Q3,2008,Q3,2008-08-01,2008-06-30,66700000.0,1066700000.0,145400000.0,1.13,509000000.0,0.47717258835661386,5974200000.0,994100000.0,2039300000.0,1499400000.0,4980100000.0,708700000.0,1587000000.0,3120818342.4,6040518342.4,17.258680555555557,1.360077364279045,0.5050215928492517,3.035006538577608,0.023820445609436434,17.258680555555557,0.06709586560708178,2.9256757686322303,11.697220173913044,3.1393404510612615,0.0,0.7869338224918866,0.0,0.17855110307656255,0.7264239028944911,0.011164674768169796,206.67671141721854,0.47717258835661386,0.09708737864077657,4.514219554662699,1.5980776021528946,0.9034189701915513,0.11183923110528615,0.09523809523809523,0.01749475157452764,0.5236659424695375,0.8966393971585246,0.8391282830977053,Household & Personal Products,Consumer Defensive,EPC
2008Q2,2008,Q2,2008-05-02,2008-03-31,60900000.0,951000000.0,142900000.0,1.03,457800000.0,0.48138801261829656,5907200000.0,914500000.0,1975600000.0,1396800000.0,4992700000.0,717500000.0,1523900000.0,3853470870.6468096,6791670870.64681,15.917405635196735,1.4143757159221078,0.5169962080173348,3.3395297977036633,0.024863058490373596,15.917405635196735,0.06659376708583925,4.05201984295143,15.818845938615803,4.21374616801182,0.0,0.6873867595818816,0.0,0.16098997833152762,0.7307416953035509,0.01030945287107259,31.001374663288896,0.48138801261829656,-0.40804597701149425,1.7894736849184085,2.9643467428630497,0.9778237394467684,-0.1462140992167102,-0.4064327485380117,-0.2686796315250768,0.30864197756156364,0.8713538258939519,0.644731762505813,Household & Personal Products,Consumer Defensive,EPC
2008Q1,2008,Q1,2008-02-06,2007-12-31,102600000.0,1189900000.0,195400000.0,1.74,536200000.0,0.4506261030338684,5919000000.0,786200000.0,2020800000.0,1503200000.0,5132800000.0,647100000.0,1464500000.0,4764355802.666573,7834555802.666573,13.716354717005887,1.344332091538052,0.5327758067241088,4.011065886542864,0.034313705270129946,13.716354717005887,0.13050114474688373,4.003996808695329,11.609054100064748,6.059979397947815,0.0,1.0101993509503941,0.0,0.20103057948977868,0.7585151676423629,0.017334009123162696,98.64090688750667,0.4506261030338684,0.42477255199999997,0.826530598069703,2.1974530268022208,0.5563431348125998,0.25957246887479446,0.4657142857142857,0.9213372664700098,0.0654761831053161,0.7168917030448747,0.4715925128624877,Household & Personal Products,Consumer Defensive,EPC
2007Q4,2007,Q4,2007-11-29,2007-09-30,70000000.0,875000000.0,101700000.0,1.2212475581155076,425700000.0,0.48651428571428573,3553000000.0,653900000.0,2011400000.0,1122900000.0,2899100000.0,582300000.0,1362700000.0,1125160898.6799998,2386960898.68,11.408196832167578,1.7912547867129753,0.4573599774838165,2.485089463220676,0.03727775124099462,11.408196832167578,0.10705000764642912,1.2858981699199998,4.018431780999999,1.720692611530815,0.0,0.7715953975613945,0.0,0.24627075710667043,1.0620714222103482,0.019701660568533633,16.768418758271235,0.48651428571428573,0.1521203378448184,0.9158215675576583,2.042189537091444,0.4270486386018029,0.12470277410832233,0.12,0.08076514346439957,0.46712693903358266,0.4623736184826275,0.41946961323241405,Household & Personal Products,Consumer Defensive,EPC
2007Q3,2007,Q3,2007-07-27,2007-06-30,62500000.0,800000000.0,94100000.0,1.06,378500000.0,0.473125,3383300000.0,497900000.0,1899400000.0,972200000.0,2885400000.0,551800000.0,1307100000.0,1128409094.52,2493809094.52,8.763039971958271,1.9537132277309195,0.5041527502734017,3.4257883109058045,0.03484240362435644,8.763039971958271,0.12552721430006025,1.41051136815,4.51363637808,2.266336803615184,0.0,0.7638637187386734,0.0,0.23645553158159194,1.1150997737091133,0.01847308840481187,20.442193741304347,0.473125,-0.0701754385964911,1.499999979437186,2.266478557385176,0.10351774116705856,0.09298296274906151,-0.06156156156156156,-0.19158075601374572,1.2916666593333335,0.7413713704055223,-0.08883144475221089,Household & Personal Products,Consumer Defensive,EPC
2007Q2,2007,Q2,2007-05-04,2007-03-31,66600000.0,730900000.0,116400000.0,1.14,346300000.0,0.4737994253659871,3254400000.0,391700000.0,1765600000.0,927200000.0,2862700000.0,523400000.0,1252800000.0,987711865.0,2434511865.0,6.9400300258618435,1.904227782571182,0.5301745329400197,4.404901710492724,0.0379060656922293,6.9400300258618435,0.17002808271636458,1.3513638869886442,3.707627120870871,2.521602923155476,0.0,0.7348108521207489,0.0,0.22458824975417896,1.0697799827437446,0.020464601769911505,6.200325580665411,0.4737994253659871,-0.451923076923077,4.363636365778596,2.465592604451001,-0.06890227100973043,-0.23756054601497137,-0.455437448896157,-0.4141922496225465,0.8153846108946977,0.7943707821406336,-0.3541570480516199,Household & Personal Products,Consumer Defensive,EPC
2007Q1,2007,Q1,2007-01-30,2006-12-31,122300000.0,959200000.0,198700000.0,2.08,454200000.0,0.4735195996663887,3228500000.0,318200000.0,1732600000.0,969700000.0,2910300000.0,478800000.0,1192200000.0,,,,,,,,,,,,,,,,,,,,,,,,,,,,,,,Household & Personal Products,Consumer Defensive,EPC
