Quarters,Year,Quarter,FillingDate,Date,NetIncome,Revenue,OperatingIncome,EPSDiluted,GrossProfit,GrossProfitRatio,TotalAssets,CommonStockEquity,CurrentAssets,CurrentLiability,TotalLiability,Inventory,RetainedEarnings,MarketCap,EnterpriseValue,bookValuePerShare,currentRatio,debtToAssets,debtToEquity,roic,shareholdersEquityPerShare,roe,priceToSalesRatio,peRatio,pbRatio,payoutRatio,inventoryTurnover,dividendYield,assetTurnover,quickRatio,returnOnAssets,priceToFreeCashFlowsRatio,grossProfitMargin,epsdilutedGrowth,fiveYNetIncomeGrowthPerShare,fiveYRevenueGrowthPerShare,fiveYShareholdersEquityGrowthPerShare,grossProfitGrowth,netIncomeGrowth,operatingIncomeGrowth,threeYNetIncomeGrowthPerShare,threeYRevenueGrowthPerShare,threeYShareholdersEquityGrowthPerShare,Industry,Sector,Symbol
2023Q1,2023,Q1,2023-05-12,2023-03-31,2700000.0,265100000.0,14200000.0,0.05,132500000.0,0.4998113919,1527000000.0,744300000.0,212600000.0,135600000.0,751000000.0,2000000.0,337700000.0,692718000.0,1273318000.0,14.94578313253012,1.5678466076696165,0.40484610347085787,0.8305790675802768,0.006865074988555691,14.94578313253012,0.0036275695284159614,2.6130441342889474,64.14055555555555,0.9306972994760178,0.0,66.3,0.0,0.1736083824492469,1.463126843657817,0.001768172888015717,23.886827586206895,0.4998113919275745,-0.6666666666666666,-0.9030346987951807,-0.018027674884380417,0.0,-0.06558533145275035,-0.6493506493506493,-0.4740740740740741,-0.9030346987951807,-0.018027674884380417,0.0,Medical Care Facilities,Healthcare,EHAB
2022Q4,2022,Q4,2023-04-14,2022-12-31,7700000.0,275100000.0,27000000.0,0.15,141800000.0,0.5154489277,1645600000.0,844600000.0,221600000.0,134800000.0,767300000.0,4300000.0,437900000.0,652736000.0,1255036000.0,17.028225806451612,1.6439169139465875,0.37992221682061256,0.7402320625147999,0.007626992525960713,17.028225806451612,0.009116741652853422,2.3727226463104327,21.19272727272727,0.7728344778593418,85.05194805194805,31.0,1.0033152760074517,0.16717306757413708,1.4369436201780414,0.004679144385026738,283.79826086956524,0.5154489276626681,-0.11764705882352951,-0.7400565268456375,0.002371338283230636,-0.4219862115646259,0.06296851574212893,-0.10465116279069768,0.5083798882681564,-0.7400565268456375,0.002371338283230636,-0.4219862115646259,Medical Care Facilities,Healthcare,EHAB
2022Q3,2022,Q3,2022-11-14,2022-09-30,8600000.0,265700000.0,17900000.0,0.17,133400000.0,0.5020700038,1622900000.0,835400000.0,225700000.0,150300000.0,753900000.0,-8000000.0,430200000.0,696384000.0,1262584000.0,16.842741935483872,1.5016633399866932,0.3760552098096001,0.7305482403638975,0.009154389751404677,16.842741935483872,0.010294469715106535,2.620940910801656,20.243720930232556,0.8335934881493894,0.0,-16.5375,0.0,0.16371926797707806,1.3892215568862276,0.00529915583215232,3481.92,0.5020700037636432,-0.5853658536585366,-0.5994569907407408,-0.024103010222709026,0.0,-0.03122730573710966,-0.572139303482587,-0.3443223443223443,-0.5994569907407408,-0.024103010222709026,0.0,Medical Care Facilities,Healthcare,EHAB
2022Q2,2022,Q2,2022-08-12,2022-06-30,20100000.0,268000000.0,27300000.0,0.41,137700000.0,0.5138059701,1621400000.0,822300000.0,217500000.0,154400000.0,765500000.0,0.0,421600000.0,1139311950.4,1706411950.4,16.578629032258064,1.4086787564766838,0.38072036511656593,0.7506992581782804,0.014077188528816785,16.578629032258064,0.024443633710324698,4.251163994029851,14.170546646766171,1.3855186068344887,29.80597014925373,0.0,0.5258436899478343,0.1652892561983471,1.3264248704663213,0.012396694214876033,36.87093690614887,0.5138059701492538,-0.24074074074074084,-0.37396589783281736,-0.05763012932541071,0.0,-0.04771784232365145,-0.24719101123595505,-0.2288135593220339,-0.37396589783281736,-0.05763012932541071,0.0,Medical Care Facilities,Healthcare,EHAB
2022Q1,2022,Q1,2022-03-31,2022-03-31,26700000.0,274300000.0,35400000.0,0.54,144600000.0,0.5271600437,1743200000.0,1468000000.0,197400000.0,143300000.0,242200000.0,0.0,0.0,1247458600.0,1284258600.0,29.419814012264617,1.377529658060014,0.03114960991280404,0.03698910081743869,0.017013955266679412,29.419814012264617,0.018188010899182563,4.547789281808239,11.680323970037454,0.849767438692098,2.0898876404494384,0.0,0.04473094337559579,0.15735429095915557,1.2951849267271458,0.015316659017898119,31.90431202046036,0.5271600437477215,-0.09999999999999991,-0.0430107526881721,0.014048059149722725,0.0,-0.02032520325203252,-0.1040268456375839,-0.0028169014084507044,-0.0430107526881721,0.014048059149722725,0.0,Medical Care Facilities,Healthcare,EHAB
2021Q4,2021,Q4,2021-12-31,2021-12-31,29800000.0,276100000.0,35500000.0,0.6,147600000.0,0.5345889171,1720000000.0,1470000000.0,178800000.0,136500000.0,236700000.0,0.0,375400000.0,1247458600.0,1298958600.0,29.45989550274454,1.30989010989011,0.03308139534883721,0.038707482993197276,0.01735283267483114,29.45989550274454,0.020272108843537414,4.518140528793915,10.465256711409397,0.8486112925170067,2.0268456375838926,0.0,0.04841844049974885,0.1605232558139535,1.2446886446886447,0.017325581395348837,58.292457943925235,0.5345889170590366,0.3953488372093023,0.0,0.0,0.0,0.03433777154870357,0.37962962962962965,0.21993127147766323,0.0,0.0,0.0,Medical Care Facilities,Healthcare,EHAB
2021Q3,2021,Q3,2021-09-30,2021-09-30,21600000.0,273900000.0,29100000.0,0.43,142700000.0,0.5209930632,,,,,,,,1247458600.0,,,0.0,0.0,0.0,0.0,,0.0,4.554430814165754,14.43817824074074,0.0,0.8981481481481481,0.0,0.015551618306210723,0.0,0.0,0.0,215.07906896551725,0.5209930631617379,-0.3384615384615385,0.0,0.0,0.0,-0.08817891373801917,-0.33126934984520123,-0.2971014492753623,0.0,0.0,0.0,Medical Care Facilities,Healthcare,EHAB
2021Q2,2021,Q2,2021-06-30,2021-06-30,32300000.0,286100000.0,41400000.0,0.65,156500000.0,0.5470115344,,,,,,,,1247458600.0,,,0.0,0.0,0.0,0.0,,0.0,4.360218804613772,9.655252321981424,0.0,1.6068111455108358,0.0,0.04160458711816168,0.0,0.0,0.0,17.56983943661972,0.5470115344285215,0.16071428571428564,0.0,0.0,0.0,0.0726525017135024,0.15770609318996415,0.12195121951219512,0.0,0.0,0.0,Medical Care Facilities,Healthcare,EHAB
2021Q1,2021,Q1,2021-03-31,2021-03-31,27900000.0,270500000.0,36900000.0,0.56,145900000.0,0.5393715342,,,,,,,,1247458600.0,,,0.0,0.0,0.0,0.0,,0.0,4.611676894639556,11.177944444444444,0.0,0.8028673835125448,0.0,0.017956507735006195,0.0,0.0,0.0,63.972235897435894,0.5393715341959334,0.0,0.0,0.0,0.0,0.0,0.0,0.0,0.0,0.0,0.0,Medical Care Facilities,Healthcare,EHAB
