Quarters,Year,Quarter,FillingDate,Date,NetIncome,Revenue,OperatingIncome,EPSDiluted,GrossProfit,GrossProfitRatio,TotalAssets,CommonStockEquity,CurrentAssets,CurrentLiability,TotalLiability,Inventory,RetainedEarnings,MarketCap,EnterpriseValue,bookValuePerShare,currentRatio,debtToAssets,debtToEquity,roic,shareholdersEquityPerShare,roe,priceToSalesRatio,peRatio,pbRatio,payoutRatio,inventoryTurnover,dividendYield,assetTurnover,quickRatio,returnOnAssets,priceToFreeCashFlowsRatio,grossProfitMargin,epsdilutedGrowth,fiveYNetIncomeGrowthPerShare,fiveYRevenueGrowthPerShare,fiveYShareholdersEquityGrowthPerShare,grossProfitGrowth,netIncomeGrowth,operatingIncomeGrowth,threeYNetIncomeGrowthPerShare,threeYRevenueGrowthPerShare,threeYShareholdersEquityGrowthPerShare,Industry,Sector,Symbol
2023Q3,2023,Q3,2023-03-28,2023-02-25,323219000.0,997493000.0,407783000.0,6.62,463026000.0,0.4641897236,1992483000.0,1535990000.0,1193367000.0,313060000.0,457595000.0,290869000.0,1497325000.0,2840848670.0,2619234670.0,31.570303989476496,3.811943397431802,0.0,0.0,0.2016782673487239,31.570303989476496,0.21043040644795866,2.8479885773634503,2.197309463552576,1.849522894029258,0.2047064064921926,1.8374835407004528,0.023290575347682987,0.5006281107542699,2.8585542707468217,0.16221920086645658,8.47349295925885,0.4641897236371584,0.6265356265356264,2.3364398741888817,1.275036393053335,0.70087470713179,0.4567483301819417,0.6275939512656921,0.5691928209706466,22.421572234923676,1.8756860943818725,0.6151887441652673,Farm Products,Consumer Defensive,CALM
2023Q2,2023,Q2,2022-12-28,2022-11-26,198587000.0,801700000.0,259868000.0,4.07,317849000.0,0.3964687539,1763440000.0,1320957000.0,974010000.0,306549000.0,443135000.0,280582000.0,1281784000.0,2812898400.0,2634263400.0,27.166769496544916,3.1773386962606303,0.0,0.0,0.14874021072970411,27.166769496544916,0.15033570358459813,3.508667082449794,3.5411411623117326,2.129439792514064,0.2101899922955682,1.7244548830644875,0.014839142430455362,0.45462278274282086,2.232791494997537,0.11261341468947059,20.10246984163284,0.3964687538979668,0.5836575875486384,8.552275183292133,1.2062967330039904,0.6371237456552459,0.46144190537495977,0.5850567097943122,0.5860115959719255,20.66644548584336,1.5641260313746803,0.40955851503175056,Farm Products,Consumer Defensive,CALM
2023Q1,2023,Q1,2022-09-27,2022-08-27,125287000.0,658344000.0,163850000.0,2.57,217490000.0,0.3303592043,1554729000.0,1188322000.0,778888000.0,230431000.0,366766000.0,265754000.0,1149399000.0,2666485320.0,2530464320.0,24.439503938465336,3.380135485242871,0.0,0.0,0.1042658584658558,24.439503938465336,0.10543186106122751,4.050291823119828,5.320754188383472,2.2439080653223624,0.2925522999193851,1.6588800168576954,0.013745809783794347,0.42344614399036745,2.1792597350182916,0.08058446198662275,18.37054991388219,0.3303592043065631,0.14732142857142838,8.786658300606005,1.489592150569361,0.42727477916636003,0.1148473742214932,0.13911770588984051,0.12457875483016356,3.727948506951371,1.719900241210138,0.25782954421900295,Farm Products,Consumer Defensive,CALM
2022Q4,2022,Q4,2022-07-19,2022-05-28,109986000.0,592964000.0,145699000.0,2.24,195085000.0,0.3289997369,1427489000.0,1104551000.0,661519000.0,184674000.0,323144000.0,263316000.0,1065854000.0,2354349760.0,2296708760.0,22.594423761404084,3.5820906029002457,0.0010108659331175233,0.001306413194139519,0.09875917602018032,22.594423761404084,0.09957530254374855,3.9704767237134124,5.351476006037132,2.131499369427034,0.0,1.5110323717510519,0.0,0.41538954065495426,2.1330398431831226,0.07704857970884539,28.657064121914406,0.3289997369148886,1.8,5.443334373499783,1.134894437074123,0.29581434858363526,1.1301675001637876,1.7877021341308865,4.184648779446302,6.51553988449704,1.0942164240515295,0.10935784640342888,Farm Products,Consumer Defensive,CALM
2022Q3,2022,Q3,2022-03-29,2022-02-26,39454000.0,477485000.0,28102000.0,0.8,91582000.0,0.1918007896,1281995000.0,1030331000.0,522710000.0,121373000.0,251752000.0,240087000.0,992523000.0,2158805760.0,2144877760.0,21.076197684408623,4.306641510055779,0.0012956368784589644,0.0016121032949605516,0.02022015523005298,21.076197684408623,0.03829254870522191,4.521201210509231,13.679257869924466,2.0952545929414916,0.0,1.6073465035591266,0.0,0.37245465075916834,2.2801693951702604,0.030775471043178796,136.69383650984614,0.19180078955359856,33.18803418803419,8.415260498716924,0.5385418233262869,0.17459197589766898,1.0934464077536745,33.45764192139738,43.9632,-0.01763611539479255,0.231546826214367,0.015299709060783102,Farm Products,Consumer Defensive,CALM
2022Q2,2022,Q2,2021-12-28,2021-11-27,1145000.0,390903000.0,625000.0,0.0234,43747000.0,0.111912674,1231994000.0,997448000.0,481129000.0,116388000.0,234571000.0,236201000.0,959124000.0,1803311869.9999998,1789720869.9999998,20.415662034099515,4.133836821665464,0.00153653345714346,0.0018978432960916258,0.0015272286477119713,20.415662034099515,0.0011479295161251513,4.613195268391391,393.7362161572052,1.8079256963771544,0.0,1.469748222911842,0.0,0.3172929413617274,2.045863834759597,0.0009293876431216386,-205.06161814873775,0.1119126739881761,1.0632432432432433,1.0491427425114563,0.5226012687004702,0.14148079714344827,5.583446200150489,1.063519360923111,1.0157561701162174,-0.9479947290009961,0.08744678045202649,0.01042432614340965,Farm Products,Consumer Defensive,CALM
2022Q1,2022,Q1,2021-09-28,2021-08-31,-18026000.0,331704000.0,-39667000.0,-0.37,6645000.0,0.02003292091744447,1211730000.0,995567000.0,460469000.0,97543000.0,216163000.0,226470000.0,957951000.0,1766705279.9999998,1752154279.9999998,20.37674485242949,4.720677034743652,0.0017602931346091951,0.0021424976922698323,-0.02111849672753134,20.37674485242949,-0.018106265073068915,5.3261500615006145,-24.502181293686895,1.774571957487542,0.0,1.4353291826732018,0.0,0.27374415092471094,2.3041120326420144,-0.014876251310110339,-49.984588484934214,0.02003292091744447,-3.2309377945334594,0.4245761755516954,0.3657545968166376,0.11033788433202987,-0.8248042395001186,-3.2474081055607917,-2.045217257792108,-2.4392045887935336,-0.035399064003337956,0.02404635629375614,Farm Products,Consumer Defensive,CALM
2021Q4,2021,Q4,2021-07-19,2021-05-31,-4244000.0,349798000.0,-13026000.0,-0.08745106119925819,37929000.0,0.10843115169326296,1229174000.0,1012781000.0,519931000.0,90097000.0,216393000.0,218375000.0,975977000.0,1748050600.0000002,1693076600.0000002,20.86917370698537,5.770791480293462,0.0019346325255822203,0.002347990335521697,-0.00446312054498857,20.86917370698537,-0.004190441961292718,4.997314450054032,-102.9718779453346,1.7259907127009688,0.0,1.428135088723526,0.0,0.2845797258972285,3.2870017869629398,-0.003452725163402415,-177.1792621123049,0.10843115169326296,-1.312325218568779,-10.221413164044174,0.14764098867471945,0.10007923721386823,-0.20178041543026706,-1.3132565692353115,-25.421906693711968,-1.058842146031616,-0.21447792688285228,0.057082393179105996,Farm Products,Consumer Defensive,CALM
2021Q3,2021,Q3,2021-03-29,2021-02-28,13548000.0,359080000.0,-493000.0,0.28,47517000.0,0.13232984293193717,1231284000.0,1016449000.0,522903000.0,100804000.0,214835000.0,207739000.0,980212000.0,1854816600.0,1804524600.0,20.944755821141563,5.18732391571763,0.0021319208241153136,0.002582520126440185,-0.0005525110624557722,20.944755821141563,0.01332875530400443,5.165468976272697,34.22676040744021,1.8248004572782304,0.0,1.4997809751659534,0.0,0.29163052553269597,3.0852148724256976,0.011003147933376865,468.74313874147083,0.13232984293193717,0.1200000000000001,-0.7902719377412402,-0.20698176330762624,0.10462300666776202,-0.18706266787565654,0.11460304401480872,-1.0340493127978452,-0.8597958264457383,-0.17895106635756655,0.12841502682729597,Farm Products,Consumer Defensive,CALM
2021Q2,2021,Q2,2021-01-05,2020-11-28,12155000.0,347328000.0,14479000.0,0.25,58451000.0,0.16828761286161784,1200355000.0,1004710000.0,493780000.0,94118000.0,195645000.0,199262000.0,968325000.0,1903664250.0,1859236250.0,20.715242984680728,5.246392826026902,0.0023992902099795477,0.0028664987906958225,0.010942306887249858,20.715242984680728,0.012098018333648515,5.480883343698176,39.15393356643357,1.8947400244846773,0.0,1.449734520380203,0.0,0.28935439932353346,3.072812851951805,0.010126171007743542,-83.18029581403478,0.16828761286161784,1.625,-0.8894942480292295,-0.3682592476490706,0.14305595405701768,2.4864897107068296,1.6265786896231764,1.531866436469162,1.4634276519134564,-0.041721325306553377,0.2483418829593336,Farm Products,Consumer Defensive,CALM
2021Q1,2021,Q1,2020-09-28,2020-08-29,-19399000.0,292782000.0,-27223000.0,-0.4,16765000.0,0.057261033806723094,1167880000.0,991945000.0,473184000.0,77879000.0,175935000.0,189222000.0,956170000.0,1994361119.9999998,1954691119.9999998,20.45205253499928,6.075886952837093,0.002687776141384389,0.0031644899666816205,-0.020726310654032215,20.45205253499928,-0.019556527831684215,6.8117613787732845,-25.70185473478014,2.0105561497865305,0.0,1.4586940207798247,0.0,0.2506952769120115,3.5587128751011186,-0.016610439428708428,-49.68760576012755,0.057261033806723094,-1.3225806451612905,-1.1346902928654823,-0.5232923319866088,0.23209574039424558,-0.8620278166406057,-1.320840844814184,-1.3577642853388003,-0.20869161107864065,0.10996875860644174,0.19440635288209135,Farm Products,Consumer Defensive,CALM
2020Q4,2020,Q4,2020-07-20,2020-05-30,60463000.0,453333000.0,76092000.0,1.24,121510000.0,0.2680369617918837,1206694000.0,1009675000.0,522251000.0,93183000.0,197019000.0,187216000.0,975147000.0,2161204560.0,2086462560.0,20.817612007999834,5.604573795649421,0.002807671207447787,0.0033555351969693217,0.05836628131618973,20.817612007999834,0.05988362591923144,4.767366505416548,8.936062385260408,2.140495268279397,0.0,1.7724072728826596,0.0,0.37568182157199753,3.5485871886502904,0.050106323558416634,26.85226514257315,0.2680369617918837,3.428571428571428,0.3014585236952609,0.11653892891003796,0.42446384023220063,1.4385887452837762,3.3976289184667974,13.599386032233308,3.4620399222147342,0.6451262154216015,0.19391229570958599,Farm Products,Consumer Defensive,CALM
2020Q3,2020,Q3,2020-03-30,2020-02-29,13749000.0,345588000.0,5212000.0,0.28,49828000.0,0.1441832471034874,1117029000.0,947448000.0,445370000.0,89660000.0,168997000.0,191421000.0,914234000.0,1691222970.0,1627103970.0,19.54589152724197,4.967320990408209,0.0032532727440379794,0.003835566701285981,0.004165264064097205,19.54589152724197,0.014511614357727284,4.89375490468419,30.75174503600262,1.7850298591584974,0.0,1.5450760365895069,0.0,0.3093814037057229,2.783604728976132,0.012308543466642317,149.3485490992582,0.1441832471034874,2.3333333333333335,-0.7316596018214842,-0.21566041887853343,0.39993242043007143,0.6962723404255319,2.366563959844946,1.314639299728343,2.30900189990271,0.12303381117621454,0.08930688985938139,Farm Products,Consumer Defensive,CALM
2020Q2,2020,Q2,2020-01-06,2019-11-30,-10061000.0,311522000.0,-16565000.0,-0.21,29375000.0,0.09429510596362375,1111280000.0,933731000.0,448838000.0,102848000.0,176987000.0,190968000.0,900485000.0,2108897910.0,2100619910.0,19.273247053481125,4.36409069695084,0.0026725937657476064,0.003180787614419999,-0.011931956075281415,19.273247053481125,-0.01077505191538034,6.769659638805606,-52.402790726567936,2.2585711623583236,0.0,1.4774569561392485,0.0,0.2803271902670794,2.4557502333540757,-0.009053523864372616,-36.34151145958987,0.09429510596362375,0.7765957446808511,-1.2731036952193227,-0.1824925452555431,0.4550204123930852,2.3905325443786984,0.7801354895104895,0.7390105561682685,0.5645332914734074,0.22367422744584303,0.07760607387624291,Farm Products,Consumer Defensive,CALM
2020Q1,2020,Q1,2019-09-30,2019-08-31,-45760000.0,241166000.0,-63470000.0,-0.94,-21125000.0,-0.08759526633107487,1096872000.0,941301000.0,502940000.0,75489000.0,153105000.0,182396000.0,908767000.0,1964000840.0,1921417840.0,19.42990133344342,6.662427638463882,0.0034671319898766676,0.004040152937264488,-0.05059481587634853,19.42990133344342,-0.04861356781730817,8.143771675941053,-10.729899694055945,2.0864748257996113,0.0,1.4380304392640189,0.0,0.21986704009218944,4.165441322576799,-0.041718632620761587,-23.28449803196282,-0.08759526633107487,-1.2926829268292683,-2.643880674125272,-0.32876602441609915,0.5260886009870245,-2.656343108044535,-1.3157894736842106,-1.086387692712271,-0.47316790487610144,0.0014189440334952722,0.05874396011703741,Farm Products,Consumer Defensive,CALM
2019Q4,2019,Q4,2019-07-22,2019-06-01,-19760000.0,280572000.0,-30421000.0,-0.41,12754000.0,0.04545713756183796,1156278000.0,986624000.0,567753000.0,74907000.0,166472000.0,172237000.0,954527000.0,1793322840.0000002,1726412840.0000002,20.367119441806697,7.579438503744643,0.0020211402448200174,0.002368683510638298,-0.02152347937655927,20.367119441806697,-0.020027893098079917,6.391667165647322,-22.688801113360327,1.8176355328879088,-0.6702429149797571,1.5549388342806714,0.007385173324397073,0.2426509887760556,5.222315671432576,-0.01708931589116112,-168.05574360416082,0.04545713756183796,-1.5,-1.6232383202072842,-0.2500071710968504,0.6502692155235075,-0.8452954233936998,-1.4967694899062272,-1.7965697826656193,-51.34164216562557,-0.07780814349099861,0.07361439098505664,Farm Products,Consumer Defensive,CALM
2019Q3,2019,Q3,2019-04-01,2019-03-02,39777000.0,383992000.0,38190000.0,0.82,82441000.0,0.21469457697035355,1194455000.0,1005069000.0,617404000.0,99805000.0,186412000.0,178418000.0,974287000.0,2144388930.0,2050139930.0,20.758597186938474,6.186102900656279,0.0026129071417508405,0.0031052594398991514,0.028235762622937907,20.758597186938474,0.03957638729281273,5.584462514844059,13.477568255524549,2.133573844183832,0.18249239510269755,1.6901377663688641,0.0033851135390817375,0.32147883344286726,4.359240519012073,0.03330138012733841,43.71753746100997,0.21469457697035355,0.8222222222222221,-0.0779726213115074,-0.03562808509262104,0.7449126255706369,0.1687956333735025,0.82404732425368,0.5074603299913161,-0.38280017159232893,-0.14998507827178809,0.09480503065569446,Farm Products,Consumer Defensive,CALM
2019Q2,2019,Q2,2019-01-04,2018-12-01,21807000.0,356040000.0,25334000.0,0.45,70535000.0,0.19810976294798338,1163227000.0,977742000.0,590348000.0,97339000.0,182599000.0,176735000.0,947768000.0,2260827520.0,2218527520.0,20.20503812692443,6.064866086563454,0.003357040371311876,0.0039938961402905876,0.019737370424402177,20.20503812692443,0.022303429739133636,6.3499256263341195,25.91859861512358,2.3122945725968607,0.1896180125647728,1.615441197272753,0.0018289763210242594,0.30607955283018706,4.202981333278542,0.01874698575600463,-692.0194429139883,0.19810976294798338,0.7307692307692307,-0.169870647978256,-0.0012691482983010157,0.7896636273321112,0.2346835177146058,0.7579201934703749,0.9984223396702689,-0.8012935608729339,-0.35094128411218,0.1149031247188133,Farm Products,Consumer Defensive,CALM
2019Q1,2019,Q1,2018-10-01,2018-09-01,12405000.0,340583000.0,12677000.0,0.26,57128000.0,0.16773591165736398,1152095000.0,962877000.0,591220000.0,100614000.0,186531000.0,171144000.0,933206000.0,2392885500.0,2348628500.0,19.89826410415375,5.876120619396903,0.004137679618434244,0.004950788106892158,0.010122153206464812,19.89826410415375,0.012883265463813135,7.0258512609261174,48.224214026602176,2.4851414043538274,1.3764611043933899,1.6562368531762726,0.00713573633172168,0.29562058684396686,4.134215914286282,0.010767341234880804,199.69001919385798,0.16773591165736398,-0.8243243243243243,0.4076081954041186,0.0590215961444556,0.8214906392076037,-0.5954566054837979,-0.8271489681887219,-0.861172863165964,-0.9136725736311649,-0.4441907090878192,0.19873378977551207,Farm Products,Consumer Defensive,CALM
2018Q4,2018,Q4,2018-07-23,2018-06-02,71767000.0,443095000.0,91315000.0,1.48,141216000.0,0.3187036639998195,1150447000.0,953333000.0,587520000.0,107838000.0,194765000.0,168644000.0,924918000.0,2259925200.0,2217584200.0,19.742239433411335,5.448172258387581,0.005293594576716703,0.006388114121718224,0.07308425579143923,19.742239433411335,0.0752800962517819,5.100317539128178,7.872438585979628,2.3705517379551533,0.0,1.7900370010198998,0.0,0.3851502937553838,3.865576141990764,0.06238183940676972,46.79224796571216,0.3187036639998195,-0.2562814070351759,19.638539709635985,0.3533010712606129,0.8330129286273262,0.17583973088644275,-0.2547095353812283,0.19832812787065957,0.5515576384685427,0.09611435620082433,0.3508805038394353,Farm Products,Consumer Defensive,CALM
2018Q3,2018,Q3,2018-04-02,2018-03-03,96294000.0,435820000.0,76202000.0,1.99,120098000.0,0.275567895002524,1143683000.0,897639000.0,572527000.0,180747000.0,244024000.0,165363000.0,870211000.0,2103703500.0,2004802500.0,18.56121668286429,3.167560180805214,0.006362777098199414,0.008106822453124251,0.09214716847544209,18.56121668286429,0.1072747507628345,4.827000826029095,5.461668172471805,2.343596367804875,0.0,1.9092662808487992,0.0,0.38106713136419795,2.2411990240501916,0.08419640757097901,27.048234673935404,0.275567895002524,4.685185185185185,2.1329441059536123,0.2020810775305951,0.7118583410626934,0.457570755861935,4.684343434343434,2.883204824041123,0.8837306399876956,-0.008580946840516485,0.3294072035933258,Farm Products,Consumer Defensive,CALM
2018Q2,2018,Q2,2018-01-05,2017-12-02,-26136000.0,361172000.0,-40464000.0,-0.54,82396000.0,0.22813507137873368,1066131000.0,801998000.0,486187000.0,174949000.0,262177000.0,163041000.0,773917000.0,2394751500.0,2383463500.0,16.594206496999792,2.7790213147831655,0.007991513238054235,0.010623467888947354,-0.03247594767683139,16.594206496999792,-0.03258860994665822,6.630501533895208,-22.906637396694215,2.985981885241609,0.0,1.7098521230856043,0.0,0.3387688754946625,1.8324768932660376,-0.024514811031664963,28.965848200786212,0.22813507137873368,-0.6363636363636364,-2.8120174673854823,0.08804110528492973,0.5882445270216641,3.7528841716658974,-0.6342149690489589,-0.659857248338666,-1.7111736269747406,-0.04990470493103472,0.2527681045960343,Farm Products,Consumer Defensive,CALM
2018Q1,2018,Q1,2017-10-02,2017-09-02,-15993000.0,262845000.0,-24378000.0,-0.33,17336000.0,0.06595522075748064,1011028000.0,827564000.0,420546000.0,63069000.0,181563000.0,159226000.0,800053000.0,1722964500.0,1713752500.0,17.123194703082973,6.668030252580507,0.009624857076164063,0.011758607189292912,-0.019211011561563716,17.123194703082973,-0.01932539356472732,6.555059065228557,-26.933103545301066,2.081971303729983,0.0,1.5418901435695176,0.0,0.2599779630237738,4.083892245001507,-0.015818552997543096,-61.525657048993004,0.06595522075748064,0.3529411764705882,-2.6815204154391297,-0.04666802663407326,0.6866679589391216,0.4439446943195069,0.3464509010665686,0.3852167553526845,-1.5759109565957512,-0.2666712691548441,0.3449122463570031,Farm Products,Consumer Defensive,CALM
2017Q4,2017,Q4,2017-07-24,2017-06-03,-24471000.0,274584000.0,-39653000.0,-0.51,12006000.0,0.043724324796783495,1033094000.0,842687000.0,436206000.0,64679000.0,188601000.0,160692000.0,816046000.0,1863082949.9999998,1856457949.9999998,17.436466717705727,6.744167349526121,0.010588581484356699,0.012981094997312169,-0.03448585854862336,17.436466717705727,-0.02903925182185082,6.785111113539026,-19.033580053941396,2.2108836970310444,0.0,1.6340452542752595,0.0,0.2657880115459,4.224338657060251,-0.023687099141026857,-478.4496533127888,0.043724324796783495,-6.666666666666667,-1.6493180401227179,-0.013816423129437485,0.7386791211168461,-0.6934507851397932,-6.912297656438754,-7.671113054887383,-1.7736297842340139,-0.26429744115947024,0.4128097168549555,Farm Products,Consumer Defensive,CALM
2017Q3,2017,Q3,2017-03-27,2017-02-25,4139000.0,306540000.0,-4573000.0,0.09,39165000.0,0.1277647289097671,1085275000.0,866416000.0,484801000.0,92577000.0,216913000.0,163818000.0,840517000.0,1832453700.0000002,1823299700.0000002,17.943420453133413,5.2367326657809175,0.020963350302918616,0.026258748684234823,-0.00510103207581377,17.943420453133413,0.004777150929807391,5.977861616754748,110.68215148586617,2.1149813715351518,0.0,1.6321466505512214,0.0,0.28245375596047084,3.4422480745757587,0.0038137799175324226,-1476.594439967768,0.1277647289097671,1.1875,-0.8431965563597988,-0.0017633277281057127,0.8889268489304082,8.920212765957446,1.179878313776619,0.8797939174092474,-0.9037980523678322,-0.2280553228467038,0.5082763354691078,Farm Products,Consumer Defensive,CALM
2017Q2,2017,Q2,2016-12-22,2016-11-26,-23010000.0,253544000.0,-38043000.0,-0.48,3948000.0,0.015571261792824915,1062643000.0,862963000.0,484727000.0,82515000.0,197726000.0,162291000.0,836552000.0,1946887500.0,1951906500.0,17.885243523316063,5.87441071320366,0.02118303136613143,0.026084548236714668,-0.026836983398016254,17.885243523316063,-0.026663947353478653,7.678696794244786,-21.152623859191657,2.2560497958776913,0.0,1.5379534293337276,0.0,0.23859753463769112,3.8726413379385565,-0.021653556274308493,-46.917473973395026,0.015571261792824915,0.25000000000000006,-1.9788365982206104,-0.13601464807589742,0.95410913068588,1.4125822970007316,0.2562063615205586,0.23646763672854992,-1.8784837742023452,-0.28670317597457845,0.5841875476098524,Farm Products,Consumer Defensive,CALM
2017Q1,2017,Q1,2016-09-26,2016-08-27,-30936000.0,239845000.0,-49825000.0,-0.64,-9569000.0,-0.039896599887427296,1075972000.0,885458000.0,573953000.0,75138000.0,188545000.0,154621000.0,859504000.0,2126815920.0,2113209920.0,18.351841488942775,7.6386515478186805,0.0223425888406018,0.027149791407384653,-0.034964490202482226,18.351841488942775,-0.03493785137183243,8.867459901186182,-17.187224592707523,2.401938793257275,0.0,1.6130667891166142,0.0,0.22291007572687765,5.5338443929835766,-0.028751677552947476,-30.67139569092325,-0.039896599887427296,-63.0,-10.81899115693771,-0.026890595898625583,1.0774996244241728,-1.2352261553588988,-81.27659574468085,-27.900812064965198,-4.5205983624179815,-0.25203749980951434,0.679930837652968,Farm Products,Consumer Defensive,CALM
2016Q4,2016,Q4,2016-07-18,2016-05-28,-376000.0,303020000.0,-1724000.0,-0.01,40680000.0,0.13424856445119135,1111765000.0,915275000.0,626283000.0,83451000.0,194404000.0,154799000.0,890440000.0,2206817780.0,2203341780.0,18.97060957157958,7.504799223496423,0.022999464814956398,0.027936958837507853,0.0005061391641265664,18.97060957157958,-0.00041080549561607166,7.2827462873737705,-1467.299055851064,2.4110980634235615,-56.944148936170215,1.6947137901407632,0.009702205680072053,0.2725575998524868,5.617943463829073,-0.00033820096872990243,78.5009170461013,0.13424856445119135,-1.0075187969924813,-1.0513403588170105,0.24118900647406932,1.1692031111482335,-0.6935039103114687,-1.0058599837915343,-1.0201000338109618,0.9022643886846055,-0.07371044295316861,0.7613692066664421,Farm Products,Consumer Defensive,CALM
2016Q3,2016,Q3,2016-03-28,2016-02-27,64164000.0,449760000.0,85771000.0,1.33,132726000.0,0.2951040554962647,1124232000.0,913996000.0,654268000.0,127627000.0,208216000.0,154165000.0,890838000.0,2527817760.0,2546918760.0,18.96099908721268,5.126407421627085,0.024229874260828725,0.029803193887062963,0.06012638248674663,18.96099908721268,0.07020162013838135,5.620370330843117,9.849049934542734,2.7656770489148745,0.5681846518296865,2.0564589887458244,0.014422321330632634,0.4000597741391457,3.9005382873529895,0.057073628930683344,226.1624550416033,0.2951040554962647,-0.411504424778761,0.8894795575036206,0.6210590489592797,1.1829763584603445,-0.3727415795119969,-0.4125789618236748,-0.48380165985592116,1.0943875342012088,0.24457085750614976,0.7487293530866896,Farm Products,Consumer Defensive,CALM
2016Q2,2016,Q2,2015-12-23,2015-11-28,109230000.0,545975000.0,166159000.0,2.26,211597000.0,0.3875580383717203,1192307000.0,872861000.0,739546000.0,244670000.0,317160000.0,158121000.0,848109000.0,2695739080.0,2709479080.0,18.122684992940787,3.0226263947357666,0.024129691430143412,0.03296057447863978,0.12055901625236295,18.122684992940787,0.1251401998714572,4.937477137231558,6.169868808935274,3.088394463723319,0.43663828618511397,2.1146969725716382,0.017692365093434786,0.4579147820150347,2.3630481873543956,0.09161231125876138,21.130621830295905,0.3875580383717203,-0.23389830508474588,6.124411471001014,1.305885679012626,1.2063846936243494,-0.1956658088500823,-0.2362766827713025,-0.24510240427426536,6.599052403704186,0.6504342715020058,0.7345364034236779,Farm Products,Consumer Defensive,CALM
2016Q1,2016,Q1,2015-09-29,2015-08-29,143023000.0,609895000.0,220108000.0,2.95,263071000.0,0.43133818116233125,1136166000.0,799477000.0,693716000.0,249618000.0,334634000.0,148591000.0,775310000.0,2420190750.0,2393372750.0,16.599402030604406,2.7791104808146847,0.037450513393289364,0.05322229407475137,0.1706970210744122,16.599402030604406,0.17889570306587932,3.968208872018954,4.230422292218734,3.0272174809281567,0.1075351516888892,2.334084836901293,0.006354870995189119,0.5368009604230368,2.1664222932641075,0.12588213342064453,17.430379404965105,0.43133818116233125,2.1052631578947367,28.729284053592785,2.171322689602978,1.0741096855719545,1.4048028228239209,2.101509303031617,2.3074079639368894,14.089726043053325,1.2197434151344135,0.6350733626551917,Farm Products,Consumer Defensive,CALM
2015Q4,2015,Q4,2015-07-20,2015-05-30,46114000.0,403011000.0,66550000.0,0.95,109394000.0,0.27144172243437525,928653000.0,703564000.0,508964000.0,131937000.0,224091000.0,146260000.0,679969000.0,2729169980.0,2771362980.0,14.614349216900004,3.857629019911018,0.0547674965783775,0.07228908812844319,0.058167607453854055,14.614349216900004,0.06554343314893883,6.771949103126217,14.795777746454437,3.879064278445173,0.36804441167541313,2.007500341856967,0.006218740541767209,0.43397372323139,2.7331605235832255,0.049656868604311837,70.29957189222606,0.27144172243437525,-0.09523809523809532,1.1820608903666252,0.8055236934293556,0.8522720603327879,-0.027755805789347388,-0.09370700837231241,-0.07601527247483512,0.2283502761634581,0.45305856653989235,0.45727137633522497,Farm Products,Consumer Defensive,CALM
2015Q3,2015,Q3,2015-03-30,2015-02-28,50882000.0,437556000.0,72025000.0,1.05,112517000.0,0.25714879923941164,900749000.0,672090000.0,493816000.0,135887000.0,227823000.0,146230000.0,649237000.0,1811395310.0000002,1851728310.0000002,13.962025053493155,3.634019442625122,0.05924735969731856,0.07940454403428113,0.06564242092381833,13.962025053493155,0.07570712255799074,4.139802242455823,8.899980887150663,2.695167775149162,0.2401635155850792,2.2227928605621283,0.006746180655618457,0.48576906552213767,2.533031121446496,0.05648854453349379,36.808748247343075,0.25714879923941164,0.3815789473684211,0.45805381954933816,0.5968741503220358,0.8283142751651431,0.2136577894271322,0.39010463623200287,0.29548356925733404,0.9335996236076811,0.42929613843338044,0.4698002567496404,Farm Products,Consumer Defensive,CALM
2015Q2,2015,Q2,2014-12-29,2014-11-29,36603000.0,378617000.0,55597000.0,0.76,92709000.0,0.24486222224569948,868588000.0,637611000.0,470826000.0,140749000.0,229932000.0,146529000.0,615335000.0,2015935680.0000002,2061943680.0000002,13.246032075785275,3.3451463243078106,0.06434811441097506,0.0876584626049425,0.05229407732377989,13.246032075785275,0.05740647510786357,5.324472171085821,13.768923858700107,3.1617015390261463,0.25331257000792284,1.9512041984863064,0.004599353090471616,0.4358994137611848,2.275454887778954,0.04214080783985042,265.21979739507964,0.24486222224569948,0.3333333333333335,1.2496624219241788,0.6337576758173916,0.8517656646557761,0.14313017102131909,0.3235581269209908,0.3506547141850691,0.5607652297424424,0.29324399661986034,0.44723733791525777,Farm Products,Consumer Defensive,CALM
2015Q1,2015,Q1,2014-09-29,2014-08-30,27655000.0,356944000.0,41163000.0,0.57,81101000.0,0.22720931014388812,829358000.0,612783000.0,449607000.0,122875000.0,215562000.0,144626000.0,591310000.0,1903782150.0,1947698150.0,12.731830459173073,3.65906002034588,0.07049790319741293,0.09541387407940495,0.04039600578084624,12.731830459173073,0.0451301684283017,5.3335597460666095,17.210108027481468,3.106780295798023,0.3777255469173748,1.9072849971651018,0.005486972340821664,0.4303859129591805,2.447536113936928,0.03334506931867782,109.20565307176045,0.22720931014388812,-0.12307692307692318,8.134688118513402,0.8803613669013346,0.843984150379639,-0.11162107984357714,-0.12184046742029722,-0.13392105706110083,7.799314243632617,0.45178913364235074,0.44129258162462887,Farm Products,Consumer Defensive,CALM
2014Q4,2014,Q4,2014-07-28,2014-05-31,31492000.0,371582000.0,47528000.0,0.65,91291000.0,0.2456819759837667,811661000.0,593833000.0,445393000.0,121101000.0,216916000.0,146117000.0,572874000.0,1678286080.0000002,1724858080.0000002,12.341695070246903,3.6778639317594406,0.07526910865496803,0.10287909227004899,0.04739639510867237,12.341695070246903,0.05303174461506854,4.51659682115926,13.32311444176299,2.8261920102116256,0.4514797408865744,1.918264130799291,0.00847173802454466,0.45780442820340017,2.450640374563381,0.03879944952387758,48.22384000919488,0.2456819759837667,-0.2655367231638418,2.034704574666032,0.7209522596707102,0.7692001690817151,-0.0065727188639207795,-0.2651156278440249,0.020001716885569575,3.3117353389968645,0.5261671179347968,0.41121682158963274,Farm Products,Consumer Defensive,CALM
2014Q3,2014,Q3,2014-03-31,2014-03-01,42853000.0,395522000.0,46596000.0,0.885,91895000.0,0.23233852984157644,797077000.0,572157000.0,439909000.0,128698000.0,224222000.0,149296000.0,551827000.0,1264150790.0,1312724790.0,11.896639913502725,3.4181494661921707,0.08024444313410123,0.11178924665782294,0.05369632713625431,11.896639913502725,0.07489727469907735,3.196157963400266,7.374925851165613,2.209447389440311,0.20257624903740695,2.0337249490944163,0.006867060534764211,0.49621554755688596,2.2412391800960387,0.05376268541182345,26.21088098693759,0.23233852984157644,0.6388888888888888,0.37448466853677104,0.44913113558359385,0.7402615651535674,0.2307311128075321,0.6415000383053704,0.14043761319692594,0.2648067569640289,0.4288308891184077,0.36965797829748426,Farm Products,Consumer Defensive,CALM
2014Q2,2014,Q2,2013-12-31,2013-11-30,26106000.0,354275000.0,40858000.0,0.54,74667000.0,0.21076000282266602,752885000.0,542929000.0,417626000.0,116546000.0,209361000.0,143284000.0,523139000.0,1321272750.0,1369581750.0,11.289852360158037,3.583357644191993,0.07885268002417369,0.10934578922842582,0.04351646677110351,11.289852360158037,0.04808363524512413,3.729511678780608,12.652960526315791,2.4336013548732893,0.06262928062514364,1.9514251416766701,0.0012374432152634646,0.47055659230825425,2.306677191838416,0.03467461830159985,868.6868836291914,0.21076000282266602,2.0000000000000004,-0.051972649285819274,0.47076184742070337,0.7640869371889449,0.6625548306650931,1.981498401096391,2.6908762420957544,0.705356437320088,0.49855708898343915,0.3745070032632783,Farm Products,Consumer Defensive,CALM
2014Q1,2014,Q1,2013-10-03,2013-08-31,8756000.0,319528000.0,11070000.0,0.18,44911000.0,0.1405541924338399,726320000.0,525212000.0,398825000.0,105395000.0,200654000.0,145083000.0,505825000.0,1096899570.0,1136769570.0,10.92416489870627,3.7840979173585083,0.08576522744795682,0.11860543932735733,0.01216599748984562,10.92416489870627,0.01667136318286711,3.4328746463533713,31.31851216308817,2.0884891624715354,0.0,1.8928268646223196,0.0,0.43992730476924774,2.359647042079795,0.012055292433087344,-55.34027395186923,0.1405541924338399,3.25,-0.22459411548097621,0.5245966478441059,0.8168022780691717,-0.12775544291013616,3.284372554135142,2.5203955500618047,0.8232719790309955,0.664414230813766,0.3649838820348662,Farm Products,Consumer Defensive,CALM
2013Q4,2013,Q4,2013-08-05,2013-06-01,-3833000.0,325933000.0,-7281000.0,-0.08,51489000.0,0.1579741848784873,745627000.0,517732000.0,414881000.0,130195000.0,227583000.0,147993000.0,498711000.0,1075325900.0,1115361900.0,10.770376534220928,3.1866123891086446,0.08720177783261604,0.12558621062634723,-0.006129086099998925,10.770376534220928,-0.00740344425301121,3.299223766847788,-70.13604878685103,2.076993309279705,-2.652491521001826,1.8544390613069537,0.009454808072603849,0.4371260697372815,2.0390491186297477,-0.005140640025106387,138.41239541768567,0.1579741848784873,-1.125984251968504,-1.1036038461380444,0.3668502122760529,0.855749003828693,-0.23204617656270973,-1.1254623416582108,-1.2355472162013523,-1.1816447691071785,0.4623947936323872,0.36507395830746625,Farm Products,Consumer Defensive,CALM
2013Q3,2013,Q3,2013-04-05,2013-03-02,30551000.0,360373000.0,30911000.0,0.635,67047000.0,0.18604889933485583,754690000.0,521210000.0,420523000.0,131521000.0,233365000.0,146898000.0,502525000.0,980868350.0,1011223350.0,10.842729353026836,3.1973829274412453,0.08976665915806491,0.129978319679208,0.03494269753307985,10.842729353026836,0.05861552924924694,2.721814203616808,8.026483175673464,1.8819062374091058,0.15659061896500934,1.9968005010279242,0.00487731100712955,0.477511296028833,2.070125683350948,0.04048152221441917,33.10054162589005,0.18604889933485583,1.1166666666666667,-0.47291269780212597,0.2788068452207852,1.060457033558977,0.30701001988381615,1.137928621413576,0.5177747225768438,-0.1233228038071976,0.31702552158910674,0.4198453864635733,Farm Products,Consumer Defensive,CALM
2013Q2,2013,Q2,2013-01-08,2012-12-01,14290000.0,328870000.0,20366000.0,0.3,51298000.0,0.1559826071091921,743989000.0,500278000.0,408831000.0,141204000.0,243592000.0,143671000.0,482180000.0,1100567770.0,1114977770.0,10.448143352408003,2.8953216622758564,0.09472183056469921,0.14086567868265246,0.022830538732709554,10.448143352408003,0.02856411835019729,3.3465131206859855,19.254159727081873,2.199912388711876,0.2193142057382785,1.9319974107509519,0.002847621096518209,0.4420361053725257,1.8628863205008357,0.019207273225813823,57.63341904063678,0.1559826071091921,0.5384615384615383,-0.6479850037778095,0.4541988307115565,1.3133325485332514,0.14722129039472212,0.5177907594264471,0.3057639289606976,-0.11706116918560613,0.4266239331743116,0.460627077504917,Farm Products,Consumer Defensive,CALM
2013Q1,2013,Q1,2012-10-04,2012-09-01,9415000.0,272928000.0,15597000.0,0.195,44715000.0,0.16383441786844882,712953000.0,485696000.0,418079000.0,122509000.0,227002000.0,129005000.0,472473000.0,961145780.0,1004023780.0,10.152083942978972,3.4126390714151613,0.10308393400406478,0.15131687310581104,0.018062245740139996,10.152083942978972,0.019384553300830148,3.5216092888967054,25.521661710037176,1.978904046975886,1.3211895910780669,1.769024456416418,0.012941845304673762,0.3828134533412441,2.3347264282624134,0.013205639081398072,-38.0651794059406,0.16383441786844882,-0.7499999999999999,-0.48300874353366485,0.5075987571022761,1.7616383270840699,0.08124773304316286,-0.7472890272707752,0.2908218157742283,3.4435891599165274,0.4464248060950461,0.4703527465439349,Farm Products,Consumer Defensive,CALM
2012Q4,2012,Q4,2012-08-06,2012-06-02,37256000.0,275245000.0,12083000.0,0.78,41355000.0,0.1502479609075551,726316000.0,479125000.0,442202000.0,140656000.0,246988000.0,117158000.0,466164000.0,832257920.0000001,811349920.0000001,10.028570830542531,3.1438545102946196,0.1049405492925944,0.15908165927471954,0.014086852599377508,10.028570830542531,0.07775841377511088,3.0236985957964726,5.584724071290531,1.737037140620924,0.2333047025982392,1.9963638846685672,0.010443877782502808,0.37896039740278337,2.300072517347287,0.051294477885658586,154.29327400815723,0.1502479609075551,0.4311926605504587,1.0174376447048064,0.6041648396143164,2.045809978776425,-0.36522433191606934,0.4273235767374148,-0.6541686940095596,2.6156978556596804,0.2838471566316818,0.4376104018172644,Farm Products,Consumer Defensive,CALM
2012Q3,2012,Q3,2012-03-30,2012-02-25,26102000.0,303660000.0,34939000.0,0.545,65149000.0,0.21454587367450437,695397000.0,453571000.0,417059000.0,134067000.0,241764000.0,118925000.0,441377000.0,933712140.0,931919140.0,9.499266985004608,3.110825184422714,0.11352651794586402,0.17405433768913797,0.0425020545223604,9.499266985004608,0.0575477709112796,3.0748605018770996,8.942917592521646,2.0585798915715507,0.29729522641943146,2.0055581248686147,0.008310912611674943,0.43667142653764685,2.1783138281605465,0.03753539345151043,25.193247531163994,0.21454587367450437,0.12371134020618568,0.4775538835489588,0.7073394761115577,2.2470261857020644,0.059471150718792685,0.12218400687876182,-0.020575785608163037,-0.15672705245427754,0.12062509591530543,0.38956960547933817,Farm Products,Consumer Defensive,CALM
2012Q2,2012,Q2,2011-12-30,2011-11-26,23260000.0,290369000.0,35673000.0,0.485,61492000.0,0.21177191780114268,688723000.0,436965000.0,409110000.0,141179000.0,251877000.0,114253000.0,423922000.0,744059070.0,735125070.0,9.15263290184743,2.897810580893759,0.11858613695201119,0.1869097067270834,0.044377506785351836,9.15263290184743,0.053230807959447554,2.5624604210504565,7.997195507308685,1.7027887130548216,0.04514187446259673,2.0032471795051334,0.0014111782818533479,0.42160491227968283,2.0417555018805915,0.03377264880075154,27.085256088238506,0.21177191780114268,6.461538461538461,2.577787735569338,1.0756413655203958,2.577190173644635,0.8200438051263838,6.462303496952198,4.988416988416988,-0.1491668306881786,0.21424483913600817,0.430137403746242,Farm Products,Consumer Defensive,CALM
2012Q1,2012,Q1,2011-09-30,2011-08-27,3117000.0,243842000.0,5957000.0,0.065,33786000.0,0.13855693440834638,647123000.0,421664000.0,368098000.0,112381000.0,225551000.0,115758000.0,408428000.0,720783400.0,723638400.0,8.833619642183768,3.2754469171835097,0.13196718398202506,0.20252855354025953,0.007580506191262072,8.833619642183768,0.007392141610381726,2.9559444230280265,57.81066730830926,1.70937855733475,0.781199871671479,1.8146132448729246,0.003378268700416797,0.3768093546358266,2.1728672996325002,0.004816704088712656,560.4847589424572,0.13855693440834638,-0.573490813648294,1.565174380516617,1.0824497942744653,2.6393311325593376,-0.18391304347826087,-0.5713106862879934,-0.5651189954737917,-0.7219782925134719,0.17185294448630659,0.4691228517995641,Farm Products,Consumer Defensive,CALM
2011Q4,2011,Q4,2011-08-04,2011-05-28,7271000.0,242381000.0,13698000.0,0.1524,41400000.0,0.170805467425252,640843000.0,418906000.0,355041000.0,107482000.0,221966000.0,110021000.0,406361000.0,692873500.0,723355500.0,8.745427974947807,3.3032600807577084,0.1375703565459871,0.21045532888046484,0.014068051130483915,8.745427974947807,0.017357115916219867,2.8586130926103945,23.8231845688351,1.6540071042190851,1.5425663595103838,1.8267512565782895,0.01618765907485277,0.37822212304729863,2.2256656928601997,0.011345992700240153,-164.49988129154795,0.170805467425252,-0.7822857142857143,34.973257779103285,0.8378491439742795,2.4317271118559542,-0.3687099725526075,-0.7837234896933282,-0.6484176484176484,-0.8027714361518477,0.020069522912748716,0.5068478990496984,Farm Products,Consumer Defensive,CALM
2011Q3,2011,Q3,2011-03-31,2011-02-26,33619000.0,274674000.0,38961000.0,0.7,65580000.0,0.23875576137530308,666494000.0,414506000.0,382890000.0,124405000.0,254329000.0,103080000.0,401524000.0,679322670.0,707559670.0,8.685847198357152,3.0777701860857682,0.16339231861052012,0.26272237313814517,0.04928567164763678,8.685847198357152,0.08110618422893758,2.473196116123113,5.051627576667956,1.6388729475568506,0.15051012820131474,2.028463329452852,0.007448595819715542,0.41211773849427,2.23913026003778,0.05044156436517058,14.207610114192496,0.23875576137530308,1.222222222222222,3.143446999751743,1.0789338237559698,2.3945072120916437,0.4504036271148955,1.213815356249177,0.7100908572181012,-0.4157517763158666,-0.018193857303993678,0.6505820969585934,Farm Products,Consumer Defensive,CALM
2011Q2,2011,Q2,2010-12-30,2010-11-27,15186000.0,234523000.0,22783000.0,0.315,45215000.0,0.19279558934518148,636676000.0,391845000.0,351330000.0,116310000.0,247012000.0,97172000.0,379109000.0,741351240.0,787537240.0,8.213746698528487,3.0206345112200155,0.17681520899170064,0.2872921690974748,0.028606859866012527,8.213746698528487,0.03875512000918731,3.1611024931456617,12.204517977084157,1.8919502354247213,0.10522849993414987,1.9481743712180464,0.0021555234735966718,0.36835533301082496,2.16903103774396,0.023852006358021975,269.8766800145613,0.19279558934518148,2.15,22.83661238957226,0.6704496372598299,2.430058986206086,0.38120112414467255,2.188326684862482,1.8333540604402438,-0.6245331401659893,0.04084066683314305,0.8186128331340572,Farm Products,Consumer Defensive,CALM
2011Q1,2011,Q1,2010-09-30,2010-08-28,4763000.0,190403000.0,8041000.0,0.1,32736000.0,0.17193006412714085,609714000.0,381622000.0,319076000.0,95355000.0,229274000.0,92287000.0,368995000.0,751023000.0,784802000.0,8.00314570925258,3.3461905510985264,0.19063200123336516,0.3045710152978602,0.01038154773789903,8.00314570925258,0.012480936633632233,3.9443863804666943,39.41964098257401,1.9679761648961536,1.4715515431450765,1.7084421424469318,0.009332603661938449,0.312282479982418,2.3504797860626083,0.007811859330768196,-157.0849194729136,0.17193006412714085,-0.771903013161196,1.5787715496861492,1.3520727765444192,2.3126385267150615,-0.4012729533982003,-0.7734817139867789,-0.7528355823317862,-0.7375901682439562,0.055232387645028524,1.1770696590029295,Farm Products,Consumer Defensive,CALM
2010Q4,2010,Q4,2010-08-02,2010-05-29,21027000.0,222088000.0,32533000.0,0.43841,54676000.0,0.2461906991823061,631284000.0,377929000.0,338160000.0,117974000.0,254328000.0,93968000.0,365821000.0,775261499.9999999,810481499.9999999,7.889958246346556,2.866394290267347,0.2133318759860855,0.35634471024980885,0.04085012729756683,7.889958246346556,0.05563743454458377,3.4907851842512874,9.217452560993008,2.0513416541202183,0.5476292385979931,1.781585220500596,0.01485305280863296,0.3518036256265009,2.0567413158831607,0.03330830497842492,107.3174833887043,0.2461906991823061,-0.39529655172413786,4.170017370794754,1.6916320481133773,2.062615609143589,-0.27024718381293045,-0.39112179301557887,-0.34851913410897734,0.13567870583086117,0.29100796119509775,1.3962849707022136,Farm Products,Consumer Defensive,CALM
2010Q3,2010,Q3,2010-03-31,2010-02-27,34534000.0,271156000.0,49937000.0,0.725,74924000.0,0.27631326616412694,658787000.0,363775000.0,365087000.0,154447000.0,296878000.0,94947000.0,351816000.0,763605080.0,770311080.0,7.63655638592661,2.3638335480779813,0.2245475396448321,0.40664971479623396,0.062088023026305394,7.63655638592661,0.09493230705793416,2.816109840829633,5.527922337406614,2.099113682908391,0.11869461979498465,2.0667530306381456,0.005367958002584268,0.4115988931171987,1.7398395566116531,0.0524205851056563,12.167841799987253,0.27631326616412694,1.1641791044776117,13.251776890351445,1.681230829937208,1.7866276001456058,0.6000170841608474,1.1457686094196595,0.963318262237075,0.9594596542213977,0.5281690919155996,1.61031704791925,Farm Products,Consumer Defensive,CALM
2010Q2,2010,Q2,2010-01-05,2009-11-28,16094000.0,229233000.0,25435000.0,0.335,46827000.0,0.20427687113111986,630171000.0,340592000.0,334282000.0,146070000.0,290862000.0,98565000.0,328794000.0,652787940.0,693333940.0,7.153190238165245,2.288505511056343,0.24081876189161355,0.44556830459905106,0.032693578403164586,7.153190238165245,0.04725301827406398,2.847704911596498,10.14023766621101,1.9166273429792833,0.0,1.8506163445442094,0.0,0.36376316904459266,1.5844937358800575,0.02553909970468333,18.167314371590784,0.20427687113111986,5.1875,4.003870951691153,1.5191114684696863,1.6650438957076916,1.5705110610967776,5.199895615866389,5.798151292209017,1.482188724252857,0.643028690746382,1.7957334358958634,Farm Products,Consumer Defensive,CALM
2010Q1,2010,Q1,2009-09-29,2009-08-29,-3832000.0,187666000.0,-5301000.0,-0.08,18217000.0,0.09707139279358008,569186000.0,328531000.0,272349000.0,122869000.0,241879000.0,96291000.0,316788000.0,688749450.0,764089450.0,6.904522718675129,2.216580260277206,0.2229183430372497,0.3862101293333049,-0.008201784854589963,6.904522718675129,-0.011664043880181779,3.6700811548176016,-44.93407163361169,2.0964519329987126,-0.8937891440501043,1.7597594790790416,0.004972780740514567,0.3297094447157871,1.2429335308336522,-0.006732421387736171,-68.66893818544366,0.09707139279358008,-1.3697028513332408,-3.388276202899385,0.8685517203582324,1.4788254103206437,-0.5194291291845833,-1.3732709916228327,-1.3494627200210956,0.30296224670121646,0.6078175375755066,1.8445694407695548,Farm Products,Consumer Defensive,CALM
2009Q4,2009,Q4,2009-08-11,2009-05-30,10266000.0,213601000.0,15169000.0,0.21639,37907000.0,0.1774663976292246,582845000.0,332051000.0,241685000.0,103686000.0,249836000.0,97535000.0,320623000.0,580006000.0,651312000.0,6.975861344537815,2.3309318519375806,0.23709391004469457,0.4161679982894194,0.021329420719032714,6.975861344537815,0.030916937458402474,2.715371182719182,14.124439898694721,1.746737699931637,0.9955191895577635,1.8013431076023991,0.017620507374061647,0.3664799389202961,1.2217271377042223,0.0176136022441644,43.77073428420496,0.1774663976292246,-0.6645116279069768,-0.384116063547671,0.5477978809541125,1.4436542076610186,-0.4438282201387972,-0.6671530006808676,-0.6644026548672567,49.26950780312124,0.6298330854307642,1.737344881596972,Farm Products,Consumer Defensive,CALM
2009Q3,2009,Q3,2009-04-01,2009-02-28,30843000.0,270009000.0,45200000.0,0.645,68157000.0,0.252424919169361,587748000.0,325249000.0,245903000.0,114473000.0,261385000.0,98736000.0,313837000.0,530018920.0,597726920.0,6.83612173693724,2.1481310003232204,0.24169882330522605,0.4367669078152431,0.06490593265505451,6.83612173693724,0.09482888494661014,1.9629676047835443,4.296103816100898,1.6295789379828993,0.2944266121972571,2.044360719494409,0.017133350635860318,0.45939586353335105,1.2755060145187074,0.05247657159190674,11.333424282598468,0.252424919169361,0.13157894736842118,0.30868937442305827,0.6509824616505885,1.6784476194642188,0.17479660783232212,0.1321024812802819,0.048140246730358965,2.812817910866451,1.0498109459357634,1.6716178639613852,Farm Products,Consumer Defensive,CALM
2009Q2,2009,Q2,2008-12-31,2008-11-29,27244000.0,238314000.0,43124000.0,0.57,58016000.0,0.24344352409006606,554001000.0,304491000.0,203051000.0,115182000.0,247511000.0,92377000.0,293133000.0,599720690.0,692215690.0,6.399827651435538,1.7628709346946572,0.21414762789236844,0.3896272796240283,0.06590297831646338,6.399827651435538,0.08947390891684812,2.5165147242713397,5.503236400675378,1.9695842898476474,0.1387828512700044,1.951762884700737,0.006304601563771294,0.4301688986120964,0.8522772655449636,0.049176806540060396,59.13238907513311,0.24344352409006606,1.425531914893617,0.5373017935098225,0.5788220031737196,2.243455903638783,0.4273132088469014,1.4440656678927066,1.3983093265113176,40.28073117275267,0.702018685143039,1.6725667532344737,Farm Products,Consumer Defensive,CALM
2009Q1,2009,Q1,2008-09-30,2008-08-30,11147000.0,206888000.0,17981000.0,0.235,40647000.0,0.19646862070298907,518941000.0,285370000.0,222231000.0,103306000.0,231501000.0,87385000.0,274991000.0,937097700.0,976581700.0,6.012852928782133,2.1511916055214604,0.22141245343883023,0.4026351753863405,0.028796797569082357,6.012852928782133,0.03906156919087501,4.529492769034453,21.016813940970668,3.283798927707888,1.0932089351394993,1.9023974366310008,0.01300398026801261,0.39867345228070245,1.263353532224653,0.021480283885836733,62.42739990673506,0.19646862070298907,-0.6946632747962143,1.848077265236137,2.591460315672153,6.685255638241569,-0.4357874573165653,-0.6950872586027682,-0.6545038813311813,2.360910421072787,1.5677764717153435,1.488822394465111,Farm Products,Consumer Defensive,CALM
2008Q4,2008,Q4,2008-08-05,2008-05-31,36558000.0,235628000.0,52044000.0,0.7696421052631579,72042000.0,0.3057446483439999,501236000.0,275680000.0,224265000.0,102715000.0,223869000.0,76766000.0,267616000.0,741000000.0,743292000.0,5.80378947368421,2.183371464732512,0.19382087479750057,0.3524013348810215,0.09293576817012732,5.80378947368421,0.13261027278003482,3.144787546471557,5.06729033316921,2.6878990133488103,0.4520214453744734,2.1309694395956544,0.022300944669365722,0.47009392781045256,1.3901377598208635,0.07293570294232657,24.261672451051012,0.3057446483439999,-0.36129285870277356,7.464277445353524,1.2731678981866588,3.1628148755788996,-0.3132447427122457,-0.3606841194061172,-0.3924210231385276,6.557873523503415,1.8797805774054417,1.2528352722929967,Farm Products,Consumer Defensive,CALM
2008Q3,2008,Q3,2008-04-01,2008-03-01,57183000.0,278017000.0,85658000.0,1.205,104902000.0,0.3773222500782326,500948000.0,249559000.0,225546000.0,127767000.0,249682000.0,74703000.0,240708000.0,818064000.0,834203000.0,5.262293353576248,1.765291507196694,0.2034881863985883,0.4084685385019174,0.15855861320964496,5.262293353576248,0.22913619625018533,2.9424963221673495,3.5765174964587376,3.2780384598431636,0.04436633265131245,2.3173768121762177,0.003101224354084766,0.5549817545932911,1.1722510507408017,0.11414957241070929,16.507203680535937,0.3773222500782326,0.42603550295858,6.460785307982442,1.5824235467474985,2.9989418307852445,0.3797085437710438,0.4240922448572994,0.45175669033777943,22.704247385394662,1.761362629153879,0.9202440416943288,Farm Products,Consumer Defensive,CALM
2008Q2,2008,Q2,2008-01-04,2007-12-01,40154000.0,223696000.0,59003000.0,0.845,76032000.0,0.33988985051140835,449020000.0,213910000.0,226957000.0,110136000.0,234222000.0,69403000.0,205121000.0,583263030.0,658961030.0,4.516490013090664,2.060697682864822,0.23213442608347068,0.4872750222056005,0.12134570611520425,4.516490013090664,0.18771445935206396,2.607391415134826,3.6314129974597793,2.726674910008882,0.007321811027543956,2.127631370401856,0.0005040607494015179,0.498187163155316,1.422541221762185,0.08942586076344038,27.1626242257719,0.33988985051140835,1.2236842105263157,18.8579243368946,1.3398754308656298,2.902173069476981,0.6681000438788942,1.2349994433930758,1.1908139016783008,8.534435562311748,1.4713434197263378,0.6826959354710744,Farm Products,Consumer Defensive,CALM
2008Q1,2008,Q1,2007-10-04,2007-09-01,17966000.0,178598000.0,26932000.0,0.38,45580000.0,0.25521002474831744,394698000.0,173505000.0,183025000.0,94655000.0,219999000.0,66310000.0,165262000.0,467496189.99999994,567559190.0,3.6761091571676765,1.9336009719507685,0.3120867093321983,0.7099507218812138,0.059908497610593046,3.6761091571676765,0.10354744820034005,2.61758916673199,6.505290409662696,2.6944248868908676,0.016364243571190026,2.0060021112954307,0.0006288821305688074,0.4524927919573953,1.2161956579155881,0.04551834567188078,18.583145446595378,0.25521002474831744,-0.017808679469616704,11.462586130491035,1.1657139518036637,2.2885250085487656,0.10954235637779941,-0.01733851118525406,0.015688640820636597,21.741441999266875,0.792731353130432,0.319777363503002,Farm Products,Consumer Defensive,CALM
2007Q4,2007,Q4,2007-08-16,2007-06-02,18283000.0,169872000.0,26516000.0,0.38689,41080000.0,0.24182914194216823,364568000.0,155739000.0,156310000.0,75758000.0,206935000.0,62208000.0,147667000.0,318329000.0,416149000.0,3.2925792811839325,2.0632804456295046,0.3095499330714709,0.7246226057699099,0.06658348714110832,3.2925792811839325,0.11739512902997964,1.873934491852689,4.352800415686704,2.0439902657651583,0.016135207569873654,2.070344650205761,0.000926714185638129,0.46595422527484587,1.2237915467673381,0.05014976629874262,19.453006599853335,0.24182914194216823,0.04564864864864869,10.746266185157292,1.0322740736824536,1.8394720406540337,-0.07020958761486579,0.05056599436878699,-0.028005865102639298,0.10380126702342943,0.23873548368086633,0.15339523209168532,Farm Products,Consumer Defensive,CALM
2007Q3,2007,Q3,2007-04-09,2007-03-03,17403000.0,175211000.0,27280000.0,0.37,44182000.0,0.2521645330487241,349133000.0,137611000.0,149216000.0,84137000.0,210599000.0,62855000.0,129679000.0,283403950.0,376262950.0,2.9255282962711,1.773488477126591,0.309317652585118,0.7847701128543503,0.07004403832467886,2.9255282962711,0.12646518083583436,1.6175008989161639,4.0711939033499975,2.0594570928196148,0.016778716313279318,2.084623339432026,0.0010303314403345473,0.5018460013805627,1.0113861915685132,0.04984633363216883,9.571870778168062,0.2521645330487241,1.7407407407407405,32.596478392686954,1.0163821123032568,1.4365249470678385,0.7704668403125626,1.7187939384471176,1.5988377631704296,-0.2531017931198631,0.08363474594714401,0.14624557641848185,Farm Products,Consumer Defensive,CALM
2007Q2,2007,Q2,2007-01-09,2006-12-02,6401000.0,137737000.0,10497000.0,0.135,24955000.0,0.18117862302794457,317806000.0,120270000.0,128108000.0,74380000.0,196784000.0,60369000.0,112569000.0,,,,,,,,,,,,,,,,,,,,,,,,,,,,,,,Farm Products,Consumer Defensive,CALM
2007Q1,2007,Q1,2006-10-10,2006-09-02,-5431000.0,115308000.0,-6063000.0,-0.115,8407000.0,0.07290907829465432,308453000.0,114096000.0,120779000.0,72117000.0,193575000.0,57310000.0,106449000.0,,,,,,,,,,,,,,,,,,,,,,,,,,,,,,,Farm Products,Consumer Defensive,CALM
