Quarters,Year,Quarter,FillingDate,Date,NetIncome,Revenue,OperatingIncome,EPSDiluted,GrossProfit,GrossProfitRatio,TotalAssets,CommonStockEquity,CurrentAssets,CurrentLiability,TotalLiability,Inventory,RetainedEarnings,MarketCap,EnterpriseValue,bookValuePerShare,currentRatio,debtToAssets,debtToEquity,roic,shareholdersEquityPerShare,roe,priceToSalesRatio,peRatio,pbRatio,payoutRatio,inventoryTurnover,dividendYield,assetTurnover,quickRatio,returnOnAssets,priceToFreeCashFlowsRatio,grossProfitMargin,epsdilutedGrowth,fiveYNetIncomeGrowthPerShare,fiveYRevenueGrowthPerShare,fiveYShareholdersEquityGrowthPerShare,grossProfitGrowth,netIncomeGrowth,operatingIncomeGrowth,threeYNetIncomeGrowthPerShare,threeYRevenueGrowthPerShare,threeYShareholdersEquityGrowthPerShare,Industry,Sector,Symbol
2023Q2,2023,Q2,2023-05-04,2023-03-31,65934000.0,184911000.0,165587000.0,0.95,184911000.0,1.0,22325211000.0,2375117000.0,3203899000.0,2666000.0,2666000.0,0.0,1795042000.0,1973195265.72,4654651265.72,36.255167079927226,1201.7625656414104,0.17021115724281397,1.5999211828301512,0.020916046667358208,36.255167079927226,0.027760316649663996,10.671053997436605,7.481706197561198,0.8307781324962097,0.30181696848363515,0.0,0.010085165085138537,0.008282609288664729,1201.7625656414104,0.0029533427478020255,46.94395512383127,1.0,-0.18103448275862066,0.7495147567236847,0.8651930977473667,0.5614252342879219,-0.05998647762453549,-0.17073538844659095,0.6849008414990283,1.0417517847463205,0.47132337767141214,0.40545932320690325,Banks—Regional,Financial Services,WAFD
2023Q1,2023,Q1,2023-02-03,2022-12-31,79509000.0,196711000.0,98277000.0,1.16,196711000.0,1.0,21653811000.0,2324381000.0,19774603000.0,16995000.0,16995000.0,0.0,1749008000.0,2192223227.7,4621361227.7,35.57255555211724,1163.5541629891145,0.14200733533695292,1.3229328582534448,0.014197419075994469,35.57255555211724,0.03420652638272297,11.144385559018051,6.893003394898691,0.9431428099352042,0.2419977612597316,0.0,0.008776934646471632,0.009084359330558487,163.63724624889673,0.0036718247887173303,34.31622227666202,1.0,0.08411214953271014,1.0473669997305846,1.1352123381000276,0.5389045151778825,0.048493441286051604,0.0833026772940936,0.25439716131008605,0.4534473224531378,0.43038364411262675,0.36122253638987717,Banks—Regional,Financial Services,WAFD
2022Q4,2022,Q4,2022-11-18,2022-09-30,73395000.0,187613000.0,78346000.0,1.07,187613000.0,1.0,20772131000.0,2274260000.0,16113564950.0,300037000.0,300037000.0,0.0,1688740000.0,1958494645.88,3399529645.88,34.813633493168936,53.70525951799278,0.10230052949309823,0.9343698609657647,0.01405905632486799,34.813633493168936,0.03227203573909755,10.439013532537725,6.671076523877648,0.8611568799873365,0.26182982491995366,0.0,0.009812127922037452,0.0090319572893123,9.328429493695777,0.003533339935127503,20.839483356884443,1.0,0.17582417582417587,1.1381867187021097,0.951613874982792,0.5229810382693257,0.1052702893769441,0.15957026621376097,-0.1859563812433112,0.6983755833297766,0.6720207001552013,0.35546182777327756,Banks—Regional,Financial Services,WAFD
2022Q3,2022,Q3,2022-07-29,2022-06-30,63295000.0,169744000.0,96243000.0,0.91,169744000.0,1.0,20158831000.0,2220111000.0,2814138000.0,4394000.0,17938720000.0,0.0,1634563000.0,1960770739.62,3053349739.62,33.990578741967774,640.4501593081475,0.08433028681077787,0.7657274793917962,0.019222440028090385,33.990578741967774,0.02850983576947279,11.551340486968611,7.744572002606841,0.883185903596712,0.30359428074887435,0.0,0.009800227844956563,0.008420329532005106,640.4501593081475,0.0031398150021695204,23.018333935409647,1.0,0.21333333333333337,0.9595688114139255,0.8937155869150675,0.5000863886109879,0.12505633765476284,0.2823395935898215,0.2227699500692424,0.43912363196016324,0.5275922280928929,0.3506255849306529,Banks—Regional,Financial Services,WAFD
2022Q2,2022,Q2,2022-05-03,2022-03-31,49359000.0,150876000.0,78709000.0,0.75,150876000.0,1.0,20560279000.0,2191701000.0,3912370000.0,0.0,18368578000.0,0.0,1590483000.0,2143184432.22,1915680432.22,33.5629662751377,0.0,0.08365645232732494,0.7847785806549342,0.01577492396802298,33.5629662751377,0.022520863931713313,14.204939368885707,10.855084342369173,0.9778635097670715,0.38925018740250006,0.0,0.008964697443279938,0.007338227268219463,0.0,0.002400696994432809,40.1029982452004,1.0,-0.025974025974025997,0.6059238966767382,0.7404207714168427,0.48897935031449274,-0.016319052803838857,-0.01833694636144866,-0.010820661053160738,0.1977196128273032,0.39933097047937494,0.35586242017765113,Banks—Regional,Financial Services,WAFD
2022Q1,2022,Q1,2022-01-31,2021-12-31,50281000.0,153379000.0,79570000.0,0.77,153379000.0,1.0,19973171000.0,2149126000.0,3878537000.0,0.0,17824045000.0,0.0,1560337000.0,2176637599.06,2015990599.06,32.95809367208423,0.0,0.08611551966385307,0.8003253415574517,0.016344438846131338,32.95809367208423,0.02339602238305246,14.191236082253763,10.822366296712477,1.0128012964619106,0.3690260734671148,0.0,0.00852461613638078,0.007679251331698908,0.0,0.0025174270024524398,90.42948064229331,1.0,0.0694444444444445,0.66965607647813,0.8196671934366255,0.4720531344541139,0.009391123512688218,-0.039907582440663725,0.0,0.19127988908614013,0.38926776310734423,0.3593457075447698,Banks—Regional,Financial Services,WAFD
2021Q4,2021,Q4,2021-11-19,2021-09-30,52371000.0,151952000.0,0.0,0.72,151952000.0,1.0,19650574000.0,2126064000.0,0.0,0.0,17524510000.0,0.0,1528611000.0,2306567976.8,1935758976.8000002,31.62501889114062,0.0,0.08752924978171121,0.8090066902971876,0.0,31.62501889114062,0.024632842661368615,15.179582873539013,11.010711924538391,1.0849005377072376,0.36472475224838175,0.0,0.008281134652055487,0.007732700327227083,0.0,0.0026651129885569753,38.41526867078594,1.0,0.180327868852459,0.5836439020458991,0.7272449937584476,0.43904113084207474,0.07261497194084636,0.10436084517734386,0.0,0.2593781255275725,0.4319187740230207,0.31891637447392734,Banks—Regional,Financial Services,WAFD
2021Q3,2021,Q3,2021-08-02,2021-06-30,47422000.0,141665000.0,0.0,0.61,141665000.0,1.0,19649509000.0,2227240000.0,0.0,0.0,17422269000.0,0.0,1495341000.0,2281650089.46,1979692089.46,31.02214819308773,0.0,0.09923912093681322,0.8755230689104003,0.0,31.02214819308773,0.021291823063522567,16.10595481918611,12.02843664048332,1.0244293787198506,0.4057188646619712,0.0,0.008432493697819171,0.007209594906417254,0.0,0.002413393637469516,56.41504523439818,1.0,0.08928571428571416,0.39661771883259656,0.49749423094839107,0.4375852259907199,-0.07003078781354008,0.056851864233023554,0.0,0.08174381960632578,0.2537147281245786,0.31458066886752445,Banks—Regional,Financial Services,WAFD
2021Q2,2021,Q2,2021-05-04,2021-03-31,44871000.0,152333000.0,0.0,0.56,152333000.0,1.0,19533581000.0,2332953000.0,0.0,0.0,17200628000.0,0.0,1468093000.0,2320926762.0,2152479762.0,30.95959492409007,0.0,0.11006686382798934,0.9215787887711411,0.0,30.95959492409007,0.019233563642302266,15.235876415484498,12.931106739319382,0.9948450577444123,0.3863519868066234,0.0,0.0074694300069430624,0.007798518868608884,0.0,0.002297121045035214,23.514009178959313,1.0,0.09803921568627459,0.30983625324898334,0.5339884505180241,0.447877976211439,0.13736513980662263,0.15198582834843777,0.0,0.03509047474127638,0.33585532160872045,0.3333573294872685,Banks—Regional,Financial Services,WAFD
2021Q1,2021,Q1,2021-01-29,2020-12-31,38951000.0,133935000.0,0.0,0.51,133935000.0,1.0,19063622000.0,2061767000.0,0.0,0.0,17001855000.0,0.0,1443280000.0,1950911691.3,2720189691.3,27.202606256686387,0.0,0.13638541511156693,1.2610542316372315,0.0,27.202606256686387,0.018892047452500695,14.566108121850151,12.5215764120305,0.9462328630247743,0.4255859926574414,0.0,0.008497052979857755,0.007025684835756814,0.0,0.00204321088615794,22.74028384445921,1.0,0.13333333333333333,0.3615274809249277,0.398400596070631,0.2838391687902389,0.0545813878412321,0.13417581457647848,0.0,-0.13530847732824208,0.25334227296155176,0.17681209413500257,Banks—Regional,Financial Services,WAFD
2020Q4,2020,Q4,2020-11-23,2020-09-30,34343000.0,127003000.0,0.0,0.45,127003000.0,1.0,18794055000.0,2014133000.0,0.0,0.0,16779922000.0,0.0,1420906000.0,1579225699.8,2576248699.8,26.60469265749724,0.0,0.1436624507058216,1.3405271647900114,0.0,26.60469265749724,0.01705100904458643,12.434554300292119,11.495979528579332,0.7840722036727465,0.48222345164953556,0.0,0.010486784759200257,0.006757615639626467,0.0,0.0018273331646629744,34.60179009202454,1.0,-0.021739130434782625,-0.0009510963519184571,0.3167120549915239,0.27323210980617824,-0.026297026059356146,-0.014604613795478021,0.0,-0.1366671943798207,0.14000251653204632,0.1638670940309032,Banks—Regional,Financial Services,WAFD
2020Q3,2020,Q3,2020-08-07,2020-06-30,34852000.0,130433000.0,0.0,0.46,130433000.0,1.0,18175104000.0,1990509000.0,0.0,0.0,16184595000.0,0.0,1403124000.0,2031948852.12,3613708852.12,26.292621245982467,0.0,0.1540568901283866,1.406675378006329,0.0,26.292621245982467,0.01750908938367021,15.578487438914998,14.575554144095031,1.0208187213019384,0.47518076437507173,0.0,0.008150303578124693,0.007176465125041376,0.0,0.0019175681195551892,42.03974121984524,1.0,-0.06122448979591831,0.1136644133359232,0.3527207867558394,0.2677994549374503,-0.11686403553316677,-0.08163372859025032,0.0,-0.06909644474735999,0.2554333873961248,0.16035691982216163,Banks—Regional,Financial Services,WAFD
2020Q2,2020,Q2,2020-05-07,2020-03-31,37950000.0,147693000.0,0.0,0.49,147693000.0,1.0,17375629000.0,1985967000.0,0.0,0.0,15389662000.0,0.0,1406188000.0,1998596330.72,3553022330.7200003,25.79595615560192,0.0,0.17553321379041875,1.535775770695082,0.0,25.79595615560192,0.019109078851763397,13.532099224201554,13.165983733333334,1.0063592852852037,0.446403162055336,0.0,0.008476449065578418,0.008500008834212563,0.0,0.0021840935945398004,-71.4422280865058,1.0,-0.41666666666666663,0.17702718177353083,0.6115864908122793,0.26314343690173314,-0.10583926138943545,-0.42240080361627325,0.0,0.04729965394374608,0.44508894943312555,0.14440558448976681,Banks—Regional,Financial Services,WAFD
2020Q1,2020,Q1,2020-01-31,2019-12-31,65703000.0,165175000.0,0.0,0.84,165175000.0,1.0,16423161000.0,2050909000.0,0.0,0.0,14372252000.0,0.0,1385179000.0,2876301675.6,4642496675.6,26.132799451337217,0.0,0.13700164054897837,1.097074516714296,0.0,26.132799451337217,0.03203603865407973,17.413662331466625,10.944331596730743,1.4024521203037288,0.25011034503751733,0.0,0.005713239379374925,0.010057442656745555,0.0,0.004000630572884234,41.88951525690318,1.0,0.2727272727272726,1.1394174979585598,0.92044616828566,0.29451871004864816,0.21489724767943041,0.2547840036667813,0.0,0.8127906605325944,0.6282073769774446,0.16720553461455623,Banks—Regional,Financial Services,WAFD
2019Q4,2019,Q4,2019-11-20,2019-09-30,52362000.0,135958000.0,0.0,0.66,135958000.0,1.0,16474910000.0,2032995000.0,0.0,0.0,14441915000.0,0.0,1335909000.0,2927915781.48,4758757781.48,25.68396452031408,0.0,0.13657130752155855,1.1067415315827143,0.0,25.68396452031408,0.025756088922992925,21.535443162447226,13.979201431763494,1.4401982205957222,0.31643176349260915,0.0,0.00565897424536737,0.008252427479118246,0.0,0.00317828746864171,48.26208287009412,1.0,-0.01492537313432837,0.6198475548682619,0.5031762887941592,0.29274690912770424,-0.0007570133984021873,-0.02770453448211832,0.0,0.34478910979564,0.31257334374448986,0.16870385042440222,Banks—Regional,Financial Services,WAFD
2019Q3,2019,Q3,2019-07-25,2019-06-30,53854000.0,136061000.0,0.0,0.67,136061000.0,1.0,16468525000.0,2012734000.0,0.0,0.0,14455791000.0,0.0,1300116000.0,2779185946.5,4994357946.5,25.166544393361985,0.0,0.15210834000009107,1.2445757859707245,0.0,25.166544393361985,0.026756640470126703,20.426029108267617,12.901483392598507,1.380801410668275,0.29661677869796116,0.0,0.005747726243404851,0.008261881376747462,0.0,0.0032701167833792035,50.29381542373188,1.0,0.06349206349206354,0.7936322040041867,0.5427968670174159,0.27662680389449695,0.017750284243911195,0.053935574777877804,0.0,0.4237967618884417,0.291125932245598,0.16623298244697607,Banks—Regional,Financial Services,WAFD
2019Q2,2019,Q2,2019-05-01,2019-03-31,51098000.0,133688000.0,0.0,0.63,133688000.0,1.0,16435208000.0,2004280000.0,0.0,0.0,14430928000.0,0.0,1262236000.0,2383699392.0,4714145392.0,24.753961593492743,0.0,0.1588054133540628,1.302213263615862,0.0,24.753961593492743,0.0254944418943461,17.83031679731913,11.662390856785002,1.1893045841898338,0.3158049238717758,0.0,0.006769729460920213,0.008134244482941743,0.0,0.0031090570925539854,58.28828443575009,1.0,-0.030769230769230795,0.6654102856783672,0.5692220975354526,0.2749375332559833,-0.034611246308157796,-0.034830569302255296,0.0,0.38820051084733587,0.2529033219328465,0.15766100632388527,Banks—Regional,Financial Services,WAFD
2019Q1,2019,Q1,2019-01-25,2018-12-31,52942000.0,138481000.0,0.0,0.65,138481000.0,1.0,16188126000.0,1983089000.0,0.0,0.0,14205037000.0,0.0,1227275000.0,2184660366.92,4441285366.92,24.245556880164543,0.0,0.1569051291051231,1.2808300585601553,0.0,24.245556880164543,0.026696734236335333,15.775885261660445,10.316291257036001,1.1016451439748796,0.2764912545804843,0.0,0.006700354994143594,0.008554479993545886,0.0,0.003270421789402924,52.38616806752512,1.0,0.04838709677419359,0.6461775907711029,0.6642961275140475,0.2703829646951711,0.053423907255549304,0.027700669707852083,0.0,0.7148540762913497,0.33982086329660116,0.1442799009097081,Banks—Regional,Financial Services,WAFD
2018Q4,2018,Q4,2018-11-20,2018-09-30,51515000.0,131458000.0,0.0,0.62,131458000.0,1.0,15865724000.0,1996908000.0,0.0,0.0,13868816000.0,0.0,1188971000.0,2616680536.6,4678030536.6,23.978031892852044,0.0,0.14685746455692789,1.1668038787966195,0.0,23.978031892852044,0.025797382753737278,19.905068817416968,12.698634070659033,1.3103660942817597,0.2893526157429875,0.0,0.005696530314460244,0.008285660332929023,0.0,0.0032469366037125064,57.02816965826867,1.0,0.016393442622950834,0.4906142195640202,0.5299597440321764,0.27951620972116087,-0.00764695669240815,0.002354360431178737,0.0,0.36228381648612806,0.23893701446002072,0.14752688666495664,Banks—Regional,Financial Services,WAFD
2018Q3,2018,Q3,2018-07-27,2018-06-30,51394000.0,132471000.0,0.0,0.61,132471000.0,1.0,15766321000.0,1986263000.0,0.0,0.0,13780058000.0,0.0,1152362000.0,2752326038.4,4776407038.4,23.59851238327768,0.0,0.1503204203440993,1.1931954630378756,0.0,23.59851238327768,0.025874720517877037,20.77681936725774,13.388362641553488,1.3856805661687301,0.276997314861657,0.0,0.005172352330858216,0.008402150381182775,0.0,0.003259733199647527,267.06055098001167,1.0,0.0701754385964913,0.703111739024781,0.6427854658434982,0.2780964649967434,0.022073914049841832,0.04308822634003775,0.0,0.4771248047731629,0.23571872965255125,0.13789267555153462,Banks—Regional,Financial Services,WAFD
2018Q2,2018,Q2,2018-05-02,2018-03-31,49271000.0,129610000.0,0.0,0.57,129610000.0,1.0,15633130000.0,1988673000.0,0.0,0.0,13644457000.0,0.0,1115204000.0,2963403292.4,5031595292.4,23.219278313035055,0.0,0.14872261664810565,1.1691213185878222,0.0,23.219278313035055,0.02477581784436154,22.864001947380604,15.03624491282905,1.4901410600938416,0.28032717014065067,0.0,0.004660857344466923,0.00829072616935956,0.0,0.00315170410531992,53.13996507549403,1.0,-0.0338983050847458,0.6822178411363347,0.6070471047666682,0.2628628711798887,0.05738480616107558,-0.04642926262821753,0.0,0.3736365125502025,0.2712704555551097,0.13697196699319666,Banks—Regional,Financial Services,WAFD
2018Q1,2018,Q1,2018-01-26,2017-12-31,51670000.0,122576000.0,0.0,0.59,122576000.0,1.0,15584013000.0,2009618000.0,0.0,0.0,13574395000.0,0.0,1081517000.0,2977629753.75,5082916753.75,23.115505348949732,0.0,0.15496650317219318,1.201720924076118,0.0,23.115505348949732,0.025711354098142035,24.292110639521603,14.40695642418231,1.4816894323946144,0.2524288755564157,0.0,0.004380329684566647,0.007865496518772155,0.0,0.0033155773163176905,57.68476246633991,1.0,0.13461538461538453,0.785556393417253,0.48867182855545466,0.2796938123438813,-0.05066683189020896,0.12072705188269998,0.0,0.5187949373153162,0.28651129421578236,0.14505352639951663,Banks—Regional,Financial Services,WAFD
2017Q4,2017,Q4,2017-11-21,2017-09-30,46104000.0,129118000.0,0.0,0.52,129118000.0,1.0,15253580000.0,2005688000.0,0.0,0.0,13247892000.0,0.0,1042890000.0,2952525030.0,4864455030.0,22.858875204861516,0.0,0.14586739637514604,1.109345022755284,0.0,22.858875204861516,0.02298662603555488,22.866873944763704,16.0101348581468,1.4720759310520877,0.28583203192781537,0.0,0.004463298317914683,0.008464766959625216,0.0,0.0030225035696538126,57.429830775514965,1.0,0.06122448979591842,0.5751078442689423,0.6425400318014427,0.28161566462136955,0.054773594307794105,0.04515778019586507,0.0,0.2866554224855695,0.28782742481192286,0.1505521370677892,Banks—Regional,Financial Services,WAFD
2017Q3,2017,Q3,2017-07-28,2017-06-30,44112000.0,122413000.0,0.0,0.49,122413000.0,1.0,15083998000.0,2021186000.0,0.0,0.0,13062812000.0,0.0,1009964000.0,2961434123.6000004,4877182123.6,22.659080836965337,0.0,0.15082208311085696,1.1255767653249131,0.0,22.659080836965337,0.021824809789895636,24.192153803926058,16.78360833560029,1.465196238050333,0.3025480594849474,0.0,0.004506600330442683,0.008115421388944761,0.0,0.0029244236176642294,87.78260978183543,1.0,0.04255319148936174,0.5031127041066233,0.46489241276458815,0.2526565566151005,0.03164556962025317,0.048538150701212264,0.0,0.3172584074578694,0.24451872280415932,0.14943035070448676,Banks—Regional,Financial Services,WAFD
2017Q2,2017,Q2,2017-05-03,2017-03-31,42070000.0,118658000.0,0.0,0.47,118658000.0,1.0,14960676000.0,2014762000.0,0.0,0.0,12945914000.0,0.0,979198000.0,2958557969.6,4842160969.6,22.540921247866024,0.0,0.1437100836887317,1.0671235609962864,0.0,22.540921247866024,0.020880878237727333,24.93348926831735,17.581162167815545,1.468440426015579,0.8455669122890421,0.0,0.012023763051298098,0.007931326097831409,0.0,0.002812038707341834,76.88760023909146,1.0,0.021739130434782507,0.48089948944123584,0.2980922639697106,0.2663984159553182,0.027822531746444223,0.019977694806769142,0.0,0.24208536076278409,0.2616840230275793,0.16095625439712768,Banks—Regional,Financial Services,WAFD
2017Q1,2017,Q1,2017-01-27,2016-12-31,41246000.0,115446000.0,0.0,0.46,115446000.0,1.0,14873654000.0,1999601000.0,0.0,0.0,12874053000.0,0.0,972701000.0,3067831407.3,4748993407.3,22.389201110125814,0.0,0.1398445869454809,1.0402075214005193,0.0,22.389201110125814,0.02062711510946434,26.573734969596178,18.594720744435826,1.5342217808952887,0.301168598167095,0.0,0.004049114293061041,0.007761777973321149,0.0,0.0027730912659390894,75.53816283702264,1.0,-0.06122448979591831,0.4903789018332497,0.2864864158697705,0.26391335368317037,-0.018700168301514712,-0.067339001447178,0.0,0.17452826685506678,0.27064606459872564,0.17311637031143415,Banks—Regional,Financial Services,WAFD
2016Q4,2016,Q4,2016-11-21,2016-09-30,44224000.0,117646000.0,0.0,0.49,117646000.0,1.0,14888063000.0,1975731000.0,0.0,0.0,12912332000.0,0.0,943877000.0,2398590189.08,4028222189.08,21.97645238439766,0.0,0.13970924222983205,1.0527748969874948,0.0,21.97645238439766,0.022383613963641812,20.388200100980907,13.559324060917149,1.214026701549958,0.2829006874095514,0.0,0.005215980644362889,0.007902035342005202,0.0,0.0029704334271019677,48.34989999959684,1.0,0.04255319148936174,0.729938728328049,0.2919247921875725,0.24312075853727252,-0.018086518157462046,0.028369454004278673,0.0,0.1853971333417053,0.2683655699658697,0.17270788460267777,Banks—Regional,Financial Services,WAFD
2016Q3,2016,Q3,2016-07-28,2016-06-30,43004000.0,119813000.0,0.0,0.47,119813000.0,1.0,14821600000.0,1962185000.0,0.0,0.0,12859415000.0,0.0,912164000.0,2205933828.2200003,3755878828.2200003,21.579345441386714,0.0,0.14033572623738327,1.0600427584554972,0.0,21.579345441386714,0.021916384031067406,18.41147311410281,12.824003745116734,1.1242231635753002,0.2948562924379127,0.0,0.005748132531351439,0.00808367517676904,0.0,0.0029014411399578993,67.09248542291434,1.0,0.04444444444444436,0.7453378195785938,0.32659848993727497,0.28941245748177263,-0.009384198167807653,0.030702490233204708,0.0,0.31913735086291467,0.37535376838989043,0.16873829492421583,Banks—Regional,Financial Services,WAFD
2016Q2,2016,Q2,2016-05-03,2016-03-31,41723000.0,120948000.0,0.0,0.45,120948000.0,1.0,14670823000.0,1962460000.0,0.0,0.0,12708363000.0,0.0,881840000.0,2078766513.1499999,3782682513.1499996,21.38273765659443,0.0,0.1349617536793948,1.0089377617887754,0.0,21.38273765659443,0.021260560724804582,17.187274805288222,12.45575889287683,1.05926567326213,0.3043644991970855,0.0,0.006108911183467609,0.008244118274755274,0.0,0.002843944065033025,41.23882147972544,1.0,0.1842105263157895,0.9765707323837182,0.29718770760199403,0.3064731449723861,0.029309640522875817,0.18875719414211636,0.0,0.32936285698382217,0.39947756859152206,0.16297608851751905,Banks—Regional,Financial Services,WAFD
2016Q1,2016,Q1,2016-02-08,2015-12-31,35098000.0,117504000.0,0.0,0.38,117504000.0,1.0,14684899000.0,1970240000.0,0.0,0.0,12714659000.0,0.0,852816000.0,2215864911.14,3837905911.14,21.188484444137494,0.0,0.1312913354051669,0.9785609874939094,0.0,21.188484444137494,0.017814073412376157,18.857782808585238,15.783412951877597,1.124667508090385,0.3429255228218132,0.0,0.0054317390647283725,0.008001689354485857,0.0,0.002390074320565637,43.54053507702586,1.0,-0.15555555555555556,0.7303017894831904,0.30174572274275663,0.2958923067788506,-0.01460019288020462,-0.17412584121605723,0.0,0.1339877441117827,0.33424952659365403,0.17301231475518275,Banks—Regional,Financial Services,WAFD
2015Q4,2015,Q4,2015-12-03,2015-09-30,42498000.0,119245000.0,0.0,0.45,119245000.0,1.0,14568324000.0,1955679000.0,0.0,0.0,12612645000.0,0.0,829754000.0,2129258108.25,3675209108.25,20.895398767116564,0.0,0.12561499867795362,0.9357363861860766,0.0,20.895398767116564,0.021730560076576984,17.856162591722924,12.525637137335876,1.088756441241124,0.28504870817450234,0.0,0.0056893055628452135,0.008185224326422175,0.0,0.0029171509365112968,36.82117537223097,1.0,0.09756097560975618,2.198625117997399,6.207370642597049,0.27619921313087703,-0.008909796620593931,0.08829705505761844,0.0,0.3611368466363561,0.42210270093587465,0.17153053850835265,Banks—Regional,Financial Services,WAFD
2015Q3,2015,Q3,2015-08-07,2015-06-30,39050000.0,120317000.0,0.0,0.41,120317000.0,1.0,14370496000.0,1959121000.0,0.0,0.0,12411375000.0,0.0,799370000.0,2205793335.4,3586243335.4,20.738785731123123,0.0,0.12038554549543731,0.88304908170552,0.0,20.738785731123123,0.019932408462774887,18.33318097525703,14.121596257362356,1.1259096989925585,0.31218950064020484,0.0,0.005526809698964512,0.008372501547615336,0.0,0.002717373151212039,365.13711892070853,1.0,-0.023809523809523832,2.6700546808784518,0.3715885192512447,0.27059746393729234,0.048779212175626085,-0.0324818512920889,0.0,0.256440399318208,0.3595376532495576,0.14649734070176446,Banks—Regional,Financial Services,WAFD
2015Q2,2015,Q2,2015-05-08,2015-03-31,40361000.0,114721000.0,0.0,0.42,114721000.0,1.0,14611019000.0,1968140000.0,0.0,0.0,12642879000.0,0.0,772511000.0,2101421245.6299999,3256357245.63,20.422032369399652,0.0,0.12524793787483268,0.9298119036247422,0.0,20.422032369399652,0.02050717936732143,18.317668479441426,13.016409687755505,1.0677193927413702,0.30839176432694926,0.0,0.005923134176873911,0.00785167687482988,0.0,0.002762367224353072,81.25202975795537,1.0,0.07692307692307684,-0.42646092363063554,-0.2883435044234772,0.26412502675878363,0.06654704684696411,0.050876142369880493,0.0,0.3176802939081916,0.16398269450730968,0.14735458940678306,Banks—Regional,Financial Services,WAFD
2015Q1,2015,Q1,2015-02-10,2014-12-31,38407000.0,107563000.0,0.0,0.39,107563000.0,1.0,14494756000.0,1981339000.0,0.0,0.0,12513417000.0,0.0,734397000.0,2173976848.85,3461207848.85,20.18727056510071,0.0,0.12625255644179179,0.9236178160324912,0.0,20.18727056510071,0.01938436582533327,20.21119575365135,14.150915515726298,1.0972260924808928,0.3738641393495977,0.0,0.006604946141719811,0.007420821709589316,0.0,0.002649716904513605,133.53666147727273,1.0,-0.04878048780487796,4.557585172781579,0.1267339962461758,0.30821595156300624,-0.052233216730842094,-0.05310519957594734,0.0,0.26284138391695616,0.09071876488487866,0.13961015027492465,Banks—Regional,Financial Services,WAFD
2014Q4,2014,Q4,2014-11-26,2014-09-30,40561000.0,113491000.0,0.0,0.41,113491000.0,1.0,14756041000.0,1973283000.0,0.0,0.0,12782758000.0,0.0,706149000.0,2022174338.3999999,3170331338.3999996,19.86774390173915,0.0,0.13079388977029816,0.9780654878190305,0.0,19.86774390173915,0.020555085104366683,17.817926869972066,12.463785029954881,1.0247766480530163,0.2631098838786026,0.0,0.0052774876020056614,0.007691155100477153,0.0,0.0027487725196751623,32.234618755678824,1.0,0.10810810810810806,3.77703885688719,0.3971119528898147,0.27885334227398706,0.01921850724286266,0.06992877868636244,0.0,0.4361862358451866,0.12810856383875416,0.12383948225823599,Banks—Regional,Financial Services,WAFD
2014Q3,2014,Q3,2014-08-11,2014-06-30,37910000.0,111351000.0,0.0,0.37,111351000.0,1.0,14789955000.0,1990635000.0,0.0,0.0,12799320000.0,0.0,679860000.0,2264963882.17,3333659882.17,19.713313488788224,0.0,0.1304939737815294,0.969539870443351,0.0,19.713313488788224,0.01904417434637691,20.34075924033013,14.936453984238987,1.1378097351699332,0.29071485096280664,0.0,0.0048658612557835055,0.007528826152615069,0.0,0.0025632261896672438,998.221190907889,1.0,-0.026315789473684233,4.47905442071427,0.02403775480366684,0.24505570455629577,0.037386573254578996,-0.01932379646635797,0.0,0.3854603693944574,0.11019522313855704,0.17791302149216498,Banks—Regional,Financial Services,WAFD
2014Q2,2014,Q2,2014-05-09,2014-03-31,38657000.0,107338000.0,0.0,0.38,107338000.0,1.0,14364599000.0,1980683000.0,0.0,0.0,12383916000.0,0.0,652971000.0,2376922868.1,3698686868.1,19.415823087641908,0.0,0.13435808406485972,0.9744113520437142,0.0,19.415823087641908,0.019517004992722208,22.14428131789301,15.371878754818015,1.2000521376212145,0.2636779884626329,0.0,0.004288317528850991,0.007472397941634152,0.0,0.002691129769790302,162.12556224677715,1.0,-0.025641025641025664,2.0278456572892907,-0.03677175961272014,0.06689203527396283,0.031104707012487992,-0.0392434635649667,0.0,0.6475678840324409,0.035704754972247545,0.18629578021858406,Banks—Regional,Financial Services,WAFD
2014Q1,2014,Q1,2014-02-07,2013-12-31,40236000.0,104100000.0,0.0,0.39,104100000.0,1.0,14404373000.0,1952984000.0,0.0,0.0,12451389000.0,0.0,624507000.0,2383255871.62,3345907871.62,19.08523457411307,0.0,0.13398708850430352,0.9882313423970703,0.0,19.08523457411307,0.02060231932263654,22.893908468972143,14.807982103216025,1.2203151032573742,0.2529824038174769,0.0,0.004271047906023159,0.007226971975802071,0.0,0.0027933183901860913,56.397744134128445,1.0,-0.04878048780487796,0.6074152264216409,-0.04644550658767622,0.06142137753621831,-0.02414788705988226,-0.062250914769151885,0.0,0.8024878321418301,0.04795417666627781,0.16725708829570923,Banks—Regional,Financial Services,WAFD
2013Q4,2013,Q4,2013-11-26,2013-09-30,42907000.0,106676000.0,0.0,0.41,106676000.0,1.0,13082859000.0,1937635000.0,0.0,0.0,11145224000.0,0.0,594450000.0,2138231699.56,3864668699.56,18.73992037824786,0.0,0.14752127191770545,0.9960596293935648,0.0,18.73992037824786,0.02214400544994284,20.044168318647117,12.458524830214182,1.1035265669540446,0.2606800755121542,0.0,0.005230957899605371,0.008153875234763288,0.0,0.003279634825996367,61.183235079546755,1.0,0.13888888888888887,1.9279809265885015,0.03220624230862747,0.23697288900993613,0.06916562265096467,0.14915099898227008,0.0,1.923248132255417,4.836413867016225,0.14455205700558393,Banks—Regional,Financial Services,WAFD
2013Q3,2013,Q3,2013-08-08,2013-06-30,37338000.0,99775000.0,0.0,0.36,99775000.0,1.0,13012483000.0,1922892000.0,0.0,0.0,11089591000.0,0.0,561787000.0,2032889220.8,3316032220.8,18.463795988464618,0.0,0.14831911788088406,1.0036965154569264,0.0,18.463795988464618,0.019417627199031458,20.374735362565772,13.61139603620976,1.0572040555579822,0.20675986930205154,0.0,0.0037975507573216214,0.0076676372987384495,0.0,0.002869398561366036,90.90007247361831,1.0,0.058823529411764594,-0.051084313807046026,-0.04666849641726009,0.1845480555321713,0.007126346283903138,0.03780087831452554,0.0,2.1830728893358513,0.031721827259359445,0.1312162950018675,Banks—Regional,Financial Services,WAFD
2013Q2,2013,Q2,2013-05-08,2013-03-31,35978000.0,99069000.0,0.0,0.34,99069000.0,1.0,13115833000.0,1934350000.0,0.0,0.0,11181483000.0,0.0,533950000.0,1821124359.2099998,2969065359.21,18.386222956528414,0.0,0.1471503944888594,0.9977511825677876,0.0,18.386222956528414,0.018599529557732572,18.38238358326015,12.654430201859467,0.9414657943029958,0.04669520262382567,0.0,0.0009225070168897091,0.007553389860941353,0.0,0.002743096835709939,39.16564925824766,1.0,0.030303030303030328,-0.1546505623899732,-0.04357144540108749,0.17094478270882182,-0.013168511121514877,0.01972677285868148,0.0,-0.5316693252146835,-0.43703711319546157,0.13810830217569106,Banks—Regional,Financial Services,WAFD
2013Q1,2013,Q1,2013-02-05,2012-12-31,35282000.0,100391000.0,0.0,0.33,100391000.0,1.0,13106842000.0,1914678000.0,0.0,0.0,11192164000.0,0.0,507372000.0,1788189364.0800002,3030891364.08,18.06330946198097,0.0,0.14343653490291558,0.9818883384046821,0.0,18.06330946198097,0.018427119338081912,17.812247752089334,12.67069159968256,0.9339373848135301,0.48891786179921776,0.0,0.009646629348382741,0.007659434667786489,0.0,0.002691876502364185,36.972033330852256,1.0,0.0,-0.117559228238866,0.19127986374238337,0.17926321428499997,0.05204086979303118,-0.0070359112912304405,0.0,3.7272840304780313,-0.026275647901406792,0.1705747688860285,Banks—Regional,Financial Services,WAFD
2012Q4,2012,Q4,2012-11-21,2012-09-30,35532000.0,95425000.0,0.0,0.33,95425000.0,1.0,12472944000.0,1899752000.0,0.0,0.0,10573192000.0,0.0,480780000.0,1736150881.2,2864720881.2,17.83598299854954,0.0,0.1507262439404843,0.9896028534250786,0.0,17.83598299854954,0.018703493929733986,18.193878765522662,12.215403588314759,0.9138829074531833,0.19278396937971407,0.0,0.003945509617957506,0.0076505594829897414,0.0,0.002848726010475153,-40.21194860914881,1.0,0.0,-0.13744205516309058,0.1198437761888651,0.1855387961512454,-0.04694132334581773,0.010493985154850269,0.0,2.902210868291949,0.09540044907809364,0.14807230167892482,Banks—Regional,Financial Services,WAFD
2012Q3,2012,Q3,2012-08-07,2012-06-30,35163000.0,100125000.0,0.0,0.33,100125000.0,1.0,13465349000.0,1933281000.0,0.0,0.0,11532068000.0,0.0,453783000.0,1805154421.68,3598534421.6800003,18.08882148686802,0.0,0.20475859927581527,1.426148604367394,0.0,18.08882148686802,0.01818825095782765,18.029007956853935,12.834189500895828,0.9337258379304406,0.24178824332394847,0.0,0.004709846369867603,0.007435752315071819,0.0,0.002611369374830166,26.457289740139824,1.0,0.03125000000000003,-0.159709039749614,0.14426576003819838,0.22202540011259095,-0.08670072060567363,0.03205071761908955,0.0,3.8015897150538067,-0.13001518227106618,0.14245585318442203,Banks—Regional,Financial Services,WAFD
2012Q2,2012,Q2,2012-05-08,2012-03-31,34071000.0,109630000.0,0.0,0.32,109630000.0,1.0,13564108000.0,1908057000.0,0.0,0.0,11656051000.0,0.0,427123000.0,1804156292.07,4473850292.07,17.799233609165636,0.0,0.26246038442041303,1.86579384158859,0.0,17.799233609165636,0.017856384793536042,16.45677544531606,13.238210590164655,0.9455463291033758,0.2512694080009392,0.0,0.004745154307101372,0.008082359709904993,0.0,0.0025118496549865277,72.3630792583828,1.0,0.03225806451612906,-0.16875042725313177,0.3092195575420604,0.2037866114376766,0.011720191952750092,0.019540367466634748,0.0,1.5395665218219612,-0.06378790232590369,-0.021938936820740936,Banks—Regional,Financial Services,WAFD
2012Q1,2012,Q1,2012-02-07,2011-12-31,33418000.0,108360000.0,0.0,0.31,108360000.0,1.0,13649716000.0,1910387000.0,0.0,0.0,11739329000.0,0.0,401613000.0,1508751703.89,3359708703.8900003,17.71418985714601,0.0,0.2022656002513166,1.4451878074965963,0.0,17.71418985714601,0.0174927907277426,13.92351147923588,11.286968878224311,0.789762338149286,0.25486264887186544,0.0,0.005645064047345034,0.007938626708423824,0.0,0.00244825606628006,16.230117296579174,1.0,0.10714285714285703,-0.18701744061624243,0.33829834861567376,0.21252304665072969,-0.008028415280536815,0.08974108132785495,0.0,0.2667615045295961,-0.05818650746060227,-0.014828991118973317,Banks—Regional,Financial Services,WAFD
2011Q4,2011,Q4,2011-11-18,2011-09-30,30666000.0,109237000.0,0.0,0.28,109237000.0,1.0,13440749000.0,1906533000.0,0.0,0.0,11534216000.0,0.0,376712000.0,1373945440.14,3320009440.1400003,17.67845338714834,0.0,0.2054994107843246,1.448737577581925,0.0,17.67845338714834,0.016084694049355558,12.577656289901775,11.200885672568967,0.720651276500328,0.17821039587817125,0.0,0.003977596082303776,0.008127300048531521,0.0,0.002281569278616839,37.000658178439664,1.0,0.03703703703703707,-0.294040135723147,0.2923526017990668,0.22624263950785356,-0.01061507666947441,0.018093688788552838,0.0,1.635875659733303,0.013383183576237198,0.1669082428392346,Banks—Regional,Financial Services,WAFD
2011Q3,2011,Q3,2011-08-09,2011-06-30,30121000.0,110409000.0,0.0,0.27,110409000.0,1.0,13323340000.0,1860322000.0,0.0,0.0,11463018000.0,0.0,352610000.0,1826330113.22,3831167113.2200003,16.735797235534125,0.0,0.19987458099845834,1.4314710034069371,0.0,16.735797235534125,0.016191283014445886,16.54149673686022,15.15827921732346,0.9817279552787097,0.22283456724544337,0.0,0.0036751296774963,0.008286886021072795,0.0,0.002260769446700302,35.40360007017408,1.0,0.1739130434782609,-0.32900352129200583,0.2848027767065784,0.20111556315637366,-0.032060386092262375,0.1663956009913259,0.0,-0.28280352924508956,-0.011631563036592086,0.07368799381871621,Banks—Regional,Financial Services,WAFD
2011Q2,2011,Q2,2011-05-10,2011-03-31,25824000.0,114066000.0,0.0,0.23,114066000.0,1.0,13388805000.0,1837641000.0,0.0,0.0,11551164000.0,0.0,329201000.0,1946914790.82,3698494790.8199997,16.3667640156862,0.0,0.19893791865666877,1.4494349005055938,0.0,16.3667640156862,0.014052799213774617,17.068318261532795,18.84792045016264,1.0594641667333282,0.26057156133828996,0.0,0.003456237546567657,0.008519505661632983,0.0,0.001928775570336561,22.114482278334354,1.0,0.0454545454545455,-0.4470667303316375,0.28844439739025046,0.1764169655346406,0.04494320263832906,0.05275173257236038,0.0,-0.4314515918306281,0.03184781992420136,0.04233354394244728,Banks—Regional,Financial Services,WAFD
2011Q1,2011,Q1,2011-02-09,2010-12-31,24530000.0,109160000.0,0.0,0.22,109160000.0,1.0,13427392000.0,1838600000.0,0.0,0.0,11588792000.0,0.0,310106000.0,1902640041.0000002,3723830041.0,16.350497902719162,0.0,0.19840621320953467,1.4489709561622974,0.0,16.350497902719162,0.013341673012074404,17.42982815133749,19.390950275173257,1.0348308718590233,0.27684467998369344,0.0,0.0035692510688625835,0.008129650195659737,0.0,0.0018268625806113353,25.572775110549593,1.0,0.5714285714285713,-0.47322941915158023,0.253581107625632,0.19064710427866696,4.491498138645739,0.5366785691912548,0.0,-0.421674862637371,0.221025401865621,0.06744230632287346,Banks—Regional,Financial Services,WAFD
2010Q4,2010,Q4,2010-11-16,2010-09-30,15963000.0,19878000.0,0.0,0.14,19878000.0,1.0,13486379000.0,1841147000.0,0.0,0.0,11645232000.0,0.0,292367000.0,1718223394.0,2695149394.0,16.373148135591034,0.0,0.1383283088811311,1.0132531514322323,0.0,16.373148135591034,0.00867013877762069,86.43844420967905,26.909468677566874,0.9332353114661676,0.3521267932092965,0.0,0.0032714023215074444,0.0014739315868254927,0.0,0.001183638692046249,18.239776161864928,1.0,0.2727272727272728,-0.6396876277451088,-0.7552670368012827,0.20367510700074373,-0.8096688018843535,0.2601041995579413,0.0,-0.6329487333571918,-0.7790410764596708,0.08830572060161455,Banks—Regional,Financial Services,WAFD
2010Q3,2010,Q3,2010-08-06,2010-06-30,12668000.0,104439000.0,0.0,0.11,104439000.0,1.0,13709895000.0,1835747000.0,0.0,0.0,11874148000.0,0.0,282025000.0,1819767916.8999999,3558268916.8999996,16.322073921711088,0.0,0.2091514194674722,1.562003914482769,0.0,16.322073921711088,0.006900733053084113,17.424218126370416,35.91269176073571,0.9912955962341216,0.44371645089990525,0.0,0.0030888554237044974,0.007617782630720367,0.0,0.000924004159039876,14.425886804972015,1.0,-0.8493150684931507,-0.7184143124839152,0.20975780186497933,0.19133771904723518,-0.4447510287409487,-0.845721036158371,0.0,-0.7123270355776365,0.13421216659454183,0.1026693435681539,Banks—Regional,Financial Services,WAFD
2010Q2,2010,Q2,2010-05-10,2010-03-31,82111000.0,188094000.0,0.0,0.73,188094000.0,1.0,13802712000.0,1816638000.0,0.0,0.0,11986074000.0,0.0,274978000.0,2284984020.32,4237994020.32,16.155073222275917,0.0,0.20813554611586477,1.581402018453869,0.0,16.155073222275917,0.04519942883502382,12.148096272714707,6.956997297317046,1.2578092169821395,0.0684195783756135,0.0,0.0024586605201787053,0.013627321934993645,0.0,0.005948903374930955,-347.05103589307413,1.0,9.428571428571427,0.5536171997042478,0.8817426236105574,0.2248093496445486,0.7211800662506177,9.37934521552269,0.0,0.9097585961566723,1.1413545970024983,0.09258978666119604,Banks—Regional,Financial Services,WAFD
2010Q1,2010,Q1,2010-01-27,2009-12-31,7911000.0,109282000.0,0.0,0.07,109282000.0,1.0,12662466000.0,1733750000.0,0.0,0.0,10928716000.0,0.0,198485000.0,2172925218.94,4110599218.94,15.431145401477282,0.0,0.22701004685817122,1.6579708723864455,0.0,15.431145401477282,0.0045629416005767845,19.883651643820574,68.66784284350904,1.2533094269300649,0.7066110479079762,0.0,0.0025725689735088646,0.008630388425129828,0.0,0.000624759821665069,90.20029966542134,1.0,-0.1764705882352941,-0.8301997601138624,0.2471687106684574,0.18765410911339445,0.18924389500718233,-0.17636647579385736,0.0,-0.8152672449500789,0.2955206168560788,0.05625036123013301,Banks—Regional,Financial Services,WAFD
2009Q4,2009,Q4,2009-11-02,2009-09-30,9605000.0,91892000.0,0.0,0.085,91892000.0,1.0,12582475000.0,1745485000.0,0.0,0.0,10836990000.0,0.0,196164000.0,1894287557.613941,3474829557.613941,15.53559211598995,0.0,0.16522425039588792,1.1910328647911612,0.0,15.53559211598995,0.005502768571485862,20.614281521938157,49.304725601612205,1.085249977865144,1.0786048932847476,0.0,0.005469074617715134,0.007303173660190066,0.0,0.0007633633287568622,25.10686102683854,1.0,1.8333333333333337,-0.7626483345883965,0.1458437043799321,0.21268482305142897,-0.030797789309370122,0.5920769103265374,0.0,-0.7877576736325268,0.04351983717070322,0.0776058892390405,Banks—Regional,Financial Services,WAFD
2009Q3,2009,Q3,2009-08-10,2009-06-30,6033000.0,94812000.0,0.0,0.03,94812000.0,1.0,12042618000.0,1394081000.0,0.0,0.0,10648537000.0,0.0,191558000.0,1144617851.0,3866285851.0,15.833278315698747,0.0,0.23978996925751528,2.0713997249801124,0.0,15.833278315698747,0.004327582113234453,12.072499799603426,47.43153700480689,0.8210554845808816,1.0560251947621415,0.0,0.005566049834391408,0.007873038902338345,0.0,0.0005009708021960009,28.418647143531047,1.0,-0.7000000000000001,-0.8325071257071979,0.42939001510273755,0.23627486389008126,-0.013926012209961414,-0.4523420479302832,0.0,-0.8303285644072931,0.39289972335860784,0.13634246000502231,Banks—Regional,Financial Services,WAFD
2009Q2,2009,Q2,2009-05-11,2009-03-31,11016000.0,96151000.0,0.0,0.1,96151000.0,1.0,12262172000.0,1601858000.0,0.0,0.0,10660314000.0,0.0,195429000.0,1169805509.07,4098579509.0699997,18.198489112027346,0.0,0.24590692415666654,1.882409676762859,0.0,18.198489112027346,0.006877014067414216,12.16633741791557,26.547873753404136,0.7302804050483874,0.2654320987654321,0.0,0.002499560805047492,0.007841269882692887,0.0,0.0008983726537190965,61.051380881477996,1.0,-0.5652173913043478,-0.6642283136041021,0.5535965090284862,0.45357303849320646,0.024550598314277493,-0.4880565108281439,0.0,-0.6991276305892619,0.38539126340180846,0.3080784520365556,Banks—Regional,Financial Services,WAFD
2009Q1,2009,Q1,2009-02-09,2008-12-31,21518000.0,93847000.0,0.0,0.23,93847000.0,1.0,12521883000.0,1581707000.0,0.0,0.0,10940176000.0,0.0,189943000.0,1315975967.68,4706556967.68,17.98082738677631,0.0,0.2829946582315136,2.240380803777185,0.0,17.98082738677631,0.01360428954287994,14.022568304580862,15.289245836973697,0.8319973090338477,0.21159029649595687,0.0,0.0034597896252062353,0.007494639584158389,0.0,0.001718431644825303,29.852909751826143,1.0,1.5146910734665562,-0.4150477844654767,0.36211084113980013,0.31869578546946403,0.06735285754904749,1.547016803518316,0.0,-0.4093016249302978,0.37768272983027984,0.30936808089736384,Banks—Regional,Financial Services,WAFD
2008Q4,2008,Q4,2008-11-28,2008-09-30,-39337000.0,87925000.0,0.0,-0.44687,87925000.0,1.0,11796425000.0,1332674000.0,0.0,0.0,10463751000.0,0.0,174327000.0,1622978470.566308,4716286470.566308,15.149823043613472,0.0,0.2692263122089955,2.383109447621849,0.0,15.149823043613472,-0.029517346327759077,18.458668985684483,-10.31457959787419,1.2178360728627615,-0.4686427536416097,0.0,0.01135874587021937,0.007453529353172677,0.0,-0.0033346543550270527,46.060235854419005,1.0,-2.1759736842105264,-2.022942890069194,0.27821644307962684,0.12644428816033842,-0.003389100471527022,-2.185956766860623,0.0,-2.135025989267655,0.383795991132834,0.11374212961675613,Banks—Regional,Financial Services,WAFD
2008Q3,2008,Q3,2008-08-11,2008-06-30,33169000.0,88224000.0,0.0,0.38,88224000.0,1.0,11795247000.0,1368394000.0,0.0,0.0,10426853000.0,0.0,232099000.0,1588990963.6000001,4635665963.6,15.587207207198997,0.0,0.26423745089865436,2.277667104649684,0.0,15.587207207198997,0.024239363808961453,18.01086964544795,11.97647625493684,1.161208660371209,0.5556995990231843,0.0,0.011599814235721434,0.007479622936255595,0.0,0.002812064893596548,35.974438840842204,1.0,-0.050000000000000044,-0.12083264895070546,0.2679803036080838,0.3154276425685018,0.02249574076005702,-0.06439693106171725,0.0,-0.05544003434759373,0.3092334882365258,0.13770026833663385,Banks—Regional,Financial Services,WAFD
2008Q2,2008,Q2,2008-05-12,2008-03-31,35452000.0,86283000.0,0.0,0.4,86283000.0,1.0,11739249000.0,1376064000.0,0.0,0.0,10363185000.0,0.0,217362000.0,2001606148.64,5059859148.64,15.702040974122095,0.0,0.2660859310506149,2.269988169154923,0.0,15.702040974122095,0.02576333658899586,23.19815199564225,14.114902887284215,1.454587976024371,0.520788672007221,0.0,0.009224092368293715,0.007349959098746436,0.0,0.00301995468364288,227.89549682796311,1.0,0.05263157894736847,-0.0935375362743026,0.17470049937226528,0.34273968998233456,0.23870161938670034,0.07274267731784072,0.0,-0.139283047785949,0.10761149331765245,0.19046235996553068,Banks—Regional,Financial Services,WAFD
2008Q1,2008,Q1,2008-02-04,2007-12-31,33048000.0,69656000.0,0.0,0.38,69656000.0,1.0,10576641000.0,1342031000.0,0.0,0.0,9234610000.0,0.0,200373000.0,1849542140.394498,4821675140.394498,15.31745351094747,0.0,0.2863774992457435,2.2569612773475427,0.0,15.31745351094747,0.02462536260339739,26.552517233181607,13.991331853625773,1.378166480799995,0.5554950375211813,0.0,0.009925699771341426,0.00658583382001904,0.0,0.0031246215126333587,35.769666397093204,1.0,-0.025641025641025664,-0.2264247540398656,-0.14506183702325587,0.20032608751276906,-0.00624875167632037,-0.024701195219123506,0.0,-0.09037072167110094,0.01940659094016013,0.178903842205296,Banks—Regional,Financial Services,WAFD
2007Q4,2007,Q4,2007-11-28,2007-09-30,33885000.0,70094000.0,0.0,0.39,70094000.0,1.0,10285417000.0,1318127000.0,0.0,0.0,8967290000.0,0.0,185683000.0,2313898892.18,4013499892.18,15.044621952864468,0.0,0.17121124014709369,1.3359706614006086,0.0,15.044621952864468,0.025706931122721863,33.01136890718178,17.071704974029807,1.7554445756592498,0.5412719492400767,0.0,0.007926448325804048,0.0068148914137365554,0.0,0.003294470219340645,73.28030441411198,1.0,0.0,-0.20273001740377097,-0.13751722229626537,0.19207417036353758,-0.02170302446649639,-0.011090033561943675,0.0,0.07377858371181814,0.1208328652972732,0.174360434708319,Banks—Regional,Financial Services,WAFD
2007Q3,2007,Q3,2007-08-08,2007-06-30,34265000.0,71649000.0,0.0,0.39,71649000.0,1.0,9986125000.0,1295416000.0,0.0,0.0,8690709000.0,0.0,170139000.0,2127473493.5756612,4674980493.575661,14.802328564693838,0.0,0.2621504337267959,2.020869743773429,0.0,14.802328564693838,0.026450962470742988,29.69299632340523,15.52220555651292,1.6423091065539264,0.5339851160075879,0.0,0.008600342168892591,0.007174855111467161,0.0,0.003431260874463318,62.840747114921314,1.0,0.026315789473684233,-0.08572947053210357,-0.020884030505822344,0.32730733844969284,0.047423433959505885,0.023355135441866022,0.0,-0.042912395119093324,0.0867646793094643,0.15577749387686043,Banks—Regional,Financial Services,WAFD
2007Q2,2007,Q2,2007-05-07,2007-03-31,33483000.0,68405000.0,0.0,0.38,68405000.0,1.0,9877795000.0,1294830000.0,0.0,0.0,8582965000.0,0.0,154171000.0,2054418645.688869,4315145645.688869,14.786037193010559,0.0,0.2500787878266354,1.907761636662728,0.0,14.786037193010559,0.025858993072449665,30.03316491029704,15.339266535920236,1.5866319483552815,0.535316429232745,0.0,0.008724609289159701,0.006925128533240465,0.0,0.0033897241236531027,76.82941831297191,1.0,0.0,-0.09123115314089929,-0.05631765058450514,0.39810245109207415,0.040237838166638784,0.00296549245147376,0.0,0.025822522745997306,0.11096403829117461,0.18100930674038826,Banks—Regional,Financial Services,WAFD
2007Q1,2007,Q1,2007-02-01,2006-12-31,33384000.0,65759000.0,0.0,0.38,65759000.0,1.0,9150828000.0,1279589000.0,0.0,0.0,7871239000.0,0.0,138612000.0,,,,,,,,,,,,,,,,,,,,,,,,,,,,,,,Banks—Regional,Financial Services,WAFD
