Year,Date,FillingDate,NetIncome,Revenue,OperatingIncome,EPSDiluted,GrossProfit,GrossProfitRatio,TotalAssets,CommonStockEquity,CurrentAssets,CurrentLiability,TotalLiability,Inventory,RetainedEarnings,EnterpriseValue,bookValuePerShare,currentRatio,debtToAssets,debtToEquity,roic,shareholdersEquityPerShare,roe,priceToSalesRatio,peRatio,pbRatio,payoutRatio,inventoryTurnover,dividendYield,assetTurnover,quickRatio,returnOnAssets,priceToFreeCashFlowsRatio,grossProfitMargin,epsdilutedGrowth,fiveYNetIncomeGrowthPerShare,fiveYRevenueGrowthPerShare,fiveYShareholdersEquityGrowthPerShare,grossProfitGrowth,netIncomeGrowth,operatingIncomeGrowth,threeYNetIncomeGrowthPerShare,threeYRevenueGrowthPerShare,threeYShareholdersEquityGrowthPerShare,Industry,Sector,Price,MarketCap,AvgVolume,Symbol
2022,2022-12-31,2023-03-01,33608000.0,1430061000.0,46363000.0,0.59,165715000.0,0.1158796723,2433907000.0,332995000.0,367184000.0,466723000.0,1942455000.0,0.0,-82622000.0,2445637516.88,5.915353817368365,0.7867278878478241,0.6218265529455316,4.545017192450337,0.01445769435770044,5.915353817368365,0.100926440336942,0.7412295817311289,31.54021414187098,3.1832415408039156,0.0,0.0,0.0,0.5875577826104285,0.6709804316478939,0.013808251506733824,-10.291795882130199,0.11587967226572853,-0.2891566265060241,527.0859284578048,0.2914388127929444,3.50481434953602,-0.1360145566023472,-0.2416796407861188,-0.43839184049228386,0.2652160989109027,0.09335461623381515,0.9372011794015983,Diagnostics & Research,Healthcare,31.7,2125710070,539659,RDNT
2021,2021-12-31,2022-03-01,44319000.0,1315077000.0,82554000.0,0.83,191803000.0,0.1458492545,2058474000.0,228904000.0,324264000.0,374784000.0,1712317000.0,0.0,-93272000.0,2843858004.69,4.36035201388644,0.8652023565573771,0.6790413675373116,6.106442001887254,0.027376393197621935,4.36035201388644,0.1936139167511271,1.2019638429460784,35.66585447979422,6.905405780108691,0.0,0.0,0.0,0.6388601459139148,0.7338947233606558,0.02153002661194652,-22.199244490337623,0.1458492544543019,25.127906976744185,4.399791402082305,0.30966881932814616,3.158745581742011,0.8105212482772942,26.339622641509433,0.550834084761046,0.259785557179015,0.23601475272802616,0.649540633200214,Diagnostics & Research,Healthcare,31.7,2125710070,539659,RDNT
2020,2020-12-31,2021-03-16,-1749000.0,1071840000.0,53232000.0,-0.0344,105938000.0,0.0988375131,1786657000.0,165743000.0,270424000.0,398114000.0,1528354000.0,0.0,-117999000.0,2078849330.3000002,3.256772850787917,0.6792627237424457,0.663202282251154,7.149110369668704,0.05790080704521746,3.256772850787917,-0.01055248185443729,0.9291986959807434,-569.4410121783876,6.009015948184841,0.0,0.0,0.0,0.5999136935628943,0.5964095711278679,-0.0009789232068606341,9.19436799819058,0.09883751306165099,-1.073191489361702,-1.1952880162735728,0.13953658080828688,3.3793326766248644,-0.31425945225164575,-1.0746160409556313,-0.23821517501931938,-31.399118895208833,0.07067704532099044,1.4801825088352323,Diagnostics & Research,Healthcare,31.7,2125710070,539659,RDNT
2019,2019-12-31,2020-03-16,23440000.0,1154179000.0,69878000.0,0.47,154487000.0,0.133850122,1645607000.0,151685000.0,241836000.0,326049000.0,1412468000.0,2041000.0,-103159000.0,2149304617.4,3.0535567912443757,0.7417167358280504,0.717710850768136,7.786333520123941,0.030309772720833014,3.0535567912443757,0.15453077100570262,0.8736943033966135,43.02046149317406,6.647985083561328,0.0,489.8049975502205,0.0,0.7013697681159596,0.6016580329950406,0.014243984134729616,334.01775998675055,0.13385012203479704,-0.28787878787878796,13.08406615082123,0.3298369096549361,22.388625986624287,0.43576613165549866,-0.273020500573768,1.262449006022146,2.0181431457359196,0.2147269582762255,1.912371701583584,Diagnostics & Research,Healthcare,31.7,2125710070,539659,RDNT
2018,2018-12-31,2019-03-18,32243000.0,975146000.0,30886000.0,0.66,107599000.0,0.11034142579675249,1109330000.0,127184000.0,208690000.0,239517000.0,909077000.0,0.0,-117915000.0,1151212176.75,2.6433735102524145,0.8712951481523232,0.6060225541543094,5.285877154359039,0.03766734773236067,2.6433735102524145,0.2535145930305699,0.5017937588320108,15.176074706137765,3.8473564029280416,0.0,0.0,0.0,0.8790405019245852,0.667606057190095,0.029065291662535044,-17.09840578482074,0.11034142579675249,589.339892665474,11.372338216064875,0.12843141645128123,1294.2863501320553,-0.10191221026800991,607.3584905660377,-0.3828971028971029,2.8079830625194724,0.0965835704056622,2.5545039584729765,Diagnostics & Research,Healthcare,31.7,2125710070,539659,RDNT
2017,2017-12-31,2018-03-19,53000.0,922186000.0,50050000.0,0.001118,119809000.0,0.1299184763160577,868979000.0,61560000.0,235351000.0,191606000.0,799054000.0,0.0,-150158000.0,1031300827.5,1.3131182238348236,1.2283070467521895,0.7009686079870745,9.894850552306693,0.005812086945653137,1.3131182238348236,0.0008609486679662118,0.5134493773490381,8933.883537735848,7.691615131578947,0.0,0.0,0.0,1.0612293277513036,1.09173512311723,6.099111716163451e-05,8.887434117912045,0.1299184763160577,-0.9925466666666666,-0.9993384885917364,0.1474854554357387,19.81280808276527,0.10185406588555558,-0.9926694329183956,0.30067567567567566,-0.9662566520486847,0.12586311454033372,9.05778936273768,Diagnostics & Research,Healthcare,31.7,2125710070,539659,RDNT
2016,2016-12-31,2017-03-17,7230000.0,884535000.0,38480000.0,0.15,108734000.0,0.12292786605391533,849476000.0,48486000.0,217914000.0,155341000.0,797423000.0,0.0,-150211000.0,916369012.6,1.0484777027547765,1.4028105908935824,0.7519129439795827,13.173534628552572,0.035661978913215084,1.0484777027547765,0.1491152085137978,0.33721109125133547,41.25518846473029,6.1517760301942825,0.0,0.0,0.0,1.0412713249108863,1.2055799821038875,0.008511129213774138,11.583945496912502,0.12292786605391533,-0.11764705882352951,-0.1920591559193547,0.15319586944032143,1.5537231895305976,0.07297289296322246,-0.06213516668828642,-0.016284479893652375,1.8864990945987168,0.06496990505666218,513.9740069389909,Diagnostics & Research,Healthcare,31.7,2125710070,539659,RDNT
2015,2015-12-31,2016-03-15,7709000.0,809628000.0,39117000.0,0.17,101339000.0,0.12516736081262012,838435000.0,32577000.0,230522000.0,157652000.0,801974000.0,0.0,-164571000.0,911001806.9200001,0.7436687484765143,1.4622205871159262,0.7641951970039419,19.668109402339073,0.03345118498060862,0.7436687484765143,0.23663934677840193,0.3343755489187627,35.11737020625243,8.310151546182889,0.0,0.0,0.0,0.9656419400430564,1.0662979220054296,0.009194511202418792,-4.057611878475397,0.12516736081262012,4.666666666666667,1.5046313653663506,0.24172808542977403,1.332082625925094,-0.1181548421904505,4.602470930232558,-0.2661664009004784,-0.8970271482394927,0.0781455880102566,11.654408101489235,Diagnostics & Research,Healthcare,31.7,2125710070,539659,RDNT
2014,2014-12-31,2015-03-16,1376000.0,717569000.0,53305000.0,0.03,114917000.0,0.16014766524194884,740680000.0,5362000.0,192020000.0,133274000.0,732982000.0,0.0,-172280000.0,948038457.5799999,0.1305573398364946,1.440791152062668,0.8068356105200627,111.45225662066393,0.04000730094320706,0.1305573398364946,0.2566206639313689,0.48878708191128656,254.89713486918603,65.4118719843342,0.0,0.0,0.0,0.968797591402495,1.1262736917928478,0.0018577523356915267,35.658647578283855,0.16014766524194884,-0.4000000000000001,1.53273462034788,0.2010787814870193,1.0629045610837176,0.10146552798305393,-0.35094339622641507,0.22250762562209023,-0.8268624206525821,0.05337586933530886,1.0689500849097238,Diagnostics & Research,Healthcare,31.7,2125710070,539659,RDNT
2013,2013-12-31,2014-03-17,2120000.0,702986000.0,43603000.0,0.05,104331000.0,0.14841120591306228,722576000.0,-80000.0,176344000.0,118389000.0,720366000.0,0.0,-173656000.0,638578601.6,-0.002043919747535033,1.4895302773061687,0.8049340138615176,-7270.325,0.029964608459608976,-0.002043919747535033,-26.5,0.09298137032600932,30.83235924528302,-817.05752,0.0,0.0,0.0,0.9728886649985607,1.199528672427337,0.002933947432519209,6.180465355521936,0.14841120591306228,-0.9695121951219512,1.150731476712642,0.27772880983173265,0.9990998309102499,0.0016417050691244239,-0.9671404436040113,-0.03592907048730875,1.1553164534118538,0.20668265482695097,0.9990872949302602,Diagnostics & Research,Healthcare,31.7,2125710070,539659,RDNT
2012,2012-12-31,2013-03-18,64517000.0,647153000.0,45228000.0,1.64,104160000.0,0.16095111975066173,715119000.0,-2635000.0,155900000.0,118613000.0,717120000.0,0.0,-171093000.0,677555460.1,-0.06979916119156042,1.3143584598652762,0.8144196979803361,-221.02732447817837,-2.120420287798303,-0.06979916119156042,-24.484629981024668,0.14758559428759505,1.4803921462560254,-36.24685392789374,0.0,0.0,0.0,0.9049584754425487,1.0922580155632182,0.09021855103835866,-6.5097096578516895,0.16095111975066173,7.63157894736842,4.260668532260316,0.39377371792382265,0.9654225610749266,-0.266334206744992,7.922279076199696,-0.1072422573577308,28.1745119366819,0.1784465688236455,0.9663696763103056,Diagnostics & Research,Healthcare,31.7,2125710070,539659,RDNT
2011,2011-12-31,2012-03-13,7231000.0,619800000.0,50661000.0,0.19,141972000.0,0.22906098741529526,619188000.0,-70756000.0,152327000.0,122380000.0,688995000.0,0.0,-235610000.0,635964277.68,-1.893505135018081,1.2447050171596665,0.9025142606122858,-7.897930917519362,0.07330060990016118,-1.893505135018081,-0.10219628017411951,0.1284176793804453,11.007229661181025,-1.1248979263949346,0.0,0.0,0.0,1.0009883912478923,1.0695129923190063,0.011678197897892078,-2.835124231673434,0.22906098741529526,1.5428571428571431,1.3692023689668618,0.34856071471982375,0.06198646168950122,0.11294722649023235,1.562636165577342,0.3180954858852608,1.5385125337408248,0.17997537569664487,0.16607548027167918,Diagnostics & Research,Healthcare,31.7,2125710070,539659,RDNT
2010,2010-12-31,2011-03-11,-12852000.0,548537000.0,38435000.0,-0.35,127564000.0,0.2325531367984293,539514000.0,-82530000.0,111025000.0,105264000.0,621987000.0,0.0,-242841000.0,607873805.14,-2.239408780886536,1.0547290621675027,0.9352380105057515,-6.113825275657336,0.09047959647850785,-2.239408780886536,0.15572519083969466,0.18946179590437837,-8.086430527544351,-1.2592609371137768,0.0,0.0,0.0,1.0167243111392845,0.9188421492628059,-0.02382143929536583,-2.95389265099622,0.2325531367984293,-4.833333333333333,-0.06298909381343966,0.942656138224335,0.40276112613940035,0.007495162500493623,-4.669166299073666,-0.010860334045345754,0.33464235389166075,0.2101610669006697,-0.10936892403142155,Diagnostics & Research,Healthcare,31.7,2125710070,539659,RDNT
2009,2009-12-31,2010-03-15,-2267000.0,524368000.0,38857000.0,-0.06,126615000.0,0.24146210295059958,480671000.0,-74815000.0,107909000.0,98705000.0,555432000.0,0.0,-229989000.0,514756947.32,-2.0754828837091805,1.0932475558482346,0.9389270415731342,-6.032413286105728,0.10031594281031668,-2.0754828837091805,0.030301410145024393,0.14023729007109512,-32.43755947066608,-0.9829037936242733,0.0,0.0,0.0,1.0909083343908828,0.9920368775644598,-0.004716323639245971,1.848519326311556,0.24146210295059958,0.8333333333333334,0.5866718136141286,1.0589054158179498,0.3945725954761754,0.0746386467607642,0.8233873480835151,0.1922982509972384,0.8800100425038782,0.1827211812539978,-0.028162537004334964,Diagnostics & Research,Healthcare,31.7,2125710070,539659,RDNT
2008,2008-12-31,2009-03-16,-12836000.0,502118000.0,32590000.0,-0.36,117821000.0,0.2346480309409342,495572000.0,-81108000.0,108570000.0,106608000.0,576602000.0,0.0,-227722000.0,585945443.8,-2.270595347927837,1.0184038721296713,0.940892544372967,-5.748878039157666,0.08023266166321401,-2.270595347927837,0.1582581249691769,0.2383213583261305,-9.322642863820505,-1.4753839793855106,0.0,0.0,0.0,1.0132089787155045,0.9023713042173195,-0.025901382644701477,-9.30741571128568,0.2346480309409342,0.30769230769230776,0.4932996536492502,1.1045917467502537,0.3091781800359398,0.24126632954066582,0.2920412553085875,0.5397335349144855,-0.09532328394376217,0.8346377167445433,0.3944438281372236,Diagnostics & Research,Healthcare,31.7,2125710070,539659,RDNT
TTM,,,,,,,,,,,,,,,,3585283070.0,5.683081837872362,0.841682160813277,0.6422422060015683,4.728005440318125,0.011744056566521843,5.683081837872362,0.03409983313972565,1.4373997165380314,166.83104854979933,5.577959442489372,0.0,0.0,0.0,0.6125997227088372,0.7063488749653071,0.004541709454037975,-21.197535624894048,0.12015081907796421,,,,,,,,,,,Diagnostics & Research,Healthcare,31.7,2125710070,539659,RDNT
