Quarters,Year,Quarter,FillingDate,Date,NetIncome,Revenue,OperatingIncome,EPSDiluted,GrossProfit,GrossProfitRatio,TotalAssets,CommonStockEquity,CurrentAssets,CurrentLiability,TotalLiability,Inventory,RetainedEarnings,MarketCap,EnterpriseValue,bookValuePerShare,currentRatio,debtToAssets,debtToEquity,roic,shareholdersEquityPerShare,roe,priceToSalesRatio,peRatio,pbRatio,payoutRatio,inventoryTurnover,dividendYield,assetTurnover,quickRatio,returnOnAssets,priceToFreeCashFlowsRatio,grossProfitMargin,epsdilutedGrowth,fiveYNetIncomeGrowthPerShare,fiveYRevenueGrowthPerShare,fiveYShareholdersEquityGrowthPerShare,grossProfitGrowth,netIncomeGrowth,operatingIncomeGrowth,threeYNetIncomeGrowthPerShare,threeYRevenueGrowthPerShare,threeYShareholdersEquityGrowthPerShare,Industry,Sector,Symbol
2023Q1,2023,Q1,2023-05-05,2023-03-31,83378000.0,572143000.0,103680000.0,2.06,174238000.0,0.3045357542,2750472000.0,1375933000.0,1814937000.0,343403000.0,1181261000.0,-20673000.0,1819599000.0,4443283800.0,4560455800.0,35.729239158660086,5.285151847828936,0.2531790907160662,0.5061016779160031,0.03682862841323673,35.729239158660086,0.0605974273456629,7.766037162038161,13.322710427211016,3.2292879086409005,0.4940511885629303,-19.247569293281092,0.009270846035087833,0.20801629683923342,4.956747611407006,0.030314069730577153,-11.404878912717052,0.3045357541733448,-0.4011627906976744,-0.08390639240711847,0.3046138859517569,1.626832688735301,1.1791891761255244,-0.4063045165516701,-0.4898039524446894,1.7774395561031753,0.40523075085238014,0.7498585333463155,Capital Markets,Financial Services,EVR
2022Q4,2022,Q4,2023-02-24,2022-12-31,140439000.0,831340000.0,203216000.0,3.44,-972369000.0,-1.1696405803,3620923000.0,1536811000.0,1193335000.0,66775000.0,1894505000.0,-225484000.0,1768098000.0,4229795160.0,4131325160.0,39.63202413801996,17.870984649943843,0.18995709105109387,0.4475631681449443,0.05784178157933184,39.63202413801996,0.09138339067068103,5.087924507421753,7.529594984299234,2.752319680168869,0.20062091014604205,-7.999277110571039,0.006661079067479003,0.2295933937286156,39.32685885436166,0.0387854146580858,11.429160523983485,-1.169640580268001,0.6945812807881775,8.273455358486189,0.5476876539448801,1.8403616066885087,-5.927603873694452,0.7035711686358233,0.5933011352944866,0.35135765049903994,0.28139084518007446,0.7884436429189177,Capital Markets,Financial Services,EVR
2022Q3,2022,Q3,2022-11-03,2022-09-30,82438000.0,576937000.0,127544000.0,2.03,197331000.0,0.3420321456,3151269000.0,1411765000.0,2112970000.0,73721000.0,1563429000.0,-131722000.0,1659479000.0,3217126500.0,3430695500.0,36.093598200132945,28.661711045699327,0.21789158589761776,0.486366357007009,0.03653453666462396,36.093598200132945,0.058393571168006,5.576218027271609,9.756200114025084,2.2787974627505285,0.34224508115189595,-2.8818724282959565,0.008769938017668873,0.1830808477473678,28.661711045699327,0.026160254805286377,10.111344564226671,0.3420321456242189,-0.12875536480686706,0.7924369594962123,0.4164235707673904,1.9633689227007682,-0.073036795550524,-0.13792129837807313,-0.08252947481243302,0.9335806672252241,0.4680148871179423,0.8740579075748754,Capital Markets,Financial Services,EVR
2022Q2,2022,Q2,2022-08-03,2022-06-30,95627000.0,630917000.0,139017000.0,2.33,212879000.0,0.3374120526,3011488000.0,1350559000.0,1919203000.0,83344000.0,1490779000.0,-178015000.0,1607976000.0,3728860740.0,3980154740.0,33.904679419591304,23.02748848147437,0.23098215898585683,0.5150459920669885,0.043419644579083136,33.904679419591304,0.07080549609458009,5.910223912178623,9.748451640227131,2.7609758181612207,0.30586549823794534,-2.3483301968935204,0.007843950750491154,0.2095034082818859,23.02748848147437,0.03175406974890818,11.9652060376971,0.33741205261547874,-0.4517647058823529,4.295159225292222,0.7147748272208223,1.9643156894271352,75.10976045763317,-0.46002123166228104,-0.2948918881906298,0.19077406968409255,0.21662929344873613,0.8620143572365575,Capital Markets,Financial Services,EVR
2022Q1,2022,Q1,2022-05-06,2022-03-31,177094000.0,2797000.0,197157000.0,4.25,2797000.0,1.0,2938364000.0,1410037000.0,1888941000.0,148308000.0,1350695000.0,0.0,1544765000.0,4361072320.0,4619435320.0,35.992367776189504,12.73660894894409,0.24269661621228683,0.505753395123674,0.06696280089858091,35.992367776189504,0.1255952857974649,1559.19639613872,6.156437146374241,3.092877931572008,0.23501078523270127,0.0,0.009543295076565022,0.0009518902355188125,12.73660894894409,0.0602695921948404,-8.869177870741147,1.0,-0.4835965978128797,1.2655246947476313,-0.9925368045168536,1.602975074866322,-0.9974872656383351,-0.49397521508925024,-0.5195183412456255,1.7228930143184247,-0.9929874904463301,0.8985198481170832,Capital Markets,Financial Services,EVR
2021Q4,2021,Q4,2022-02-24,2021-12-31,349971000.0,1113130000.0,410332000.0,8.23,1113130000.0,1.0,3487747000.0,1320371000.0,1096411000.0,78954000.0,2167376000.0,0.0,1418382000.0,5265002600.0,5266504600.0,34.068815151202394,13.886706183347265,0.20673431874502365,0.5460866680652635,0.1307926881408675,34.068815151202394,0.26505504892185605,4.729908096987773,3.761027770872443,3.987517599220219,0.07669206877141249,0.0,0.005097813247043791,0.31915445701766787,13.886706183347265,0.10034300079678944,6.19091599642538,1.0,1.2005347593582887,7.130385660310883,1.5215920134956884,1.5263223854958008,0.0,1.193556676799649,0.0,1.217977410595259,0.5005426433819984,0.8025302650370381,Capital Markets,Financial Services,EVR
2021Q3,2021,Q3,2021-11-03,2021-09-30,159545000.0,821071000.0,0.0,3.74,0.0,0.0,3271888000.0,1221595000.0,0.0,0.0,1759650000.0,0.0,1152527000.0,5275553889.999999,5509357889.999999,30.95231459193757,0.0,0.21780177072075818,0.5833545487661622,0.0,30.95231459193757,0.13060384169876268,6.425210353306839,8.266560985928734,4.318578489597615,0.16787113353599298,0.0,0.005076812891773911,0.250947159560474,0.0,0.048762365948956686,12.917519925171948,0.0,0.16510903426791285,3.533835347648868,1.0955098354737194,1.6503369327929047,0.0,0.13669233893088437,0.0,2.348187345617121,1.2535072971721857,0.8979480479658523,Capital Markets,Financial Services,EVR
2021Q2,2021,Q2,2021-08-03,2021-06-30,140359000.0,684952000.0,0.0,3.21,0.0,0.0,2947448000.0,1150971000.0,0.0,0.0,1522181000.0,0.0,1023260000.0,5724693590.0,6000567590.0,28.30233358742961,0.0,0.24362126151165348,0.623874102822747,0.0,28.30233358742961,0.12194833753413423,8.357802575946927,10.196520333573195,4.973794813248987,0.19752919299795524,0.0,0.004843053966841219,0.23238815409126812,0.0,0.0476205178174475,13.132772184102645,0.0,-0.012307692307692318,4.623983179865456,0.8852342624543728,1.7365873925542772,0.0,-0.02766154954555531,0.0,1.0473403229535307,0.5409821813627265,0.8553886130390739,Capital Markets,Financial Services,EVR
2021Q1,2021,Q1,2021-05-06,2021-03-31,144352000.0,658758000.0,0.0,3.25,0.0,0.0,2725913000.0,1169308000.0,0.0,0.0,1291516000.0,0.0,914120000.0,5449293360.0,5753234360.0,28.268736099023304,0.0,0.26222003416836853,0.6112923199020275,0.0,28.268736099023304,0.12345079311866505,8.272071625695627,9.437509282864111,4.660272024137353,0.25918587896253603,0.0,0.006865844344999624,0.24166508615645474,0.0,0.05295546849807752,-16.130521305409605,0.0,-0.3525896414342629,24.999584895928855,1.4483951896478586,1.6646665720794813,0.0,-0.3449770166578182,0.0,0.47659765317616476,0.39847368728168,1.0783325310790313,Capital Markets,Financial Services,EVR
2020Q4,2020,Q4,2021-02-25,2020-12-31,220377000.0,923946000.0,0.0,5.02,0.0,0.0,3370888000.0,1230946000.0,0.0,0.0,1881514000.0,0.0,798573000.0,4478245800.0,4368285800.0,30.137005753458194,0.0,0.21348617930942826,0.584621908678366,0.0,30.137005753458194,0.17903059923018558,4.846869622250651,5.080210049143059,3.63805219725317,0.11473520376445819,0.0,0.005646184048227099,0.2740957278912856,0.0,0.0653765417302503,6.552641836863098,0.0,3.9702970297029703,9.130145346338523,1.1433181201317104,1.3104249305314744,0.0,4.171954940154893,0.0,11.835641359456831,0.633001324423771,1.159869346682074,Capital Markets,Financial Services,EVR
2020Q3,2020,Q3,2020-11-02,2020-09-30,42610000.0,399675000.0,0.0,1.01,0.0,0.0,2645458000.0,970926000.0,0.0,0.0,1438444000.0,0.0,606542000.0,2663829239.9999995,2232791239.9999995,23.85919300142527,0.0,0.2715042159051476,0.7397608056638714,0.0,23.85919300142527,0.043885939814156796,6.6649884030774995,15.629131893921612,2.7435965665766493,0.5578033325510443,0.0,0.00892249384573915,0.1510796996210108,0.0,0.016106851819231303,17.46658737131991,0.0,-0.2518518518518519,4.350060738257374,0.16900416736639962,0.8288838439824977,0.0,-0.24466425583209248,0.0,-0.10950839766538528,-0.05686559569430583,0.9588956099390192,Capital Markets,Financial Services,EVR
2020Q2,2020,Q2,2020-08-04,2020-06-30,56412000.0,503871000.0,0.0,1.35,0.0,0.0,2499589000.0,900528000.0,0.0,0.0,1367439000.0,0.0,590866000.0,2394214200.0,2083870200.0,22.16138796603913,0.0,0.28219799335010676,0.783294911429739,0.0,22.16138796603913,0.06264324929374766,4.7516411938770045,10.610394065092533,2.6586782420979693,0.42097426079557543,0.0,0.009918912017145332,0.20158154000517686,0.0,0.02256851026308725,8.672426758236982,0.0,0.8243243243243245,3.700407370781486,0.685647340278257,0.6585691993171969,0.0,0.8095268644747394,0.0,2.0621301434968444,0.34248019767732313,0.9375894764913068,Capital Markets,Financial Services,EVR
2020Q1,2020,Q1,2020-05-05,2020-03-31,31175000.0,422821000.0,0.0,0.74,0.0,0.0,2221552000.0,816571000.0,0.0,0.0,1183687000.0,0.0,561017000.0,1842031520.0,1954698520.0,20.418358671734346,0.0,0.3138639113556649,0.8538939051227633,0.0,20.418358671734346,0.038177941660921096,4.356527987020512,14.771704250200482,2.255813052386137,1.0835926222935044,0.0,0.018338991289356437,0.19032685257873774,0.0,0.014032982347475999,-9.852174554867972,0.0,-0.7016129032258065,5.657737797559512,0.6315458947165659,0.5293925421871496,0.0,-0.7036146181928811,0.0,-0.6093225157269758,0.10518725281181758,0.4766596913739342,Capital Markets,Financial Services,EVR
2019Q4,2019,Q4,2020-02-25,2019-12-31,105184000.0,656643000.0,0.0,2.48,0.0,0.0,2598613000.0,869716000.0,0.0,0.0,1472363000.0,0.0,558269000.0,2934105720.0,2711130720.0,22.16006318954315,0.0,0.2407549719792828,0.7193486149501677,0.0,22.16006318954315,0.12094062889494961,4.468342341272198,6.973745341496806,3.373636589415396,0.21797992090051718,0.0,0.007814306023029054,0.252689800289616,0.0,0.040476977526087955,7.541117967723944,0.0,1.4554455445544554,2.5116489522060816,0.8887180727694676,0.4606529449018366,0.0,1.4304265446647257,0.0,1.4130218387017526,0.46889493573193763,0.6432465717190785,Capital Markets,Financial Services,EVR
2019Q3,2019,Q3,2019-10-31,2019-09-30,43278000.0,398933000.0,0.0,1.01,0.0,0.0,2211103000.0,764683000.0,0.0,0.0,1207815000.0,0.0,479558000.0,3180290400.0,3475041400.0,19.259596010477534,0.0,0.2711176277179308,0.7839444580303211,0.0,19.259596010477534,0.0565960012188057,7.971991286757426,18.371287952308332,4.158965741359491,0.5332501501917833,0.0,0.007256570028950815,0.18042262165082315,0.0,0.019573036624707215,15.426246477267766,0.0,-0.4627659574468085,0.6378715203849966,0.6156449724164148,0.37078801546109813,0.0,-0.4705536933277874,0.0,0.22250200990137212,0.012065933851366928,0.6491309063696158,Capital Markets,Financial Services,EVR
2019Q2,2019,Q2,2019-08-01,2019-06-30,81742000.0,527847000.0,0.0,1.88,0.0,0.0,1939749000.0,738286000.0,0.0,0.0,964914000.0,0.0,463002000.0,3606566700.0,3618906700.0,18.208602574853252,0.0,0.19933558414000987,0.5237279319938344,0.0,18.208602574853252,0.11071861040301455,6.832598650745386,11.03033538450246,4.885053624205254,0.2853612585941132,0.0,0.006467646917496354,0.272121289919469,0.0,0.042140503745587705,13.506172317071801,0.0,0.2368421052631578,1.9697514238698637,1.1375325839480566,0.23606405184618082,0.0,0.21581984769157544,0.0,2.285058644360624,0.45716040997211854,0.7606121448765036,Capital Markets,Financial Services,EVR
2019Q1,2019,Q1,2019-05-02,2019-03-31,67232000.0,412308000.0,0.0,1.52,0.0,0.0,1844937000.0,767747000.0,0.0,0.0,838979000.0,0.0,408281000.0,3782419800.0,3861697800.0,18.95812035459417,0.0,0.22636057491394015,0.5439565377656963,0.0,18.95812035459417,0.087570514765932,9.173772519572747,14.064804706092339,4.9266487527792355,0.408600071394574,0.0,0.007262810965615186,0.22348080178347554,0.0,0.036441352739958056,-8.829342751498627,0.0,-0.5858310626702997,4.445987429055454,1.3670076527158346,0.33768322501687537,0.0,-0.5883040935672514,0.0,11.368565032275779,0.5652260026517645,0.7870296500483467,Capital Markets,Financial Services,EVR
2018Q4,2018,Q4,2019-02-22,2018-12-31,163305000.0,767754000.0,0.0,3.67,0.0,0.0,2125667000.0,758120000.0,0.0,0.0,1117728000.0,0.0,364882000.0,2870343160.0,2248365160.0,18.90055097105532,0.0,0.07932192577670914,0.22240806204822455,0.0,18.90055097105532,0.21540785099984172,3.73862351742876,4.394144637335048,3.7861330132432864,0.12157619178837145,0.0,0.006916942990189368,0.36118263114589444,0.0,0.07682529765951111,5.546717605341217,0.0,2.398148148148148,6.978885876519633,1.8999256087734016,0.24591907308685118,0.0,2.3016922423727784,0.0,6.644063794468263,0.8135834532852452,0.4489927938277736,Capital Markets,Financial Services,EVR
2018Q3,2018,Q3,2018-11-01,2018-09-30,49461000.0,378191000.0,0.0,1.08,0.0,0.0,1705607000.0,668086000.0,0.0,0.0,806210000.0,0.0,224627000.0,4047440800.0,3790831800.0,16.308304447590686,0.0,0.09881701939544103,0.252277401412393,0.0,16.308304447590686,0.07403388186550833,10.702107665174475,20.457738420169424,6.058263157737177,0.41303249024483935,0.0,0.005047386980928789,0.22173396333387468,0.0,0.028999060158641468,30.794004686691622,0.0,-0.28947368421052627,1.7714444709890858,0.5794264821971243,0.17590183864478473,0.0,-0.28245636941289115,0.0,5.1690301254711235,0.0988213403929801,0.2500839624024504,Capital Markets,Financial Services,EVR
2018Q2,2018,Q2,2018-08-01,2018-06-30,68931000.0,446917000.0,0.0,1.52,0.0,0.0,1612524000.0,623726000.0,0.0,0.0,761524000.0,0.0,198815000.0,4311745050.0,4076293050.0,15.254127026828732,0.0,0.10448030540940786,0.27011379996985857,0.0,15.254127026828732,0.11051487351817946,9.647753497853069,15.637902576489532,6.912883301321414,0.2971232101666884,0.0,0.004750048939002087,0.2771537043789736,0.0,0.04274727073829599,20.322602926967217,0.0,-0.2761904761904762,2.264777530215269,0.6760718882812334,0.16585307423140946,0.0,-0.27853427252650637,0.0,4.707847418056765,0.48582617794583993,0.14162638585366444,Capital Markets,Financial Services,EVR
2018Q1,2018,Q1,2018-05-02,2018-03-31,95543000.0,460373000.0,0.0,2.1,0.0,0.0,1417653000.0,549860000.0,0.0,0.0,643320000.0,0.0,153605000.0,3525147200.0,3285928200.0,13.601642507297283,0.0,0.11886547695381028,0.3064598261375623,0.0,13.601642507297283,0.17375877496089914,7.657154524700624,9.223980825387523,6.410990433928637,0.17309483687972954,0.0,0.004691435296659385,0.32474307887755327,0.0,0.0673951947338312,-78.62314211794094,0.0,5.2,11.61525186898582,1.3961803257185734,-0.007075422327875493,0.0,5.921852462394395,0.0,19.18512536256312,0.7573770196459947,0.018801312416618175,Capital Markets,Financial Services,EVR
2017Q4,2017,Q4,2018-02-23,2017-12-31,-19412000.0,540031000.0,0.0,-0.5,0.0,0.0,1584886000.0,543964000.0,0.0,0.0,788518000.0,0.0,79461000.0,3508650000.0,3074209000.0,13.953161472361165,0.0,0.11051015656646598,0.32198086638086343,0.0,13.953161472361165,-0.03568618511519145,6.49712701678237,-45.18661137440758,6.450151112941297,-0.8138264990727385,0.0,0.004502586464879654,0.34073807201275047,0.0,-0.012248199555046862,18.99277888446215,0.0,-1.4807692307692308,-1.7828172254514179,0.9353154148311401,-0.026222984436715887,0.0,-1.4228180610311254,0.0,-1.6524400637028585,0.5637432019336525,-0.08029475272830434,Capital Markets,Financial Services,EVR
2017Q3,2017,Q3,2017-11-02,2017-09-30,45911000.0,406601000.0,0.0,1.04,0.0,0.0,1561035000.0,475565000.0,0.0,0.0,833050000.0,0.0,117433000.0,3133361250.0,2868587250.0,12.179920604430786,0.0,0.11215699840170143,0.36815366984534187,0.0,12.179920604430786,0.0965399051654348,7.706231047144498,17.06214877698155,6.588712899393353,0.24423340811570213,0.0,0.0035785851376058217,0.2604688555990096,0.0,0.02941061539299247,19.32336698447155,0.0,1.536585365853659,5.397404853748748,0.9626352263761351,-0.1427443172275735,0.0,1.5248020237571491,0.0,0.7668441227106411,0.6744926593671162,-0.1331028343097918,Capital Markets,Financial Services,EVR
2017Q2,2017,Q2,2017-08-01,2017-06-30,18184000.0,370470000.0,0.0,0.41,0.0,0.0,1451286000.0,458751000.0,0.0,0.0,752182000.0,0.0,85075000.0,2827684500.0,2592491500.0,11.437607519509337,0.0,0.12059580261919428,0.38151197490577676,0.0,11.437607519509337,0.03963806073447251,7.632694955057089,38.87599675538935,6.163876482013118,0.7410360756709194,0.0,0.004765383125309772,0.255270153505236,0.0,0.012529577216344677,12.509830249030026,0.0,-0.7670454545454546,0.6692890748435243,0.5642487744609395,-0.17626870943325562,0.0,-0.774869693330527,0.0,-0.3321630495905457,0.5165750721610527,-0.22357493191072103,Capital Markets,Financial Services,EVR
2017Q1,2017,Q1,2017-05-09,2017-03-31,80771000.0,387247000.0,0.0,1.76,0.0,0.0,1432762000.0,559733000.0,0.0,0.0,648281000.0,0.0,82705000.0,3153392000.0,2980840000.0,13.827396245059289,0.0,0.12472971784567151,0.319273653688455,0.0,13.827396245059289,0.14430273005164962,8.14310246431864,9.760285250894505,5.633743231147708,0.1985242228027386,0.0,0.005085000532759644,0.2702800604706155,0.0,0.05637433153587267,-35.96642182581322,0.0,0.7959183673469388,18.240536887222685,1.708138091409862,-0.02351228371318585,0.0,0.8598830247766418,0.0,5.545433453460069,1.2240692764598056,-0.02434019529816962,Capital Markets,Financial Services,EVR
2016Q4,2016,Q4,2017-02-24,2016-12-31,43428000.0,445369000.0,0.0,0.98,0.0,0.0,1662346000.0,527298000.0,0.0,0.0,879015000.0,0.0,20343000.0,2686238700.0,2312361700.0,13.485537454285057,0.0,0.111076153821166,0.35017580191845976,0.0,13.485537454285057,0.08235950069979404,6.031490067786487,15.463748618402875,5.094346460635163,0.31926406926406925,0.0,0.005161492163745537,0.26791594529658685,0.0,0.0261245252191782,16.761544845315797,0.0,0.24050632911392397,49.437397739812035,1.9493850719318175,-0.05361341440588033,0.0,0.25170773886727194,0.0,1.1766481167341596,0.7256804492204707,-0.11103711469302677,Capital Markets,Financial Services,EVR
2016Q3,2016,Q3,2016-11-02,2016-09-30,34695000.0,386314000.0,0.0,0.79,0.0,0.0,1461630000.0,454439000.0,0.0,0.0,761659000.0,0.0,-7165000.0,2004357120.0,1742913120.0,11.678633840460526,0.0,0.12628709044012507,0.4061821278543435,0.0,11.678633840460526,0.07634688043939891,5.188414398649803,14.442694336359706,4.410618630883353,0.3832252485948984,0.0,0.006633548416761181,0.26430355151440516,0.0,0.02373719751236633,8.603905064839736,0.0,0.4363636363636363,13.683210280984449,0.7541532616855241,-0.1571219974819922,0.0,0.44040353717773073,0.0,1.046681141973585,0.6985122392296463,-0.1579181606530791,Capital Markets,Financial Services,EVR
2016Q2,2016,Q2,2016-08-04,2016-06-30,24087000.0,350656000.0,0.0,0.55,0.0,0.0,1306650000.0,405921000.0,0.0,0.0,663555000.0,0.0,-26651000.0,1734413310.0,1671669310.0,10.342199801268823,0.0,0.1412206788351892,0.4545859908701447,0.0,10.342199801268823,0.05933913249129757,4.946196015468151,18.001549694856145,4.272785369566984,0.5010586623489849,0.0,0.006958548997758786,0.26836260666590134,0.0,0.018434163701067617,14.032924285575586,0.0,3.583333333333334,5.439341673984791,0.49272489505153844,-0.40384638278076934,0.0,3.529334336216623,0.0,0.18850118667002574,0.37001377810831565,-0.20955913036398588,Capital Markets,Financial Services,EVR
2016Q1,2016,Q1,2016-05-05,2016-03-31,5318000.0,257713000.0,0.0,0.12,0.0,0.0,1284677000.0,420318000.0,0.0,0.0,646047000.0,0.0,-36739000.0,2050335000.0,1999279000.0,10.608732963149924,0.0,0.18718090228127382,0.5721073092277752,0.0,10.608732963149924,0.01265232514429551,7.955885034903168,96.38656449793154,4.878056614277761,2.3181647235802934,0.0,0.006012675977340289,0.20060528833317637,0.0,0.00413956192879611,-17.206859799593815,0.0,-0.7333333333333334,-0.1516656987197777,0.36775225858507604,-0.2019669759225937,0.0,-0.7418697213862732,0.0,-0.2835404342594909,0.36864961574337546,-0.22555884765970963,Capital Markets,Financial Services,EVR
2015Q4,2015,Q4,2016-02-24,2015-12-31,20602000.0,408243000.0,0.0,0.45,0.0,0.0,1479171000.0,504552000.0,0.0,0.0,771955000.0,0.0,-27791000.0,2091481670.0,1784517670.0,13.043923373232337,0.0,0.09586450788989238,0.2810413991025702,0.0,13.043923373232337,0.04083226307694747,5.123129288193551,25.37959506358606,4.145225209690973,0.5988738957382779,0.0,0.005899167167934108,0.27599445905848613,0.0,0.013928071872690852,9.927526616826865,0.0,1.8125000000000002,2.5472959664530217,1.251315678577323,-0.050354106642182705,0.0,1.862581631235237,0.0,-0.16266485672266193,0.4745233597907442,-0.08967779103090033,Capital Markets,Financial Services,EVR
2015Q3,2015,Q3,2015-11-02,2015-09-30,7197000.0,308951000.0,0.0,0.16,0.0,0.0,1330389000.0,479732000.0,0.0,0.0,643636000.0,0.0,-34354000.0,1847475520.0,1698709520.0,13.045767274902781,0.0,0.09724900010448072,0.2696901603395229,0.0,13.045767274902781,0.015002126187121143,5.979833436370169,64.17519522023065,3.851057507108136,1.5410587744893707,0.0,0.006003327178051052,0.23222606320407038,0.0,0.005409695961106112,20.224586416779786,0.0,-0.38461538461538464,0.051922494557182536,0.2898041206912337,-0.07821636188466236,0.0,-0.33138238573021184,0.0,0.06481693904161955,0.5834236153902962,-0.08180369185094435,Capital Markets,Financial Services,EVR
2015Q2,2015,Q2,2015-08-05,2015-06-30,10764000.0,268096000.0,0.0,0.26,0.0,0.0,1299547000.0,486969000.0,0.0,0.0,615469000.0,0.0,-28748000.0,1966572200.0,1845328200.0,13.36175058307038,0.0,0.09913839207046764,0.2645650955194273,0.0,13.36175058307038,0.022104076440184077,7.335328389830509,45.67475380899294,4.0383929983222755,1.0036231884057971,0.0,0.005493314712777899,0.20629957977664526,0.0,0.008282886267291602,16.473075279985927,0.0,1.5999999999999999,47.00307312388531,1.157389408748819,-0.013081707142349705,0.0,1.5032558139534884,0.0,0.08747604006894165,0.2457961720558827,-0.03769280129174406,Capital Markets,Financial Services,EVR
2015Q1,2015,Q1,2015-05-06,2015-03-31,4300000.0,237983000.0,0.0,0.1,0.0,0.0,1289209000.0,490302000.0,0.0,0.0,617544000.0,0.0,-27083000.0,1897213499.9999998,1844731499.9999998,13.350633083730429,0.0,0.1344227351810296,0.35345358574919133,0.0,13.350633083730429,0.008770104955721168,7.972054726598118,110.30311046511626,3.8694794228863025,2.7674418604651163,0.0,0.006272356801171825,0.18459613608034073,0.0,0.003335378515042945,-23.497231923905773,0.0,-0.8484848484848485,0.08247005776139223,0.3776771956825356,-0.06080977285729338,0.0,-0.8449444684840617,0.0,2.0116784084055435,0.834456331980935,-0.05718119450194324,Capital Markets,Financial Services,EVR
2014Q4,2014,Q4,2015-02-27,2014-12-31,27732000.0,321888000.0,0.0,0.66,0.0,0.0,1446556000.0,551281000.0,0.0,0.0,734323000.0,0.0,-17814000.0,1902968690.0,1678584690.0,15.17134050692132,0.0,0.08833118109495934,0.23178016292961304,0.0,15.17134050692132,0.050304654069340315,5.911896964161447,17.154989632915044,3.4519032761876427,0.390992355401702,0.0,0.00569793925511197,0.22252024809271123,0.0,0.01917105179474559,15.41826636850506,0.0,0.13793103448275876,7.64315054379516,0.5152947043189415,0.06355143289759807,0.0,0.14081204492163396,0.0,34.2836511128548,1.2937975011439509,0.0646926894759215,Capital Markets,Financial Services,EVR
2014Q3,2014,Q3,2014-11-06,2014-09-30,24309000.0,227161000.0,0.0,0.58,0.0,0.0,1223751000.0,513205000.0,0.0,0.0,620331000.0,0.0,-33146000.0,1716769000.0,1582455000.0,14.050017795055712,0.0,0.08560156437052963,0.2041192116210871,0.0,14.050017795055712,0.04736703656433589,7.557498866442743,17.65569336459747,3.3451914926783646,0.4127277962894401,0.0,0.00584411764191921,0.18562681460525876,0.0,0.019864335146610707,17.57669980444954,0.0,0.0,3.13004023027007,0.2214322232853305,-0.08878012752302947,0.0,0.0018133113538017721,0.0,9.95950070374788,0.09882974862413778,0.014027076815351001,Capital Markets,Financial Services,EVR
2014Q2,2014,Q2,2014-08-08,2014-06-30,24265000.0,217696000.0,0.0,0.58,0.0,0.0,1147897000.0,526549000.0,0.0,0.0,536824000.0,0.0,-46037000.0,2060284160.0,1971395160.0,14.731115711727842,0.0,0.09078079305024754,0.19790560802508408,0.0,14.731115711727842,0.046083080586991905,9.464042334264295,21.226912837420155,3.9128061395995437,0.37226457861116835,0.0,0.004384346671868797,0.18964767744841218,0.0,0.02113865616862837,20.749540853836624,0.0,1.3199999999999998,2.5642989500714886,0.19377150769432627,-0.12780821341974496,0.0,1.2960825132475398,0.0,6.123025469434816,0.017593666820914584,-0.15085686933410605,Capital Markets,Financial Services,EVR
2014Q1,2014,Q1,2014-05-08,2014-03-31,10568000.0,149113000.0,0.0,0.25,0.0,0.0,1044917000.0,491313000.0,0.0,0.0,496684000.0,0.0,-59734000.0,1915351750.0,1894997750.0,14.172354111979692,0.0,0.09925190230420215,0.21108743306201952,0.0,14.172354111979692,0.021509709696262872,12.844968245558738,45.310175766464795,3.8984349080932117,0.8369606358819076,0.0,0.0046179507236725585,0.14270320034988426,0.0,0.010113721951121476,-16.240327544981263,0.0,-0.40476190476190477,20.867314103051065,0.18513544743555085,-0.10954029730886737,0.0,-0.3748595090209997,0.0,0.9266805351980955,-0.09554943860586894,0.06610343097191813,Capital Markets,Financial Services,EVR
2013Q4,2013,Q4,2014-02-28,2013-12-31,16905000.0,218672000.0,0.0,0.42,0.0,0.0,1180783000.0,502581000.0,0.0,0.0,617625000.0,0.0,-59896000.0,1980511400.0,1785284400.0,15.169966797464534,0.0,0.08742165156510552,0.2053917676951576,0.0,15.169966797464534,0.033636369062897326,9.05699586595449,29.288840579710147,3.940681004653976,0.5250517598343686,0.0,0.0044816707442330295,0.18519236811505585,0.0,0.01431677115947638,25.58370557916629,0.0,0.16666666666666666,2.3101776439730632,1.7209167690876799,0.010043469834148555,0.0,0.21078642028362699,0.0,2.3984389656735714,0.40794951789003475,0.10442972251352202,Capital Markets,Financial Services,EVR
2013Q3,2013,Q3,2013-11-12,2013-09-30,13962000.0,187328000.0,0.0,0.36,0.0,0.0,1103341000.0,444480000.0,0.0,0.0,599793000.0,0.0,-66345000.0,1577772270.0,1436722270.0,13.868763455958064,0.0,0.09312442844052746,0.23116450683945283,0.0,13.868763455958064,0.03141198704103672,8.42251169072429,28.25118661366566,3.549703631209503,0.5080217733849018,0.0,0.004495579073651738,0.16978250604300937,0.0,0.012654292734521785,12.725304023808947,0.0,-0.18181818181818185,13.180385243429331,0.34621435601545464,-0.16950281761004585,0.0,-0.15000608790941192,0.0,1.3415015622766733,-0.10267156545913529,-0.020065361798404804,Capital Markets,Financial Services,EVR
2013Q2,2013,Q2,2013-08-07,2013-06-30,16426000.0,207446000.0,0.0,0.44,0.0,0.0,1032963000.0,416218000.0,0.0,0.0,561153000.0,0.0,-71846000.0,1265123470.0,1219970470.0,13.084090408978026,0.0,0.09901806744288033,0.24574141435497743,0.0,13.084090408978026,0.03946489579979722,6.098567675443248,19.254892700596617,3.0395693362612866,0.426518933398271,0.0,0.005537799405460401,0.20082616705535436,0.0,0.015901828042243528,16.185086482613926,0.0,1.7500000000000002,2.2385658571717415,0.3987643849223256,-0.11962563164302925,0.0,1.7518847378120288,0.0,82.92431473604651,0.9125108427355422,-0.033590090628940375,Capital Markets,Financial Services,EVR
2013Q1,2013,Q1,2013-05-08,2013-03-31,5969000.0,151422000.0,0.0,0.16,0.0,0.0,976489000.0,436450000.0,0.0,0.0,483261000.0,0.0,-79755000.0,1293556600.0,1258345600.0,13.698565644518377,0.0,0.10427460012350369,0.23329820139764004,0.0,13.698565644518377,0.013676251575209073,8.54272562771592,54.17811191154298,2.9638139534883723,1.191991958452002,0.0,0.005500339142485145,0.15506779902282566,0.0,0.006112716067462102,-15.157859829620689,0.0,-0.7142857142857143,3.47664305427738,0.3628098032554315,-0.06895441046846786,0.0,-0.6862054463253076,0.0,0.7320140766155959,0.010399016383201575,-0.036333415912468345,Capital Markets,Financial Services,EVR
2012Q4,2012,Q4,2013-02-27,2012-12-31,19022000.0,214049000.0,0.0,0.56,0.0,0.0,1145218000.0,428506000.0,0.0,0.0,654469000.0,0.0,-77079000.0,902831950.0,744775950.0,14.328908209329544,0.0,0.08852026426409644,0.23657778420838915,0.0,14.328908209329544,0.04439144376041409,4.217875112707838,11.865628614236147,2.1069295412432965,0.34659867521816845,0.0,0.0073025771850453456,0.18690677233504888,0.0,0.016609938020534083,8.129959027465105,0.0,2.2941176470588234,1.585877735412192,-0.02646368730993983,0.056758637189072404,0.0,2.588379551028108,0.0,6.203645382401052,0.22436465634804797,0.004494681991888841,Capital Markets,Financial Services,EVR
2012Q3,2012,Q3,2012-11-07,2012-09-30,5301000.0,153029000.0,0.0,0.17,0.0,0.0,1028764000.0,409774000.0,0.0,0.0,558731000.0,0.0,-88137000.0,788224530.0,726816530.0,14.208037169307582,0.0,0.09811093700790463,0.2463138217651681,0.0,14.208037169307582,0.01293639908827793,5.150818014886068,37.17338851160158,1.9235591569987358,1.1365780041501603,0.0,0.007643761099391312,0.1487503450742833,0.0,0.005152785284088479,18.76635707823437,0.0,-0.31999999999999995,-0.020996996827814442,-0.0947508178812441,0.055504484391481604,0.0,-0.3318628686664986,0.0,0.14064022431458315,0.04210872418824544,-0.07853171388006948,Capital Markets,Financial Services,EVR
2012Q2,2012,Q2,2012-08-08,2012-06-30,7934000.0,172497000.0,0.0,0.25,0.0,0.0,973858000.0,405626000.0,0.0,0.0,506460000.0,0.0,-86204000.0,683292070.0,633127070.0,13.885119638517098,0.0,0.1032008773352994,0.24777257868085378,0.0,13.885119638517098,0.019559890145109043,3.961182339403004,21.53050384421477,1.6845371598467556,0.7306528863120746,0.0,0.00848392693917844,0.17712746622197487,0.0,0.008146978306898952,7.63020033277127,0.0,3.0833333333333335,1.0579899991899135,-0.15502338489639933,-0.17424165076391862,0.0,3.3557007125890737,0.0,1.6258332700358573,0.15738886293788798,-0.17789748302925049,Capital Markets,Financial Services,EVR
2012Q1,2012,Q1,2012-05-09,2012-03-31,-3368000.0,102798000.0,0.0,-0.12,0.0,0.0,942117000.0,412080000.0,0.0,0.0,470180000.0,0.0,-87152000.0,845966070.0,844842070.0,14.160338132710216,0.0,0.10622672130956134,0.2428606095903708,0.0,14.160338132710216,-0.008173170258202292,8.229402031167922,-62.794393557007126,2.052917079207921,-1.7461401425178147,0.0,0.006951815455199049,0.10911383617958278,0.0,-0.0035749275302324446,-8.77685628618264,0.0,-4.999999999999999,-1.1807054398384706,-0.739928576489632,-0.2135267464940269,0.0,-4.134146341463414,0.0,-9.302006498040495,-0.026702757349925683,-0.11029527035309833,Capital Markets,Financial Services,EVR
2011Q4,2011,Q4,2012-02-29,2011-12-31,-656000.0,110485000.0,0.0,-0.02,0.0,0.0,1043592000.0,407664000.0,0.0,0.0,577766000.0,0.0,-76703000.0,761571580.0,678330580.0,14.249501904994931,0.0,0.09550092373264647,0.24447584285097532,0.0,14.249501904994931,-0.0016091683347070136,6.892986197221342,-290.23307164634144,1.8681354743121787,-8.772865853658537,0.0,0.0075567420727543425,0.1058699185122155,0.0,-0.0006285981494683746,24.019036174977135,0.0,-1.3333333333333335,-1.032756924644093,-0.7653768769159686,-0.36668880422244754,0.0,-1.372939169982945,0.0,0.94112409348124,0.5920040136689503,-0.05124272586180401,Capital Markets,Financial Services,EVR
2011Q3,2011,Q3,2011-11-08,2011-09-30,1759000.0,163943000.0,0.0,0.06,0.0,0.0,1069825000.0,401357000.0,0.0,0.0,609287000.0,0.0,-69353000.0,660447600.0,515777600.0,13.855663341043256,0.0,0.09277779076017105,0.24730103125147937,0.0,13.855663341043256,0.0043826319212073046,4.028519668421342,93.86691301876067,1.64553651736484,3.047185901080159,0.0,0.008115708195472283,0.15324282008739748,0.0,0.00164419414390204,6.5184970242501405,0.0,-0.25000000000000006,-0.9806610597299497,-0.3711503128080613,-0.20552389099522622,0.0,-0.22202565236620964,0.0,2.6978143268836123,0.3035129884385379,-0.1702872861432559,Capital Markets,Financial Services,EVR
2011Q2,2011,Q2,2011-08-05,2011-06-30,2261000.0,141991000.0,0.0,0.08,0.0,0.0,1041798000.0,411569000.0,0.0,0.0,567556000.0,0.0,-64907000.0,790483680.0,684892680.0,17.348212780306863,0.0,0.09489171605244011,0.24019787690520908,0.0,17.348212780306863,0.005493611034844704,5.567139325731913,87.40421052631578,1.9206589417570321,1.8204334365325077,0.0,0.005206938617632182,0.1362941760302861,0.0,0.002170286370294433,17.722657220366344,0.0,-0.4285714285714286,-0.9845550848406125,-0.4420779517013376,1.454328574078174,0.0,-0.3698439241917503,0.0,-0.40226197657628215,0.28377739664121143,0.1672895395238958,Capital Markets,Financial Services,EVR
2011Q1,2011,Q1,2011-04-29,2011-03-31,3588000.0,107845000.0,0.0,0.14,0.0,0.0,900747000.0,301459000.0,0.0,0.0,529342000.0,0.0,-62569000.0,777594330.0,772484330.0,13.293601446399435,0.0,0.10931482425142687,0.32662816502409947,0.0,13.293601446399435,0.011902116042314212,7.2102956094394735,54.18020693979933,2.5794364407763575,1.1468784838350057,0.0,0.005291962455538995,0.11972840320311919,0.0,0.003983360477470366,-20.220890131322324,0.0,0.07692307692307698,-0.9756384116294502,-0.5835674442511644,0.0,0.0,0.0915728627928202,0.0,3.0916454804244604,0.3637039177594843,-0.09647846958247375,Capital Markets,Financial Services,EVR
2010Q4,2010,Q4,2011-03-09,2010-12-31,3287000.0,102629000.0,0.0,0.13,0.0,0.0,898085000.0,300699000.0,0.0,0.0,530844000.0,0.0,-61504000.0,744328000.0,701073000.0,13.735565503380231,0.0,0.1092123796745297,0.32618000059860525,0.0,13.735565503380231,0.010931196977708606,7.252608911711115,56.611499847885604,2.475325824163033,1.1895345299665347,0.0,0.005253060478713685,0.11427537482532277,0.0,0.0036600099099751136,61.22125349564073,0.0,-0.23529411764705885,-0.7855054684033306,-0.7151902668551394,-0.38953042207198973,0.0,-0.0688385269121813,0.0,-0.38960652718129446,-0.3623719461798539,0.012999544021260767,Capital Markets,Financial Services,EVR
2010Q3,2010,Q3,2010-11-05,2010-09-30,3530000.0,123587000.0,0.0,0.17,0.0,0.0,1080468000.0,268520000.0,0.0,0.0,749339000.0,0.0,-60509000.0,542817530.0,471980530.0,14.152743372160439,0.0,0.09042748142471596,0.3638611649039178,0.0,14.152743372160439,0.013146134366155221,4.392189550680897,38.44316784702549,2.021516199910621,0.7883852691218131,0.0,0.005126953066530478,0.11438284150941999,0.0,0.003267102773983126,13.488495638993117,0.0,38.59934777544841,-0.9407471764267089,-0.2762405055136832,-0.18848948554125933,0.0,29.17094017094017,0.0,-0.008996397981589624,0.11132606089938918,0.051396749441722366,Capital Markets,Financial Services,EVR
2010Q2,2010,Q2,2010-08-06,2010-06-30,117000.0,64840000.0,0.0,0.004293,0.0,0.0,890570000.0,257455000.0,0.0,0.0,570290000.0,0.0,-60945000.0,444023600.0,396534600.0,13.538862010938157,0.0,0.10929629338513536,0.3780699539725389,0.0,13.538862010938157,0.0004544483501971218,6.847988895743368,948.768376068376,1.724664892893904,24.478632478632477,0.0,0.0064501076068929665,0.07280730318784599,0.0,0.00013137653412982695,13.245342003997255,0.0,-0.9522999999999999,-0.986889837442154,-0.045621162276920674,0.0,0.0,-0.942079207920792,0.0,1.001313722863532,-0.5120636875735386,-0.1948338483397203,Capital Markets,Financial Services,EVR
2010Q1,2010,Q1,2010-05-05,2010-03-31,2020000.0,87841000.0,0.0,0.09,0.0,0.0,850962000.0,265466000.0,0.0,0.0,553098000.0,0.0,-57886000.0,560250000.0,500425000.0,14.215046854082999,0.0,0.11395573480366926,0.36528971695056994,0.0,14.215046854082999,0.007609260696285023,6.378001161188966,69.3378712871287,2.1104397549968734,1.3866336633663365,0.0,0.004999553770638108,0.10322552593417803,0.0,0.002373784023258383,-11.31909649264587,0.0,0.019254093389933197,-0.9833455795124385,-0.5881235884281438,0.0,0.0,0.22498483929654337,0.0,-0.8311123800097706,-0.653699958799472,-0.21048819291642462,Capital Markets,Financial Services,EVR
2009Q4,2009,Q4,2010-02-22,2009-12-31,1649000.0,109174000.0,0.0,0.08829986613119144,0.0,0.0,891160000.0,266395000.0,0.0,0.0,595404000.0,0.0,-56756000.0,567720000.0,457656000.0,14.26479250334672,0.0,0.10841824139324027,0.36268698736838156,0.0,14.26479250334672,0.006190056119671916,5.200139227288549,86.0703456640388,2.131121079599842,1.6537295330503334,0.0,0.004803424223208624,0.12250774271735715,0.0,0.0018503972350644104,7.954602774274905,0.0,-0.3692866704914898,-0.8738573340982979,-0.6448361286376775,-0.3660092220734791,0.0,-0.3737181921762248,0.0,-0.8738573340982979,-0.6448361286376775,-0.3660092220734791,Capital Markets,Financial Services,EVR
2009Q3,2009,Q3,2009-11-05,2009-09-30,2633000.0,83196000.0,0.0,0.14,0.0,0.0,807667000.0,251945000.0,0.0,0.0,525042000.0,0.0,-55451000.0,477454800.0,390099800.0,15.41891064871481,0.0,0.11919268708514771,0.3820992676973149,0.0,15.41891064871481,0.010450693603762726,5.738915332467907,45.33372578807444,1.8950755125126515,0.823775161412837,0.0,0.004542838400619284,0.10300779900627363,0.0,0.003260006908787904,20.893348503413268,0.0,1.3255813953488373,-0.9486820665944227,-0.4342717258261934,-0.11588815087644444,0.0,1.4357107396988251,0.0,-0.9486820665944227,-0.4342717258261934,-0.11588815087644444,Capital Markets,Financial Services,EVR
2009Q2,2009,Q2,2009-07-29,2009-06-30,-6043000.0,71043000.0,0.0,-0.43,0.0,0.0,743700000.0,235190000.0,0.0,0.0,480084000.0,0.0,-55737000.0,273487000.0,202558000.0,16.889766606822263,0.0,0.12898615032943392,0.4078702325779157,0.0,16.889766606822263,-0.025694119647944217,3.84959813070957,-11.314206519940427,1.1628343041795994,-0.2781730928346848,0.0,0.006146544442697459,0.09552642194433239,0.0,-0.008125588274842006,6.2658831076591746,0.0,-44.0,-1.9246955637199281,0.427983048532831,0.0,0.0,-32.638743455497384,0.0,-1.0703283244219717,-0.5244165744707616,1.3894701614273148,Capital Markets,Financial Services,EVR
2009Q1,2009,Q1,2009-05-06,2009-03-31,191000.0,49726000.0,0.0,0.01,0.0,0.0,742435000.0,218062000.0,0.0,0.0,511305000.0,0.0,-48013000.0,211680450.0,189774450.0,15.915772571345157,0.0,0.12875335887990194,0.4383661527455494,0.0,15.915772571345157,0.0008758976804761949,4.256937014841331,277.0686518324607,0.9707351578908751,8.586387434554974,0.0,0.007747526991746286,0.06697690706930573,0.0,0.00025726157845467956,-4.068587106942416,0.0,1.0256765367316343,-0.9978535544923874,-0.6821944195114378,0.0,0.0,1.0357946026986506,0.0,-0.9978535544923874,-0.6821944195114378,0.0,Capital Markets,Financial Services,EVR
2008Q4,2008,Q4,2009-03-13,2008-12-31,-5336000.0,33236000.0,0.0,-0.389460623312167,0.0,0.0,738940000.0,205777000.0,0.0,0.0,533163000.0,0.0,-46564000.0,171125490.0,90486490.0,15.019122691774323,0.0,0.12891845075378244,0.4629428944925818,0.0,15.019122691774323,-0.02593098354043455,5.148799193645445,-8.017498594452773,0.831606496352848,-0.3039730134932534,0.0,0.009478424283839888,0.044977941375483804,0.0,-0.007221154626897989,20.65984425932633,0.0,-8.736515582804175,-1.5563723190173817,-0.8526240379612383,-0.3324834359211412,0.0,-10.401709401709402,0.0,-1.5563723190173817,-0.8526240379612383,-0.3324834359211412,Capital Markets,Financial Services,EVR
2008Q3,2008,Q3,2008-11-07,2008-09-30,-468000.0,56813000.0,0.0,-0.04,0.0,0.0,837705000.0,218511000.0,0.0,0.0,619194000.0,0.0,-39606000.0,235268300.0,45745300.0,16.699350401222773,0.0,0.11320452904065273,0.4339918814155809,0.0,16.699350401222773,-0.0021417686066147698,4.141099748297044,-125.67751068376067,1.076688587759884,-3.3653846153846154,0.0,0.006694484552317503,0.06781981723876544,0.0,-0.0005586692212652425,8.49589412104579,0.0,-1.25,-1.011390491859936,-0.5175731329342335,-0.04246844029685941,0.0,-1.227626459143969,0.0,-1.011390491859936,-0.5175731329342335,-0.04246844029685941,Capital Markets,Financial Services,EVR
2008Q2,2008,Q2,2008-08-07,2008-06-30,2056000.0,60118000.0,0.0,0.16,0.0,0.0,747339000.0,191645000.0,0.0,0.0,555694000.0,0.0,-37563000.0,122502500.0,373300500.0,14.861962000775494,0.0,0.0,0.0,0.0,14.861962000775494,0.010728169271308931,2.0377008549851956,14.895732003891052,0.6392157374311879,0.7519455252918288,0.0,0.012620150609171241,0.08044274418971846,0.0,0.0027510942156103186,2.9337699971261615,0.0,3.0,-0.6602627652888717,0.30490874295751513,0.0,0.0,3.1305699481865283,0.0,-0.6602627652888717,0.30490874295751513,0.0,Capital Markets,Financial Services,EVR
2008Q1,2008,Q1,2008-05-12,2008-03-31,-965000.0,44488000.0,0.0,-0.08,0.0,0.0,667880000.0,187695000.0,0.0,0.0,480185000.0,0.0,-38073000.0,226436750.0,457267750.0,14.713098690914792,0.0,0.0,0.0,0.0,14.713098690914792,-0.005141319694184714,5.089838832943715,-58.66237046632124,1.2064080023442285,-1.550259067357513,0.0,0.0066067014298694885,0.06661076840150926,0.0,-0.001444870335988501,-3.735347245133619,0.0,-1.3252262587635437,-1.0116470924917955,-0.6946312536573048,0.0,0.0,-1.3075207138304652,0.0,-1.0116470924917955,-0.6946312536573048,0.0,Capital Markets,Financial Services,EVR
2007Q4,2007,Q4,2008-03-14,2007-12-31,3138000.0,93792000.0,0.0,0.24598259778944892,0.0,0.0,689096000.0,172976000.0,0.0,0.0,516120000.0,0.0,-35612000.0,274913350.0,367338350.0,13.559300776044525,0.0,0.0,0.0,0.0,13.559300776044525,0.018141245028212006,2.9310959356874786,21.901955863607395,1.5893149916751457,0.5618228170809433,0.0,0.006412929746772938,0.1361087569801595,0.0,0.004553792214727701,14.13363580278649,0.0,0.29464525152341536,-0.6485962888722158,-0.5533293564508124,-0.3973644099535767,0.0,0.35316946959896506,0.0,-0.6485962888722158,-0.5533293564508124,-0.3973644099535767,Capital Markets,Financial Services,EVR
2007Q3,2007,Q3,2007-11-09,2007-09-30,2319000.0,72399000.0,0.0,0.19,0.0,0.0,721176000.0,166269000.0,0.0,0.0,554907000.0,0.0,-36987000.0,320904960.0,139096960.0,13.460897020725389,0.0,0.004355386202535858,0.018891074102809303,0.0,13.460897020725389,0.013947278205799036,4.432450171963701,34.59518758085382,1.9300348230878877,0.5748167313497197,0.0,0.004153877833486899,0.10039019601317847,0.0,0.003215581217345003,6.429543787942538,0.0,1.0405982905982907,-0.9402092752714433,-0.34874244386873926,-0.22815957449969107,0.0,1.0524969439036538,0.0,-0.9402092752714433,-0.34874244386873926,-0.22815957449969107,Capital Markets,Financial Services,EVR
2007Q2,2007,Q2,2007-08-14,2007-06-30,-44174000.0,65912000.0,0.0,-4.68,0.0,0.0,470992000.0,158599000.0,0.0,0.0,312393000.0,0.0,-37974000.0,280790640.0,139297640.0,16.814991518235793,0.0,0.0065691137004450185,0.019508319724588427,0.0,16.814991518235793,-0.2785263463199642,4.260083748027673,-1.5891171277221896,1.7704439498357492,-0.025127903291528954,0.0,0.003953123223765578,0.13994292896694635,0.0,-0.09378927879879063,7.966595925778812,0.0,-8.312499999999998,-10.979397422222222,0.9559496053430478,0.0,0.0,-11.467772511848342,0.0,-10.979397422222222,0.9559496053430478,0.0,Capital Markets,Financial Services,EVR
2007Q1,2007,Q1,2007-04-02,2007-03-31,4220000.0,89496000.0,0.0,0.64,0.0,0.0,317536000.0,118634000.0,0.0,0.0,198902000.0,0.0,7309000.0,205510910.0,121072910.0,18.004856579147063,0.0,0.010014612516376096,0.026805131749751337,0.0,18.004856579147063,0.03557158993205995,2.296313913470993,12.174816943127961,1.7323103831953741,0.10545023696682465,0.0,0.002165335163957962,0.2818452081023884,0.0,0.013289831704121737,5.89870579793341,0.0,-0.08571428571428563,-0.9013875588481562,0.18936287198809643,0.0,-1.0,0.2057142857142857,-1.0,-0.9013875588481562,0.18936287198809643,0.0,Capital Markets,Financial Services,EVR
