Quarters,Year,Quarter,FillingDate,Date,NetIncome,Revenue,OperatingIncome,EPSDiluted,GrossProfit,GrossProfitRatio,TotalAssets,CommonStockEquity,CurrentAssets,CurrentLiability,TotalLiability,Inventory,RetainedEarnings,MarketCap,EnterpriseValue,bookValuePerShare,currentRatio,debtToAssets,debtToEquity,roic,shareholdersEquityPerShare,roe,priceToSalesRatio,peRatio,pbRatio,payoutRatio,inventoryTurnover,dividendYield,assetTurnover,quickRatio,returnOnAssets,priceToFreeCashFlowsRatio,grossProfitMargin,epsdilutedGrowth,fiveYNetIncomeGrowthPerShare,fiveYRevenueGrowthPerShare,fiveYShareholdersEquityGrowthPerShare,grossProfitGrowth,netIncomeGrowth,operatingIncomeGrowth,threeYNetIncomeGrowthPerShare,threeYRevenueGrowthPerShare,threeYShareholdersEquityGrowthPerShare,Industry,Sector,Symbol
2023Q1,2023,Q1,2023-05-15,2023-03-31,-4467000.0,2000.0,-5914000.0,-0.0625,2000.0,1.0,150659000.0,77136000.0,150035000.0,73523000.0,73523000.0,0.0,-163091000.0,93566750.0,-3483250.0,1.079957997899895,2.040653945024006,0.0,0.0,-0.07535399308443601,1.079957997899895,-0.057910703173615435,46783.375,-5.236554175061563,1.2130101379381872,-15.99037385269756,0.0,0.7634015288550686,1.3275011781572956e-05,2.0323028168056254,-0.0296497388141432,-34.513740317226116,1.0,0.8161764705882353,0.5053453264379196,-0.7192859642982149,14.589026535560041,-0.6,0.8155884902778351,0.26543286548254874,-1.014671711164781,-0.9999934881863866,-0.756133485696139,Software—Infrastructure,Technology,VHC
2022Q4,2022,Q4,2023-03-31,2022-12-31,-24223000.0,5000.0,-8051000.0,-0.34,5000.0,1.0,152975000.0,152244000.0,152261000.0,731000.0,731000.0,0.0,-87195000.0,92735559.8,6174559.799999997,2.1342104412465086,208.29138166894666,0.0,0.0,-0.1824737754156976,2.1342104412465086,-0.15910643440792413,18547.11196,-0.9571023386863724,0.6091245618874964,0.0,0.0,0.0,3.268507926131721e-05,207.98495212038304,-0.15834613498937736,-13.087152102737793,1.0,-4.676126878130217,-2.3849737830644853,-0.9894862337370611,81.66114490726174,0.25,-4.659579439252337,-0.5034547152194211,-4.326260536058933,-0.8590854927444379,25.683318709721142,Software—Infrastructure,Technology,VHC
2022Q3,2022,Q3,2022-11-08,2022-09-30,-4280000.0,4000.0,-5355000.0,-0.0599,4000.0,1.0,177316000.0,175412000.0,159390000.0,1900000.0,1904000.0,0.0,-62972000.0,83567250.0,-22237750.0,2.455890794539727,83.88947368421053,0.0,0.0,-0.027415104514233787,2.455890794539727,-0.024399698994367548,20891.8125,-4.881264602803738,0.47640554808108904,0.0,0.0,0.0,2.2558595952987886e-05,83.69473684210526,-0.024137697669697037,-33.28046594982079,1.0,0.03852327447833065,0.016365367817940447,-0.9912925352934314,52.410357577931116,-0.8823529411764706,0.03538426864998873,-0.2549800796812749,0.1664101849160255,-0.034749737486874314,29.020652313466737,Software—Infrastructure,Technology,VHC
2022Q2,2022,Q2,2022-08-09,2022-06-30,-4437000.0,34000.0,-4267000.0,-0.0623,34000.0,1.0,179722000.0,178966000.0,162193000.0,738000.0,756000.0,0.0,-58692000.0,83368350.0,-43809650.0,2.5116272542277733,219.77371273712737,0.0,0.0,-0.02603081950594408,2.5116272542277733,-0.024792418671703006,2452.010294117647,-4.697337728194726,0.46583345439915963,0.0,0.0,0.0,0.0001891810685391883,219.0772357723577,-0.024688129444364073,-25.005503899220155,1.0,-0.3369098712446352,0.045876052266723755,-0.9298780379757153,27.293485880717242,5.8,-0.3364457831325301,0.03088803088803089,-0.029147424852561294,-0.1428959740590688,19.465399679966495,Software—Infrastructure,Technology,VHC
2022Q1,2022,Q1,2022-05-13,2022-03-31,-3320000.0,5000.0,-4403000.0,-0.0466,5000.0,1.0,183801000.0,182733000.0,165808000.0,1037000.0,1068000.0,0.0,-54255000.0,116109789.99999999,-20298210.000000015,2.565285752390044,159.8919961427194,0.0,0.0,-0.018268161389267457,2.565285752390044,-0.018168584765751124,23221.958,-8.743207078313253,0.6354067957073982,0.0,0.0,0.0,2.7203334040620018e-05,159.25554484088718,-0.018063013802971692,-29.305853104492677,1.0,0.47285067873303166,0.3040576325508776,-0.9891164675548318,17.455647126047896,-0.5454545454545454,0.4726810673443456,0.38264161525518786,0.43821538579477975,-0.4069111226538262,18.862892980361675,Software—Infrastructure,Technology,VHC
2021Q4,2021,Q4,2022-03-16,2021-12-31,-6296000.0,11000.0,-7132000.0,-0.0884,11000.0,1.0,189844.0,188777.0,169492.0,1021.0,1067.0,-169272000.0,-47607.0,185205800.0,43187800.0,0.002650134067075653,166.00587659157688,0.0,0.0,-33.35152057718896,0.002650134067075653,-33.35152057718896,16836.890909090907,-7.354105781448539,981.082441187221,0.0,0.0,0.0,0.05794231052864457,165790.41821743388,-33.16407155348602,-58.44297885768381,1.0,-0.768,0.28957644171849245,-0.9776643923699906,-0.9861763662572788,1.75,-0.8901230861603122,-0.6836638338054769,0.06895120541773161,-0.7017610216773525,-0.9818832461167025,Software—Infrastructure,Technology,VHC
2021Q3,2021,Q3,2021-11-08,2021-09-30,-3331000.0,4000.0,-4236000.0,-0.05,4000.0,1.0,194539000.0,193969000.0,175734000.0,570000.0,570000.0,0.0,-41311000.0,279233360.0,131191360.0,2.7230216332317885,308.30526315789473,0.0,0.0,-0.017213483381721288,2.7230216332317885,-0.017172847207543473,69808.34,-20.95717202041429,1.439577252035119,0.0,0.0,0.0,2.05614298418312e-05,302.6438596491228,-0.017122530700784934,-92.03472643375082,1.0,0.0,0.6413813437599349,-0.9915168905797407,11.439472505782925,-0.7333333333333333,0.05449900652852682,-0.0226943505552873,0.39926802723270177,-0.49152780312495614,11.915199507811801,Software—Infrastructure,Technology,VHC
2021Q2,2021,Q2,2021-08-06,2021-06-30,-3523000.0,15000.0,-4142000.0,-0.05,15000.0,1.0,196896000.0,196127000.0,178908000.0,769000.0,769000.0,0.0,-37980000.0,303643969.99999994,150011969.99999994,2.758040246937886,232.65019505851757,0.0,0.0,-0.01800632313482436,2.758040246937886,-0.01796285060190591,20242.93133333333,-21.547258728356514,1.5482007576723242,0.0,0.0,0.0,7.618235007313505e-05,228.28868660598178,-0.01789269462051032,-7.353222502058409,1.0,0.8648648648648649,0.48283705028027724,-0.9704729438137235,7.788374413029255,-0.9984115217621519,0.8667700336573007,0.8769166765719719,0.5273744737319176,-0.1887858418528778,45.533515896512746,Software—Infrastructure,Technology,VHC
2021Q1,2021,Q1,2021-05-10,2021-03-31,-26443000.0,5000.0,-33652000.0,-0.37,9443000.0,1888.6,237996000.0,198875000.0,220528000.0,39121000.0,39121000.0,0.0,-34457000.0,395798630.0,198600630.0,2.798730632291476,5.637074716903965,0.0,0.0,-0.13302616431363867,2.798730632291476,-0.13296291640477687,79159.726,-3.741998165866203,1.9901879572595853,0.0,0.0,0.0,2.100875644968823e-05,5.547889880115539,-0.11110690935982118,-93.68014911242604,1888.6,-2.5285142094220867,-1.3397347387578455,-0.9898422437692622,9.418021232145984,589.1875,-2.5489196081062944,-2.549789029535865,-1.943256059712915,-0.29460026175431686,39.399243468282286,Software—Infrastructure,Technology,VHC
2020Q4,2020,Q4,2021-03-16,2020-12-31,-7451000.0,16000.0,-9480000.0,-0.10486,16000.0,1.0,234793000.0,224437000.0,224432000.0,10356000.0,10356000.0,0.0,-8014000.0,358137360.0,165229360.0,3.158459871374492,21.671687910390112,0.0,0.0,-0.03325475205882968,3.158459871374492,-0.03319862589501731,22383.585,-12.016419272580862,1.5957144321123522,-0.009507582874781909,0.0,0.00019780399341749768,6.81451320950795e-05,21.365778292777133,-0.03173433620252733,-13.397828738169167,1.0,-0.7476666666666666,0.2662347303978707,-0.9699029445015175,10.327143102806103,-0.38461538461538464,-0.8511801242236025,-0.7769447047797563,-0.04526352993077605,-0.9662252494406056,121.33184884943701,Software—Infrastructure,Technology,VHC
2020Q3,2020,Q3,2020-11-06,2020-09-30,-4025000.0,26000.0,-5335000.0,-0.06,26000.0,1.0,258545000.0,230754000.0,248390000.0,27787000.0,27791000.0,0.0,-563000.0,374480929.99999994,148569929.99999994,3.247357829409364,8.939072228020297,0.0,0.0,-0.01749857718263912,3.247357829409364,-0.01744281789264758,14403.11269230769,-23.2596850931677,1.6228578052818152,0.0,0.0,0.0,0.00010056276470246959,8.924820959441465,-0.015567889535670773,-15.089693758310833,1.0,0.4545454545454546,0.5137540255555494,-0.9489320517691872,8.270902821876218,0.4444444444444444,0.4993781094527363,0.49122639710089644,0.07020526116541408,-0.9431099602677588,69.62306810948988,Software—Infrastructure,Technology,VHC
2020Q2,2020,Q2,2020-08-10,2020-06-30,-8040000.0,18000.0,-10486000.0,-0.11,18000.0,1.0,283423000.0,233707000.0,273382000.0,49699000.0,49716000.0,0.0,3462000.0,460947500.0,190764500.0,3.29559331594162,5.500754542344916,0.0,0.0,-0.03445462280954909,3.29559331594162,-0.03440205043066746,25608.194444444445,-14.332944651741293,1.9723307389166778,0.0,0.0,0.0,6.35093129350829e-05,5.489245256443792,-0.028367493111003693,-4.933983066268477,1.0,-1.0261904761904763,0.38051029390317015,-0.9669012197701474,6.937301905135287,-0.9999152841510766,-1.0268049142342763,-1.057239865934474,-0.737195331749656,-0.9626986212687405,36.1248650834732,Software—Infrastructure,Technology,VHC
2020Q1,2020,Q1,2020-05-11,2020-03-31,299945000.0,302576000.0,183194000.0,4.2,212475000.0,0.7022202686267252,448119000.0,311610000.0,437781000.0,136478000.0,136509000.0,0.0,82343000.0,384896550.0,-50915450.0,4.428480068215732,3.2077038057415845,0.0,0.0,0.5300092675867388,4.428480068215732,0.9625653862199545,1.2720656958912802,0.32080593942222735,1.2351867719264464,0.0,0.0,0.0,0.6752135035559751,3.203102331511306,0.6693422952385415,0.9027501407261469,0.7022202686267252,67.8364099299809,38.87798079587813,595.5890827163125,6.852511247369208,0.0,67.86246098974587,41.682656007106374,64.65043300340426,665.7436564579929,30.860179852314246,Software—Infrastructure,Technology,VHC
2019Q4,2019,Q4,2020-03-16,2019-12-31,-4486000.0,35000.0,-4503000.0,-0.06284,0.0,0.0,7498000.0,5628000.0,5771000.0,1826000.0,1870000.0,0.0,-217602000.0,267387000.0,264252000.0,0.07998294606693669,3.160460021905805,0.0,0.0,-0.8001066098081023,0.07998294606693669,-0.7970859985785359,7639.628571428571,-14.901192599197504,47.510127931769716,0.0,0.0,0.0,0.00466791144305148,3.0306681270536693,-0.5982928781008269,-84.29602774274906,0.0,0.10228571428571447,-1.4528180523351057,-0.941185086852322,-0.8724592290120294,0.0,0.09483454398708636,0.09505627009646302,0.48756775784295175,-0.9280554875024438,-0.5827928232652702,Software—Infrastructure,Technology,VHC
2019Q3,2019,Q3,2019-11-08,2019-09-30,-4956000.0,4000.0,-4976000.0,-0.07,0.0,0.0,7240000.0,5640000.0,5514000.0,1600000.0,1600000.0,0.0,-213116000.0,372292200.0,369720200.0,0.08180670989077934,3.44625,0.0,0.0,-0.8822695035460993,0.08180670989077934,-0.8787234042553191,93073.05,-18.77987288135593,66.00925531914893,0.0,0.0,0.0,0.0005524861878453039,3.249375,-0.6845303867403315,-126.02985781990522,0.0,-0.16666666666666682,0.17026018574294588,-0.9897529008974855,-0.8154284870729165,0.0,-0.2,-0.09314586994727592,0.4487093819806189,-0.991235116932345,-0.6262856284152455,Software—Infrastructure,Technology,VHC
2019Q2,2019,Q2,2019-08-09,2019-06-30,-4130000.0,38000.0,-4552000.0,-0.06,0.0,0.0,9226000.0,8377000.0,7389000.0,849000.0,849000.0,0.0,-208160000.0,425929920.0,421774920.0,0.12272554132848897,8.703180212014134,0.0,0.0,-0.4959583495192374,0.12272554132848897,-0.4930165930524054,11208.682105263159,-25.78268280871671,50.84516175241733,0.0,0.0,0.0,0.004118794710600477,8.168433451118963,-0.44764795144157815,-103.00602660217655,0.0,0.25000000000000006,0.5325274820470159,-0.8929514795269747,-0.7474779268803745,0.0,0.2635520684736091,0.19204827831025914,0.3683913934474043,-0.9220716080033913,-0.6089404393449568,Software—Infrastructure,Technology,VHC
2019Q1,2019,Q1,2019-05-10,2019-03-31,-5608000.0,8000.0,-5634000.0,-0.08,0.0,0.0,10798000.0,8730000.0,8867000.0,2068000.0,2068000.0,0.0,-204030000.0,419095200.0,413868200.0,0.12914965382567015,4.287717601547389,0.0,0.0,-0.6455910640661148,0.12914965382567015,-0.6423825887743414,52386.9,-18.682917261055636,48.006323024054986,0.0,0.0,0.0,0.0007408779403593258,3.998065764023211,-0.5193554361918874,-86.96725461714048,0.0,0.1572737806805014,0.3014411532998361,-0.9757367891591218,-0.7780320174532352,0.0,0.1260713729156927,0.1250194129523218,0.47837067653220716,-0.982914965382567,-0.519252113741824,Software—Infrastructure,Technology,VHC
2018Q4,2018,Q4,2019-03-18,2018-12-31,-6417000.0,35000.0,-6439000.0,-0.09493,0.0,0.0,11751000.0,9888000.0,10138000.0,1863000.0,1863000.0,0.0,-198422000.0,162230400.0,154619400.0,0.1462808450204154,5.441760601180891,0.0,0.0,-0.6509904701152677,0.1462808450204154,-0.6489684466019418,4635.154285714286,-6.320336605890603,16.406796116504854,0.0,0.0,0.0,0.002978469917453834,5.056360708534622,-0.5460811845800357,-35.741440846001325,0.0,-0.18662499999999999,0.35589992071288745,-0.9072101858139493,-0.7796457750461042,0.0,-0.3005674908796109,-0.3013338722716249,0.33568704470131044,-0.9307897903228988,-0.47539492910366427,Software—Infrastructure,Technology,VHC
2018Q3,2018,Q3,2018-11-08,2018-09-30,-4934000.0,7000.0,-4948000.0,-0.08,0.0,0.0,14549000.0,13364000.0,12836000.0,1045000.0,1185000.0,0.0,-192004000.0,271921650.0,260525650.0,0.21083852646525203,12.283253588516747,0.0,0.0,-0.3702484286141874,0.21083852646525203,-0.3692008380724334,38845.95,-13.777951459262262,20.347324902723734,0.0,0.0,0.0,0.0004811327238985497,11.526315789473685,-0.33912983710220634,-43.33412749003984,0.0,0.20000000000000004,0.2236595887161824,-0.9964921427230613,-0.7254643574854335,0.0,0.2350387596899225,0.23429278861033737,0.3317762979086401,-0.9845863427204122,-0.3980757302861056,Software—Infrastructure,Technology,VHC
2018Q2,2018,Q2,2018-08-09,2018-06-30,-6450000.0,16000.0,-6462000.0,-0.1,0.0,0.0,7371000.0,3647000.0,5558000.0,3584000.0,3724000.0,0.0,-187070000.0,209208800.0,205240800.0,0.05926997334720146,1.55078125,0.0,0.0,-1.7718672881820674,0.05926997334720146,-1.7685769125308473,13075.55,-8.108868217054264,57.364628461749376,0.0,0.0,0.0,0.002170668837335504,1.3097098214285714,-0.8750508750508751,-33.77058918482647,0.0,0.23076923076923075,0.23676735843861976,1.2179895555700015,-0.9284226157781821,0.0,0.15187376725838264,0.15063091482649843,0.42723715719880323,-0.9660924397061691,-0.8572506898559344,Software—Infrastructure,Technology,VHC
2018Q1,2018,Q1,2018-05-10,2018-03-31,-7605000.0,6000.0,-7608000.0,-0.13,0.0,0.0,8911000.0,4167000.0,7003000.0,4604000.0,4744000.0,0.0,-180620000.0,237592500.0,232048500.0,0.06927680798004987,1.5210686359687229,0.0,0.0,-1.8269751051494827,0.06927680798004987,-1.8250539956803455,39598.75,-7.810404339250493,57.017638588912895,0.0,0.0,0.0,0.0006733251038042868,1.332102519548219,-0.8534395690719335,-44.922007941009646,0.0,-0.29585326953748003,0.1804307189193407,-0.9825858561786659,-0.9256300788073469,-1.0,-0.26035797149486245,-0.25939414004303923,-0.12348032565895271,-0.9861607315045718,-0.8771594530255256,Software—Infrastructure,Technology,VHC
2017Q4,2017,Q4,2018-03-16,2017-12-31,-6034000.0,401000.0,-6041000.0,-0.10032,401000.0,1.0,7175000.0,1553000.0,5179000.0,4482000.0,5622000.0,0.0,-175516000.0,222555000.0,219420000.0,0.025818786367414796,1.1555109326193664,0.0,0.0,-3.889245979265617,0.025818786367414796,-3.8853831294269154,555.0,-9.220873384156448,143.30650354153252,0.0,0.0,0.0,0.05588850174216028,1.0236501561802767,-0.8409756097560975,-64.99853971962617,1.0,-0.6720000000000002,0.2907729892040229,41.62583333333333,-0.975518004940686,0.06933333333333333,-0.6987612612612613,-0.6959573273441887,-1.7125097790222963,-0.21171212121212118,-0.9588293744954336,Software—Infrastructure,Technology,VHC
2017Q3,2017,Q3,2017-11-09,2017-09-30,-3552000.0,375000.0,-3562000.0,-0.06,375000.0,1.0,7102000.0,2681000.0,5004000.0,3046000.0,4421000.0,0.0,-169482000.0,227393400.0,225746400.0,0.045981545638527764,1.6428102429415627,0.0,0.0,-1.328234788112404,0.045981545638527764,-1.3248787765759045,606.3824,-16.00460304054054,84.81663558373741,0.0,0.0,0.0,0.052802027597859756,1.4156270518713066,-0.5001408054069276,-106.75746478873239,1.0,0.14285714285714296,0.34065972694774344,-0.10737288950797806,-0.958236952288831,0.0,0.06477093206951026,0.06533718184203621,0.29682970108526,0.13592365080028898,-0.8962568784814877,Software—Infrastructure,Technology,VHC
2017Q2,2017,Q2,2017-08-09,2017-06-30,-3798000.0,396000.0,-3811000.0,-0.07,0.0,0.0,9445000.0,5166000.0,7245000.0,2529000.0,4279000.0,0.0,-165929000.0,264787250.0,262575250.0,0.08877051293066415,2.8647686832740216,0.0,0.0,-0.737708091366628,0.08877051293066415,-0.735191637630662,668.6546717171717,-17.42938717746182,51.25575880758807,0.0,0.0,0.0,0.041926945473795656,2.5512060102807435,-0.40211752249867655,-81.32286547911548,0.0,0.0,0.6765191838630529,8.616186957642409,-0.9229082624940748,0.0,0.02465331278890601,0.024321556579621095,0.49576976955289,0.30845907929208666,-0.8173443464621316,Software—Infrastructure,Technology,VHC
2017Q1,2017,Q1,2017-05-08,2017-03-31,-3894000.0,375000.0,-3906000.0,-0.07,0.0,0.0,12909000.0,8082000.0,10606000.0,2702000.0,4827000.0,0.0,-162131000.0,133733499.99999999,130124499.99999999,0.13899733425058045,3.925240562546262,0.0,0.0,-0.48391757690155723,0.13899733425058045,-0.48181143281366,356.62266666666665,-8.585869286081149,16.54707993071022,0.0,0.0,0.0,0.029049500348594003,3.6039970392301997,-0.30165001161980015,-21.802005216824256,0.0,0.4373442649304718,0.27924541517571533,0.0,-0.8908507547787835,-1.0,0.4617085982858723,0.4609439690863925,0.4361032887945497,0.3222031129073866,-0.7611069255777807,Software—Infrastructure,Technology,VHC
2016Q4,2016,Q4,2017-03-16,2016-12-31,-7234000.0,402000.0,-7246000.0,-0.12441,402000.0,1.0,18871000.0,11147000.0,16464000.0,5224000.0,7724000.0,0.0,-158238000.0,127919000.00000001,121292000.00000001,0.1917103792243529,3.1516079632465543,0.0,0.0,-0.6506699922140651,0.1917103792243529,-0.648963846774917,318.2064676616916,-4.420756151506774,11.475643670942855,0.0,0.0,0.0,0.021302527687986857,3.039050535987749,-0.3833395156589476,-19.813971499380422,1.0,0.04299999999999998,-0.014245104861012095,0.0,-0.8577608214955657,1.7897838899803535,0.020712061730066334,0.005626458076025799,0.15587173958414657,0.23898753237475398,-0.7112117309432824,Software—Infrastructure,Technology,VHC
2016Q3,2016,Q3,2016-11-09,2016-09-30,-7387000.0,375000.0,-7287000.0,-0.13,-509000.0,-1.3573333333333333,20986000.0,12401000.0,18476000.0,5710000.0,8585000.0,0.0,-151004000.0,173352060.0,164825060.0,0.21890169635134418,3.235726795096322,0.0,0.0,-0.5972349882838731,0.21890169635134418,-0.5956777679219418,462.27216,-5.866795045349939,13.978877509878236,0.0,0.0,0.0,0.01786905556085009,3.1120840630472855,-0.3519965691413323,-131.02952380952382,-1.3573333333333333,-0.3,-2.116574033119692,110.07923955446506,-0.8469982756304149,-2.278894472361809,-0.3841109237399288,-0.3612927330468896,-0.3004691716242062,-0.7897412602424501,-0.7149651970023173,Software—Infrastructure,Technology,VHC
2016Q2,2016,Q2,2016-08-09,2016-06-30,-5337000.0,398000.0,-5353000.0,-0.1,398000.0,1.0,21650000.0,17484000.0,19045000.0,3416000.0,4166000.0,0.0,-143617000.0,222848000.0,212933000.0,0.31382825962090755,5.57523419203747,0.0,0.0,-0.30616563715396933,0.31382825962090755,-0.3052505147563487,559.9195979899497,-10.43882330897508,12.745824754060855,0.0,0.0,0.0,0.01838337182448037,5.331381733021077,-0.24651270207852194,-33.69847270527748,1.0,0.375,0.5139549986951177,354.3938828259621,-0.721476999685644,0.0,0.38013937282229965,0.37885820375957296,0.30249599458271215,59.93612985831898,-0.6210052974553806,Software—Infrastructure,Technology,VHC
2016Q1,2016,Q1,2016-05-10,2016-03-31,-8610000.0,375000.0,-8618000.0,-0.16,0.0,0.0,21494000.0,14543000.0,18787000.0,5826000.0,6951000.0,0.0,-138279000.0,248479650.0,239210650.0,0.2686432067978203,3.2246824579471336,0.0,0.0,-0.5930696696035723,0.2686432067978203,-0.5920374063123152,662.6124,-7.214856271777004,17.08585917623599,0.0,0.0,0.0,0.01744672931981018,3.066941297631308,-0.4005769051828417,-32.54055133577789,0.0,-0.1196641007697691,-0.10455140815003568,19.15427118478314,-0.7720473211283756,-1.0,-0.11297828335056877,-0.11228704181724317,-0.030972534166772626,0.2093155431481971,-0.7116066010973114,Software—Infrastructure,Technology,VHC
2015Q4,2015,Q4,2016-03-15,2015-12-31,-7736000.0,405000.0,-7748000.0,-0.1429,404000.0,0.9975308641975309,22172000.0,15095000.0,19365000.0,5577000.0,7077000.0,0.0,-129669000.0,139126950.0,130400950.0,0.2788399371940519,3.4722969338353953,0.0,0.0,-0.5132162026008815,0.2788399371940519,-0.5124875786684333,343.5233333333333,-4.496088094622544,9.216757204372307,0.0,0.0,0.0,0.018266281796860906,3.349471041778734,-0.3489085332852246,-29.855568669527898,0.9975308641975309,-0.19083333333333338,0.7863745988668042,1.0018502406004717,-0.7680233043796605,1.617737003058104,-0.2688207315072987,-0.2697476237299246,-0.01030828186897935,46.83447630922693,-0.7355972559058848,Software—Infrastructure,Technology,VHC
2015Q3,2015,Q3,2015-11-09,2015-09-30,-6097000.0,375000.0,-6102000.0,-0.12,-654000.0,-1.744,24515000.0,18333000.0,21611000.0,4307000.0,6182000.0,0.0,-121933000.0,186326840.0,176336840.0,0.35027417413401096,5.017645693057813,0.0,0.0,-0.3332249928055118,0.35027417413401096,-0.332569683085147,496.87157333333334,-7.6401033295063145,10.163466972126766,0.0,0.0,0.0,0.015296757087497451,4.827257952170885,-0.24870487456659188,-22.79227400611621,-1.744,0.3333333333333333,-1.5652340837432224,20.869508432101814,-0.7620496567465096,0.829509906152242,0.36130316362874504,0.3621825023518344,-0.2607839431188612,-0.0056073615401932425,-0.6818611283459806,Software—Infrastructure,Technology,VHC
2015Q2,2015,Q2,2015-08-10,2015-06-30,-9546000.0,400000.0,-9567000.0,-0.18,-3836000.0,-9.59,32042000.0,21657000.0,29036000.0,10385000.0,10385000.0,0.0,-115836000.0,219072000.0,206028000.0,0.4152032208588957,2.7959557053442463,0.0,0.0,-0.44175093503255297,0.4152032208588957,-0.44078127164427205,547.68,-5.7372721558768065,10.115528466546614,0.0,0.0,0.0,0.012483615254977841,2.704092441020703,-0.2979214780600462,-33.11746031746032,-9.59,-0.6363636363636362,-1.0999023832785118,-0.9983024446350325,-0.7344498923091102,-11.229333333333333,-0.6304013663535439,-0.6612259072755686,0.09288345202004493,9.837167689161554,-0.6394215076906256,Software—Infrastructure,Technology,VHC
2015Q1,2015,Q1,2015-05-11,2015-03-31,-5855000.0,375000.0,-5759000.0,-0.11,375000.0,1.0,38767000.0,29341000.0,35657000.0,9301000.0,9426000.0,0.0,-106289000.0,316844430.0,303554430.0,0.5639571760816499,3.8336737985162888,0.0,0.0,-0.19634531473773223,0.5639571760816499,-0.19955011758290447,844.91848,-13.528797181895817,10.798692273610307,0.0,0.0,0.0,0.009673175639074471,3.7307816363831847,-0.1510305156447494,-45.471359070034445,1.0,-1.7857142857142856,-0.012608175655466408,12.914868203870222,7.986000059275011,1.0662544169611308,-1.7993174061433448,-1.7986409651920676,-0.21116121950848113,0.0,-0.557146182419367,Software—Infrastructure,Technology,VHC
2014Q4,2014,Q4,2015-03-02,2014-12-31,7325000.0,440000.0,7211000.0,0.14,-5660000.0,-12.863636363636363,45090000.0,32627000.0,41882000.0,11963000.0,12463000.0,0.0,-100435000.0,285628230.0,266970230.0,0.6271166894112672,3.5009612973334447,0.0,0.0,0.22062172412989714,0.6271166894112672,0.2245073098967113,649.1550681818181,9.748403754266212,8.754351610629234,0.0,0.0,0.0,0.009758261255267244,3.4463763270082755,0.16245287203371037,17.222082001808865,-12.863636363636363,2.555555555555556,2.803606088937913,25.67486364579809,11.491153920482542,0.0,2.6394359892569383,2.15376,2.147772025652621,0.0,-0.5347118758557644,Software—Infrastructure,Technology,VHC
2014Q3,2014,Q3,2014-11-10,2014-09-30,-4468000.0,292000.0,-6250000.0,-0.09,0.0,0.0,28488000.0,22858000.0,25196000.0,4630000.0,5630000.0,0.0,-107760000.0,309432000.0,300934000.0,0.44322500581711005,5.441900647948164,0.0,0.0,-0.27342724647825706,0.44322500581711005,-0.1954676699623764,1059.6986301369864,-17.313786929274844,13.537142357161606,0.0,0.0,0.0,0.010249929795001405,5.277969762419007,-0.15683796686324067,-228.5317577548006,0.0,0.30769230769230776,-0.23093371048335606,64.26129827436651,252.51065472209592,-1.0,0.33013493253373316,-0.012801814940852373,-1.741867243449219,94.01191861216681,-0.6902071052711565,Software—Infrastructure,Technology,VHC
2014Q2,2014,Q2,2014-08-08,2014-06-30,-6670000.0,268000.0,-6171000.0,-0.13,268000.0,1.0,30010000.0,25045000.0,26625000.0,4965000.0,4965000.0,0.0,-103291000.0,907496130.0,898677130.0,0.4859992626084257,5.362537764350453,0.0,0.0,-0.2463964863246157,0.4859992626084257,-0.26632062287881814,3386.1795895522387,-34.01409782608696,36.23462287881812,0.0,0.0,0.0,0.008930356547817394,5.183484390735146,-0.2222592469176941,-174.6528348729792,1.0,-0.08333333333333341,-0.23166088752506056,25.96607696925811,6.164350137438379,0.072,-0.095777887300805,0.11246943765281174,0.3432978534432119,257.7170162808298,-0.5686750041701937,Software—Infrastructure,Technology,VHC
2014Q1,2014,Q1,2014-05-09,2014-03-31,-6087000.0,250000.0,-6953000.0,-0.12,250000.0,1.0,35370000.0,29821000.0,31723000.0,5549000.0,5549000.0,0.0,-96620000.0,726767540.0,713311540.0,0.5818391118568669,5.716885925391963,0.0,0.0,-0.23323447542674305,0.5818391118568669,-0.20411790349082862,2907.07016,-29.849167898800722,24.370998289795782,0.0,0.0,0.0,0.007068136839129205,5.57613984501712,-0.1720949957591179,-89.69116870294953,1.0,0.18583350295135354,-0.2918719807425676,56.247624065336126,64.36287188371146,-0.1258741258741259,0.19420174741858617,0.0534985025864416,0.17520706166648298,13.191708720637301,-0.5062901988067852,Software—Infrastructure,Technology,VHC
2013Q4,2013,Q4,2014-03-03,2013-12-31,-7554000.0,286000.0,-7346000.0,-0.14739,286000.0,1.0,39398000.0,34024000.0,39345000.0,5374000.0,5374000.0,0.0,-90533000.0,994820730.0,975647730.0,0.6638440676643318,7.321362113881652,0.0,0.0,-0.2278191212618476,0.6638440676643318,-0.22201975076416647,3478.394160839161,-32.92364078633836,29.23879408652716,0.0,0.0,0.0,0.007259251738666937,7.254931149981392,-0.19173562109751763,-183.3770930875576,1.0,-0.4738999999999999,-0.777715882754243,7.009597239503983,28.4761905803052,-0.8225806451612904,-0.47136735488897546,-0.431131891681278,0.7796706969657086,1.0013800603119538,-0.4477249034926919,Software—Infrastructure,Technology,VHC
2013Q3,2013,Q3,2013-11-12,2013-09-30,-5134000.0,1612000.0,-5133000.0,-0.1,1612000.0,1.0,44809000.0,39323000.0,44750000.0,5486000.0,5486000.0,0.0,-82980000.0,1044541199.9999999,1023593199.9999999,0.7679823447844852,8.157127232956617,0.0,0.0,-0.13053429290745874,0.7679823447844852,-0.13055972331714263,647.9784119106699,-50.86390728476821,26.563110647712534,0.0,0.0,0.0,0.03597491575353166,8.069084943492527,-0.1145751969470419,-533.473544433095,1.0,0.28571428571428575,-0.19722411167250092,44.9627624324247,18.039433640617844,267.6666666666667,0.2695973822734386,0.21967163271511098,-1.2079878765233667,95.09544551927955,-0.4782896483707823,Software—Infrastructure,Technology,VHC
2013Q2,2013,Q2,2013-08-09,2013-06-30,-7029000.0,6000.0,-6578000.0,-0.14,6000.0,1.0,46926000.0,42379000.0,46861000.0,4547000.0,4547000.0,0.0,-77847000.0,1041492650.0000001,1008614650.0000001,0.8280544754684539,10.30591598856389,0.0,0.0,-0.1634501930280818,0.8280544754684539,-0.16586044975105596,173582.10833333337,-37.04270344287951,24.57567781212393,0.0,0.0,0.0,0.00012786088735455825,10.17374092808445,-0.14978902953586498,137.23713928053763,1.0,0.06666666666666654,-0.5722581108297864,-0.9193700666919783,6.844258055711309,-0.9795221843003413,0.10923837282980611,0.3096862210095498,-1.0749710768818233,-0.9999740485879454,-0.47040402364966377,Software—Infrastructure,Technology,VHC
2013Q1,2013,Q1,2013-05-10,2013-03-31,-7891000.0,293000.0,-9529000.0,-0.15,293000.0,1.0,54341000.0,47648000.0,54273000.0,6693000.0,6693000.0,0.0,-70815000.0,896165520.0,878588520.0,0.9315164903911947,8.108919766920664,0.0,0.0,-0.20003810797498298,0.9315164903911947,-0.16561030893216924,3058.5853924914677,-28.39201368647827,18.808040631296173,0.0,0.0,0.0,0.005391877219778804,5.777379351561333,-0.14521263870742165,-119.5365506202481,1.0,-0.06052036199095011,-0.7712992377007443,4.986820987896396,4.335457003813588,35.625,-0.09067035245335177,0.09531947213519415,-0.38810151772679496,10.058344247503927,13.84262917980678,Software—Infrastructure,Technology,VHC
2012Q4,2012,Q4,2013-03-01,2012-12-31,-7235000.0,8000.0,-10533000.0,-0.14144,8000.0,1.0,61313000.0,53944000.0,61231000.0,7369000.0,7369000.0,0.0,-62925000.0,1497701280.0,1478040280.0,1.0546030380637719,8.309268557470485,0.0,0.0,-0.12991465498686353,1.0546030380637719,-0.1341205694794602,187212.66,-51.75194471319973,27.764001186415545,0.0,0.0,0.0,0.0001304780389150751,6.263265029176279,-0.11800107644382105,-211.0627508455468,1.0,-0.5715555555555557,-0.18815547126337204,-0.8069538216151713,3.321272673593337,-0.9782608695652174,-0.5331638058910786,-0.12399957315121118,-0.8119543620175241,-0.5066965256522357,18.642654045329827,Software—Infrastructure,Technology,VHC
2012Q3,2012,Q3,2012-11-09,2012-09-30,-4719000.0,368000.0,-9371000.0,-0.09,368000.0,1.0,62073000.0,56233000.0,61922000.0,5840000.0,5840000.0,0.0,-55694000.0,1353971740.0,1333129740.0,1.1010102987821593,10.603082191780821,0.0,0.0,-0.10015309409772466,1.1010102987821593,-0.08391869542795156,3679.271032608696,-71.72980186480187,24.077885583198476,0.0,0.0,0.0,0.005928503536159039,9.061643835616438,-0.07602339181286549,-122.40952355121598,1.0,0.55,-0.10098915029773825,3.7217551663674184,78.23118271013526,9.222222222222221,0.5402377240841777,0.20138060337480826,-0.3127607405777427,82.04907090590497,625.7748152024085,Software—Infrastructure,Technology,VHC
2012Q2,2012,Q2,2012-08-09,2012-06-30,-10264000.0,36000.0,-11734000.0,-0.2,36000.0,1.0,69533000.0,58581000.0,69369000.0,10952000.0,10952000.0,0.0,-50976000.0,1793308500.0,1755359500.0,1.1514919212171246,6.33391161431702,0.0,0.0,-0.14839892774545801,1.1514919212171246,-0.17521039244806336,49814.125,-43.67957180436477,30.61245967122446,0.0,0.0,0.0,0.000517739778234795,5.821037253469686,-0.14761336343894266,683.6860465116279,1.0,-1.2222222222222223,-1.1037628905059946,-0.9818166864696156,30.746461319402915,0.0,-1.1805821117484598,-0.624532742627717,-0.9198685738647727,2.66923068350634,13.23604214887083,Software—Infrastructure,Technology,VHC
2012Q1,2012,Q1,2012-05-10,2012-03-31,-4707000.0,0.0,-7223000.0,-0.09,0.0,0.0,73127000.0,64511000.0,72978000.0,8616000.0,8616000.0,0.0,-40711000.0,1212245940.0,1172288940.0,1.2734612499506495,8.470055710306406,0.0,0.0,-0.07660191041873876,1.2734612499506495,-0.07296430066190263,0.0,-64.38527405991077,18.791305978825317,0.0,0.0,0.0,0.0,6.951253481894151,-0.06436747029141084,-295.9584814453125,0.0,0.2663242846661776,-2.4415729485583633,-1.0,8.446771421139012,0.0,0.2425168973286128,-0.07999401913875598,-0.010721785997107434,-1.0,139.6812271385151,Software—Infrastructure,Technology,VHC
2011Q4,2011,Q4,2012-02-29,2011-12-31,-6214000.0,0.0,-6688000.0,-0.12267,0.0,0.0,74633000.0,68277000.0,74470000.0,6356000.0,6356000.0,0.0,-36001000.0,1264930260.0,1215448260.0,1.3478029136562832,11.71648835745752,0.0,0.0,-0.07082681841528174,1.3478029136562832,-0.09101161445289044,0.0,-50.89033875120695,18.526447559207348,0.0,0.0,0.0,0.0,10.056639395846444,-0.0832607559658596,-825.1338943248533,0.0,-2.115181818181818,-12.844896504874525,-1.0,7.323727706354885,-1.0,-2.0569824800136076,-0.6,-0.4795439568117127,-1.0,56.784922279422844,Software—Infrastructure,Technology,VHC
2011Q3,2011,Q3,2011-11-09,2011-09-30,5879000.0,3000.0,-4180000.0,0.11,3000.0,1.0,75776000.0,72025000.0,75647000.0,3751000.0,3751000.0,0.0,-29758000.0,754626580.0,704006580.0,1.4307139168090262,20.167155425219942,0.0,0.0,-0.07720980817191612,1.4307139168090262,0.0816244359597362,251542.19333333333,32.0899209049158,10.4772867754252,0.0,0.0,0.0,3.9590371621621624e-05,17.39029592108771,0.07758393158783784,-264.0400909727082,1.0,1.5499999999999998,14.499924833362563,-0.9970423120443657,8.178359570645961,2.0,1.5995920448750638,-0.1134789557805008,2.3944019855138126,-0.912998391566421,34.46954283882412,Software—Infrastructure,Technology,VHC
2011Q2,2011,Q2,2011-08-09,2011-06-30,-9805000.0,1000.0,-3754000.0,-0.2,1000.0,1.0,73804000.0,56054000.0,73647000.0,17750000.0,17750000.0,0.0,-35667000.0,1439707120.0,1386656120.0,1.126758864677977,4.14912676056338,0.0,0.0,-0.06111232931124731,1.126758864677977,-0.1749206122667428,1439707.12,-36.70849362570117,25.684288721589898,0.0,0.0,0.0,1.3549401116470653e-05,3.7126197183098593,-0.13285187794699474,-762.1530545262043,1.0,-0.4285714285714285,-8.663096560863371,-0.9995592259503483,5.764622199703187,-0.9411764705882353,-0.37672002246559955,-0.3640988372093023,-1.256285584481698,-0.9861751247729514,9.673920089730943,Software—Infrastructure,Technology,VHC
2011Q1,2011,Q1,2011-05-10,2011-03-31,-7122000.0,17000.0,-2752000.0,-0.14,17000.0,1.0,73687000.0,58290000.0,73513000.0,15397000.0,15397000.0,0.0,-25861000.0,984768510.0,941215510.0,1.1785042760963182,4.774501526271352,0.0,0.0,-0.04298713803644208,1.1785042760963182,-0.12218219248584664,57927.559411764705,-34.56783593091828,16.894295934122493,0.0,0.0,0.0,0.00023070555186125097,4.3413652010131845,-0.0966520553150488,-81.90705397987192,1.0,0.7907136663975842,-17.28059317561826,-0.9872906537953174,7.413079629358653,1.0000850174226203,0.7847448018453796,0.21937448977102597,-0.6533054508694756,-0.6407731339759256,5.750131595933152,Software—Infrastructure,Technology,VHC
2010Q4,2010,Q4,2011-03-16,2010-12-31,-33086309.0,-199991514.0,-3525378.0,-0.66894,-199959014.0,-0.9998374931048324,81694120.0,59452964.0,79915812.0,22241156.0,22241156.0,0.0,-17755080.0,734495850.0,699861317.0,1.2020170235134753,3.5931501042481786,0.0,0.0,-0.0597710213114753,1.2020170235134753,-0.5565123548760328,-3.6726350799064402,-5.549847294843314,12.354234349022532,0.0,0.0,0.0,-2.4480527362312,1.5573481881966926,-0.40500233064509417,-284.8181380350113,0.9998374931048324,-12.378799999999998,-25.759242257443788,-144.117059401215,8.17022007664163,-12870.03166430686,-14.36230054407833,-0.44864815554470727,-4.619197466208014,-4991.8443497463795,3.9253066124665237,Software—Infrastructure,Technology,VHC
2010Q3,2010,Q3,2010-11-08,2010-09-30,-2153734.0,15538.0,-2433564.0,-0.05,15538.0,1.0,77419573.0,69815214.0,74678417.0,7604359.0,7604359.0,0.0,14772852.0,696232587.84,621683828.84,1.4720473580526046,9.820474940754375,0.0,0.0,-0.03189535071282504,1.4720473580526046,-0.03084906393039202,44808.378674218045,-80.81691934101426,9.972505245633137,0.0,0.0,0.0,0.00020069860111473361,9.803424456946338,-0.027818985775083002,-22.55792088560287,1.0,-1.0290697674418605,-3.754871790451224,-0.9904208340646373,12.583496534786773,-0.9998896324370906,-1.026552275102131,-1.0211427886268567,0.45887611152510493,-0.7853047958246188,104.93184579004023,Software—Infrastructure,Technology,VHC
2010Q2,2010,Q2,2010-08-09,2010-06-30,81112974.0,200023392.0,115101373.0,1.72,140784118.0,0.7038382690760489,127400470.0,69230355.0,127249230.0,58170115.0,58170115.0,0.0,16928024.0,262122338.24,134942426.24,1.563558849474118,2.18753616010558,0.0,0.0,1.1715207800789225,1.563558849474118,1.1716388569724943,1.3104584199831988,0.8078927615204936,3.786234206656892,0.0,0.0,0.0,1.5700365312624043,2.1864771799058675,0.6366771959318518,2.2927708643589457,0.7038382690760489,16.636363636363637,101.49275112614207,103.13117551773512,16.947349519623263,0.0,19.202935881606038,26.822820100997205,20.102228279018437,115.08199764203438,42.10708535668537,Software—Infrastructure,Technology,VHC
2010Q1,2010,Q1,2010-05-07,2010-03-31,-4456038.0,20769.0,-4457351.0,-0.11,0.0,0.0,4801539.0,2516355.0,4635373.0,2201184.0,2285184.0,0.0,-40586950.0,192456878.4,188025141.4,0.06275953398192496,2.1058543947257475,0.024991986944186022,0.04768802494083704,,0.06275953398192496,-1.7708304273443134,9266.545254947277,-10.797533503978197,76.48240347645701,0.0,0.0,0.0,0.004325488140364995,2.0735794917644323,-0.9280436959899732,-32.07911906503336,0.0,-0.4091724314629771,-11.12474414741711,-0.9764962219164942,-0.2149235445648433,-1.0,-0.4237034376905018,-0.42401283778905313,-3.1163994026664703,-0.9825872643782204,-0.5344381526745104,Software—Infrastructure,Technology,VHC
2009Q4,2009,Q4,2010-03-31,2009-12-31,-3129892.0,12712.0,-3130134.0,-0.07806,12712.0,1.0,2241605.0,-2396720.0,2062175.0,4518325.0,4638325.0,0.0,-36130912.0,117879838.02,116028368.02,-0.05977575909804427,0.4564025385513437,0.0713774282266501,-0.0667579024667045,,-0.05977575909804427,1.3059064054207417,9273.115011013215,-9.41564741051768,-49.183817058313025,0.0,0.0,0.0,0.005670936672607351,0.4466947375410135,-1.3962727599197897,-61.70055614323886,1.0,-0.1151428571428571,-4.611274393509116,-0.990734981137033,-1.7665166079365995,2.9319517476028456,-0.19336223682690426,-0.19283597378312123,-8.53781046672519,-0.9856121756001386,-1.3691616460622027,Software—Infrastructure,Technology,VHC
2009Q3,2009,Q3,2009-11-09,2009-09-30,-2622751.0,3233.0,-2624111.0,-0.07,3233.0,1.0,4298250.0,-65669.0,4106256.0,4243919.0,4363919.0,0.0,-33001020.0,109556933.22,105700685.22,-0.001762251409614622,0.9675622932482925,0.03722445181178387,-2.436461648570863,,-0.001762251409614622,39.938951407817996,33887.081107330654,-10.442940753811552,-1668.320413284807,0.0,0.0,0.0,0.0007521665794218577,0.9463535944017781,-0.6101904263362996,-65.46614154850045,1.0,0.3636363636363636,-5.328222780429664,-0.9957335268051029,-1.0288586035826393,-0.5514083529901485,0.33214085093791806,0.33200614202516787,-7.136223695560054,-0.9956939929981246,-1.0113052490098058,Software—Infrastructure,Technology,VHC
2009Q2,2009,Q2,2009-08-10,2009-06-30,-3927102.0,7207.0,-3928346.0,-0.11,7207.0,1.0,850565.0,-3516761.0,630310.0,4247326.0,4367326.0,0.0,-30378270.0,57549776.9,57295041.9,-0.09410656707515402,0.1484016060928688,0.1881102561238706,-0.04549640990672952,,-0.09410656707515402,1.116681514609608,7985.261121132232,-3.663628860416664,-16.36442649927021,0.0,0.0,0.0,0.008473191349279596,0.09850079791379329,-4.617051019028528,-51.94595153979048,1.0,-0.22222222222222227,-7.572816460688609,-0.9951942019533722,-2.2312386112319054,1.2850348763474952,-0.15400904141277363,-0.15361964739584785,-5.08584214353281,-0.99577114064052,-1.5649792450990658,Software—Infrastructure,Technology,VHC
2009Q1,2009,Q1,2009-05-11,2009-03-31,-3403008.0,3154.0,-3405235.0,-0.09,3154.0,1.0,1943439.0,-339912.0,1722544.0,2163351.0,2283351.0,0.0,-26451169.0,45382551.438,44016509.438,-0.009182650573741416,0.7962387980498773,0.08232828506580346,-0.4707100661347643,,-0.009182650573741416,10.011438254607075,14388.887583386177,-3.334002699817338,-133.51264867965824,0.0,0.0,0.0,0.0016228963193596507,0.7066684971601926,-1.7510238294075604,-20.124960837910493,1.0,-0.08551441321915329,-8.288880256575945,-0.9966038064591154,-1.1565317686110181,-0.8776997944860212,-0.1088407932543016,-0.10705795836839045,-11.39431033670404,-0.9968493480330163,-1.0655528978998363,Software—Infrastructure,Technology,VHC
2008Q4,2008,Q4,2009-03-31,2008-12-31,-3068978.0,25789.0,-3075932.0,-0.08291,25789.0,1.0,978982.0,-894351.0,648156.0,1713333.0,1873333.0,0.0,-23048161.0,54784809.24,54531654.24,-0.02416070254441211,0.3783012409146383,0.20837972506133923,-0.22809836406511538,,-0.02416070254441211,3.431514025254067,2124.347948350072,-4.462789342250091,-61.25649687874224,0.0,0.0,0.0,0.026342670243170968,0.2674955773337699,-3.1348666267612684,-30.3514426417509,1.0,-0.03637499999999995,-7.888161105667565,-0.9829099294517095,-1.556526037460613,0.0788119640242627,-0.049986058247444724,-0.043687923625871004,-4.068649294952555,-0.9753408108126815,-1.184322647021189,Software—Infrastructure,Technology,VHC
2008Q3,2008,Q3,2008-11-04,2008-09-30,-2922875.0,23905.0,-2947176.0,-0.08,23905.0,1.0,3079152.0,1407740.0,2793845.0,1511412.0,1671412.0,0.0,-19979183.0,68937940.3705,66881770.3705,0.040336407021378376,1.848499945746097,0.06625200704609581,0.14491312316194752,,0.040336407021378376,-2.0762889454018496,2883.829339907969,-5.896415376170722,48.970648252163045,0.0,0.0,0.0,0.007763501119788825,1.4981447811715138,-0.9492467406610651,-35.41541164607984,1.0,0.11111111111111106,-5.448964935952363,-0.9788386185853077,0.31687649230554354,-0.5289098218508592,0.04123803997450627,0.04812049745410855,-6.080689116923202,-0.9799726089219477,-0.6277908845775992,Software—Infrastructure,Technology,VHC
2008Q2,2008,Q2,2008-08-14,2008-06-30,-3048593.0,50744.0,-3096165.0,-0.09,50744.0,1.0,4967641.0,3684076.0,4679361.0,1123565.0,1283565.0,0.0,-17056308.0,162283549.20000002,158278827.20000002,0.10556186061032981,4.164744362809451,0.04106576944670519,0.05537345049342087,,0.10556186061032981,-0.8275054586278894,3198.083501497714,-13.30806942743751,44.050000380013884,0.0,0.0,0.0,0.01021490884707651,3.757638409882828,-0.6136902807590162,-65.58835003722305,1.0,0.0,-13.827263676258916,-0.9522407361582891,12.92388441531128,0.5235693268480154,-0.00556051237987489,0.012583468287950525,-5.887233127677879,-0.9664845184320848,0.211694468009662,Software—Infrastructure,Technology,VHC
2008Q1,2008,Q1,2008-05-15,2008-03-31,-3031735.0,33306.0,-3135622.0,-0.09,33306.0,1.0,7348923.0,6077489.0,7061694.0,1111434.0,1271434.0,0.0,-14007716.0,229746653.39999998,223267657.39999998,0.1745898223386265,6.353678221108946,0.027759169608934535,0.03356649432026944,,0.1745898223386265,-0.4988466453826572,6898.056007926499,-18.945146376579746,37.802890864960844,0.0,0.0,0.0,0.004532092661741047,6.022892047570976,-0.41254140232521147,-123.62265854736013,1.0,0.24395161290322587,-20.928606692944527,-0.9659759832652436,106.278265168587,0.18098007233529537,0.2683980667804385,0.2398969373801742,-8.934386476600283,-0.9565858291587784,1.1839926172195347,Software—Infrastructure,Technology,VHC
2007Q4,2007,Q4,2008-03-31,2007-12-31,-4143968.0,28202.0,-4125259.0,-0.11904,28202.0,1.0,9279166.0,8495376.0,8994508.0,579790.0,783790.0,0.0,-10975981.0,204683382.12,196345935.12,0.24404917664842032,15.513389330619708,0.02715761308721064,0.029663195601936865,,0.24404917664842032,-0.4877910053657425,7257.761226863343,-12.34827236358968,24.093504763061695,0.0,0.0,0.0,0.003039281763037756,14.824862450197486,-0.4465884110705639,-54.752771865436884,1.0,-0.48800000000000004,-11.732257569346178,-0.9829003233434803,347.3604373286935,-0.3956368935367735,-0.6147743643238099,-0.5935885747838651,-6.5072459354189816,-0.9763244937908679,2.1294917852475677,Software—Infrastructure,Technology,VHC
2007Q3,2007,Q3,2007-11-15,2007-09-30,-2566283.0,46664.0,-2588660.0,-0.08,46664.0,1.0,1158933.0,424945.0,953105.0,733988.0,733988.0,0.0,-6862013.0,137610000.0,137073737.0,0.013896173969914978,1.29852940375047,0.0,0.0,,0.013896173969914978,-6.039094471049195,2948.954225955769,-13.405575300931346,323.8301427243525,0.0,0.0,0.0,0.040264622717620435,0.7462260963394497,-2.214349751020982,-35.830553586088755,1.0,0.11111111111111106,-93.82488725790104,-0.9722863771322303,0.0706854212181512,-0.28017646968084287,-15.064168210726626,-15.204241574440383,-6.545435321984076,-0.924958702347595,-0.7724364561576018,Software—Infrastructure,Technology,VHC
2007Q2,2007,Q2,2007-08-20,2007-06-30,-159752.0,64827.0,-159752.0,-0.09,64827.0,1.0,105592.0,60421.0,104368.0,45171.0,45171.0,0.0,-6291391.0,7496091.0,7423755.0,0.036271504708253945,2.310508954860419,0.0,0.0,-2.643981397196339,0.036271504708253945,-2.643981397196339,115.63223656809663,-11.730824966197606,124.06433193757137,0.0,0.0,0.0,0.6139385559512084,2.310508954860419,-1.5129176452761572,-45.57642287791917,1.0,-2.0,-14.301915708812263,-0.22904848549716358,3.391380187513627,0.0,-2.5520967670209456,-2.5520967670209456,-6.998272819434536,-0.03023276687410239,-0.5254435639054045,Software—Infrastructure,Technology,VHC
2007Q1,2007,Q1,2007-05-10,2007-03-31,-44974.0,49554.0,-44974.0,-0.03,0.0,0.0,268306.0,224556.0,266872.0,43750.0,43750.0,0.0,-6131638.0,6246742.5,6005550.5,0.13480385977171302,6.099931428571429,0.0,0.0,,0.13480385977171302,-0.20027966297939045,126.0592989466037,-34.72418786409926,27.818194570619355,0.0,0.0,0.0,0.18469210528277413,6.099931428571429,-0.1676220434876596,-96.51652452025586,0.0,-4.0,-2.5739033693579145,-0.6881552616011982,5.787244975064229,-1.0,-3.6070372732015534,-4.858277973166602,-3.1405997144217035,0.18572932618683,1.2979298206117418,Software—Infrastructure,Technology,VHC
