Quarters,Year,Quarter,FillingDate,Date,NetIncome,Revenue,OperatingIncome,EPSDiluted,GrossProfit,GrossProfitRatio,TotalAssets,CommonStockEquity,CurrentAssets,CurrentLiability,TotalLiability,Inventory,RetainedEarnings,MarketCap,EnterpriseValue,bookValuePerShare,currentRatio,debtToAssets,debtToEquity,roic,shareholdersEquityPerShare,roe,priceToSalesRatio,peRatio,pbRatio,payoutRatio,inventoryTurnover,dividendYield,assetTurnover,quickRatio,returnOnAssets,priceToFreeCashFlowsRatio,grossProfitMargin,epsdilutedGrowth,fiveYNetIncomeGrowthPerShare,fiveYRevenueGrowthPerShare,fiveYShareholdersEquityGrowthPerShare,grossProfitGrowth,netIncomeGrowth,operatingIncomeGrowth,threeYNetIncomeGrowthPerShare,threeYRevenueGrowthPerShare,threeYShareholdersEquityGrowthPerShare,Industry,Sector,Symbol
2023Q1,2023,Q1,2023-05-03,2023-03-31,7400000.0,263400000.0,-2300000.0,0.14,174100000.0,0.6609719058,2294900000.0,1227300000.0,903000000.0,316100000.0,1067600000.0,142500000.0,-976660000.0,2335888000.0,2692888000.0,22.89738805970149,2.8566909205947484,0.24894330907664822,0.465493359406828,-0.0009503856265062662,22.89738805970149,0.0060294956408376114,8.86821564160972,78.91513513513513,1.9032738531736333,0.0,0.6266666666666667,0.0,0.11477624297355005,1.3188864283454602,0.0032245413743518235,178.3120610687023,0.6609719058466211,3.6666666666666674,-0.6332884083760695,-0.052089670259871663,-0.391998467668409,-0.05122615803814714,3.3529411764705883,-1.1642857142857144,-0.8218371199109156,-0.016746549803981894,-0.20261582406683795,Medical Devices,Healthcare,LIVN
2022Q4,2022,Q4,2023-02-27,2022-12-31,1700000.0,274900000.0,14000000.0,0.03,183500000.0,0.6675154602,2294800000.0,1207600000.0,886100000.0,297400000.0,1087200000.0,129400000.0,-984030000.0,2971390000.0,3328190000.0,22.57196261682243,2.979488903833221,0.2488234268781593,0.47283868830738657,0.002056716995741386,22.57196261682243,0.0014077509108976483,10.80898508548563,436.96911764705885,2.4605746936071546,0.0,0.7063369397217929,0.0,0.11979257451629771,1.3357969065232012,0.0007408052989367265,310.6523784631469,0.6675154601673335,1.0149253731343282,1.0431591508171085,1.57661609729248,-0.400671950896186,0.0736142477679355,1.0158285304606103,6.62474889513861,1.010723581759719,-0.13524608143797648,-0.2104722348180983,Medical Devices,Healthcare,LIVN
2022Q3,2022,Q3,2022-11-02,2022-09-30,-107401000.0,252605000.0,-2489000.0,-2.01,170918000.0,0.6766216029,2212878000.0,1146963000.0,851222000.0,288016000.0,1065915000.0,122041000.0,-985691000.0,2717921180.0,3064603180.0,21.42494489483319,2.9554677517915673,0.2611061251456248,0.5037616732187524,-0.0014293441311494066,21.42494489483319,-0.09363946352236296,10.759570000593813,-6.326573262818782,2.3696677050611052,0.0,0.6693406314271433,0.0,0.11415224879094103,1.3999465307482917,-0.048534532857211286,91.83096867925804,0.6766216028978048,-7.699999999999999,-4.473291501550067,-0.26582880981960466,-0.46079123978782266,-0.07311279826464208,-7.548841463414634,-1.1410677850827478,-4.022947681741433,-0.14985977548202054,-0.30657882045965096,Medical Devices,Healthcare,LIVN
2022Q2,2022,Q2,2022-08-03,2022-06-30,16400000.0,254200000.0,17644000.0,0.3,184400000.0,0.7254130606,2336200000.0,1282000000.0,771900000.0,263900000.0,1054200000.0,119400000.0,-878347000.0,3342519820.0,3731419820.0,23.959929727507195,2.924971580143994,0.21312387638044689,0.38837753510140405,0.008457015704068649,23.959929727507195,0.012792511700468018,13.149173170731707,50.95304603658537,2.6072697503900155,0.0,0.5845896147403685,0.0,0.10880917729646435,1.0832322849564229,0.007019946922352538,-204.96197081187148,0.7254130605822188,4.357142857142857,-0.6893494508883169,-0.28837558265749946,-0.37433224641870094,0.094732342691593,4.408970976253298,0.856286165176223,1.504106227106651,-0.17138456260671364,-0.21914039046849196,Medical Devices,Healthcare,LIVN
2022Q1,2022,Q1,2022-05-04,2022-03-31,3032000.0,240175000.0,9505000.0,0.056,168443000.0,0.7013344436,2416883000.0,1291854000.0,809623000.0,307914000.0,1125029000.0,114844000.0,-894791000.0,4361539000.0,4735207000.0,24.237410881801125,2.6293802815071743,0.20787311591003785,0.3889023062977705,0.0028184302834687743,24.237410881801125,0.002347014445904878,18.159837618403248,359.625577176781,3.376185699003138,0.0,0.6246038103862631,0.0,0.09937386294661348,1.0095318822788182,0.001254508389524855,211.6430027173913,0.7013344436348495,1.3499999999999999,-0.7574023690278875,-0.2402988672123792,-0.32849107925197196,-0.14721472653540635,1.3556181093126907,-0.8837891699575748,1.1848272888920448,-0.13317258333567553,-0.2135099499172205,Medical Devices,Healthcare,LIVN
2021Q4,2021,Q4,2022-03-01,2021-12-31,-8526000.0,270064000.0,81791000.0,-0.16,197521000.0,0.7313858937,2200951000.0,1294645000.0,679181000.0,696970000.0,906306000.0,105840000.0,-897784000.0,4660019000.0,4738721000.0,24.289774859287053,0.974476663271016,0.13026278186111367,0.22145221276875127,0.06667846321891355,24.289774859287053,-0.0065855890997145936,17.255239498785475,-136.64142036124795,3.5994569940022174,0.0,0.6854024943310658,0.0,0.12270332233657179,0.564365754623585,-0.0038737800160021734,179.95825448928363,0.7313858937140826,0.8048780487804877,0.7079987913519381,-0.20891627505826735,-0.3098319355774549,0.16113691141026396,0.7980051647752849,3.577512872173718,0.9629720024027532,-0.1725349956070726,-0.2165828883253452,Medical Devices,Healthcare,LIVN
2021Q3,2021,Q3,2021-11-03,2021-09-30,-42209000.0,253215000.0,17868000.0,-0.82,170110000.0,0.6718006437,2203409000.0,1312498000.0,646355000.0,658465000.0,890911000.0,123733000.0,-879655000.0,4084778580.0,4191771580.0,25.444883874219688,0.9816087415428306,0.13108732877100893,0.22006814486574455,0.011384424088922679,25.444883874219688,-0.032159287099866055,16.131661157514365,-24.193765429173872,3.112216993854467,0.0,0.6716478223271075,0.0,0.11491965404516365,0.5525791044322781,-0.019156225648529167,197.50404119524225,0.6718006437217384,0.2743362831858407,-4.473836389306697,-0.18410329785445703,-0.31272133262699814,-0.020555043758636572,0.236409356513559,1.5125498407963054,-5.350130490091528,-0.12170079063397593,-0.3060706596888146,Medical Devices,Healthcare,LIVN
2021Q2,2021,Q2,2021-07-28,2021-06-30,-55277000.0,264483000.0,-34861000.0,-1.13,173680000.0,0.6566773668,2396522000.0,1040470000.0,809102000.0,702248000.0,1356052000.0,127168000.0,-837418000.0,4115334080.0,4503425080.0,21.26532864617397,1.1521599207117714,0.29938260529216926,0.6895700981287303,-0.02079218057475953,21.26532864617397,-0.053126952242736454,15.559919087427168,-18.612325560359643,3.9552645246859592,0.0,0.7140396955208858,0.0,0.11036118174588007,0.7284691448035452,-0.023065509100271143,214.01706172967914,0.6566773667872793,-0.8524590163934425,-7.163479897899862,-0.17329003081344402,-0.4275085594404625,0.03185023675283242,-0.8638141479533347,-7.616245966976656,-4.636895116251954,-0.08810001315970135,-0.4215654668730728,Medical Devices,Healthcare,LIVN
2021Q1,2021,Q1,2021-04-28,2021-03-31,-29658000.0,247603000.0,5269000.0,-0.61,168319000.0,0.6797938636,2369169000.0,1065757000.0,690630000.0,295356000.0,1303412000.0,124523000.0,-782100000.0,3593305280.0,4052790280.0,21.867962081418252,2.3382968350058912,0.3005374458301624,0.668092257428288,0.0031831773834400945,21.867962081418252,-0.02782810715763537,14.512365682160555,-30.28951109312833,3.3715990418078423,0.0,0.6367016535097934,0.0,0.10451048447789077,1.4668603312612576,-0.012518313383300221,319.12125044404974,0.6797938635638502,0.8939130434782608,0.26342076201218284,-0.13427512670196814,-0.41413323899943044,-0.025102372967744552,0.8938074010419464,1.1580526142124365,-2.61640314669134,-0.020008529546372607,-0.4193331387927414,Medical Devices,Healthcare,LIVN
2020Q4,2020,Q4,2021-03-01,2020-12-31,-279285000.0,269555000.0,-33337000.0,-5.75,172653000.0,0.6405112129,2411351000.0,1118829000.0,719434000.0,309052000.0,1292522000.0,126675000.0,-752402000.0,3217805999.9999995,3674143999.9999995,23.02117283950617,2.327873626444741,0.2940832753091524,0.6338216117029501,-0.016628090043047678,23.02117283950617,-0.2496225964825724,11.937474726864645,-2.880396369300177,2.876048082414739,0.0,0.7649654627985001,0.0,0.11178588268568118,1.4145062966749933,-0.11582096509384159,105.8279944747747,0.640511212925006,-18.166666666666668,0.0,0.0,0.0,0.1322770407192933,-17.96801140994295,-7.9567436861902205,-6.8052908959532035,1.7812490541007493,-0.3887445748425907,Medical Devices,Healthcare,LIVN
2020Q3,2020,Q3,2020-10-29,2020-09-30,-14724000.0,240083000.0,-3722000.0,-0.3,152483000.0,0.6351261855,2521748000.0,1350792000.0,673136000.0,281759000.0,1170956000.0,178091000.0,-472576000.0,2199556920.0,2677872920.0,27.764367343582997,2.389048797021568,0.2800148944303713,0.5227503568276981,-0.0013865799905345305,27.764367343582997,-0.010900271840520228,9.161652095317036,-37.34645680521597,1.6283461258284029,0.0,0.4918833629998147,0.0,0.09520499272726696,1.4895815217969968,-0.005838807049713135,-1199.9764975450082,0.6351261855275051,0.8342541436464088,0.6861013349684318,0.9020051828778475,1.5955465511379576,0.25837012585104185,0.832584793459846,0.6656485806683435,-1.5239474293795068,-0.2322040775284942,-0.30124487288556867,Medical Devices,Healthcare,LIVN
2020Q2,2020,Q2,2020-07-29,2020-06-30,-87949000.0,182206000.0,-11132000.0,-1.81,121175000.0,0.6650439612,2502663000.0,1333186000.0,672439000.0,268364000.0,1169477000.0,177246000.0,-457804000.0,2339647430.0,2807259430.0,27.425603258521733,2.5056974855047622,0.2797663928383486,0.5251787822554392,-0.02165559200172983,27.425603258521733,-0.06596903957887347,12.840671712237796,-6.650579966798941,1.7549294922088892,0.0,0.3443293501686921,0.0,0.07280484827561681,1.560168278904771,-0.03514216656417584,-82.44872361419459,0.665043961230695,-3.3506493506493507,-4.787082476863876,0.20277974943702845,1.4317448963092765,-0.29552695223477976,-3.340127185163505,-2.9160068846815834,-2.8336950529933955,-0.4385567057742953,-0.2838328085047972,Medical Devices,Healthcare,LIVN
2020Q1,2020,Q1,2020-04-30,2020-03-31,37583000.0,242397000.0,5810000.0,0.77,172008000.0,0.7096127427,2454436000.0,1392708000.0,616922000.0,529724000.0,1061728000.0,170256000.0,-369811000.0,2194625000.0,2662417000.0,28.715628865979383,1.1646102498659678,0.24185393304205122,0.42623076768425255,-0.018342207532061797,28.715628865979383,0.02698555619699176,9.053845550893781,14.598521938110315,1.575796936615572,0.0,0.41343036368762337,0.0,0.0987587372414681,0.6629301296524228,0.015312275406651466,-19.14328954484395,0.7096127427319645,1.260135135135135,0.918025632764409,0.7559371620666874,1.7019831627389692,-0.1594523011366413,1.262054010333503,-0.8457085192266837,2.304716988311395,-0.15738791123617507,-0.20441993402548628,Medical Devices,Healthcare,LIVN
2019Q4,2019,Q4,2020-03-02,2019-12-31,-143417000.0,287590000.0,37656000.0,-2.96,204638000.0,0.7115615981,2411797000.0,1383717000.0,549443000.0,512553000.0,1028080000.0,164154000.0,-406755000.0,3650812000.0000005,3984575000.0000005,28.589194214876034,1.071973044738788,0.1637214906561373,0.28536398700023197,0.019594562459149856,28.589194214876034,-0.10364619354969261,12.694502590493412,-6.363980560184636,2.638409443549512,0.0,0.505330360515126,0.0,0.1192430374529863,0.6221190784172563,-0.05946478911782376,-712.0756777842794,0.7115615981084182,-5.484848484848484,-5.70538608038741,1.1657906103949598,1.7698741957021236,0.14064189603469227,-5.465315399464474,75.1259842519685,-4.409060036723343,-0.07229182813963374,-0.1876685169382272,Medical Devices,Healthcare,LIVN
2019Q3,2019,Q3,2019-10-30,2019-09-30,32118000.0,268610000.0,-508000.0,0.66,179406000.0,0.6679051413,2509941000.0,1495282000.0,546846000.0,469191000.0,1014659000.0,167756000.0,-263525000.0,3571067050.0000005,3892707050.0000005,30.8974480834797,1.1655082898009552,0.15815232310241556,0.26547032599870796,-0.0003902999493297739,30.8974480834797,0.02147956037723988,13.29461691671941,27.796461874961082,2.388223124467492,0.0,0.5317484918572212,0.0,0.10701845182815055,0.6788109746350633,0.012796316726170057,-42.13350146302327,0.6679051412829009,2.081967213114754,0.021042001282021508,1.0090560766871945,2.042276020058261,-0.08983633836257192,2.0927091484367026,-1.0192767426858422,1.8174127378110712,-0.0775016276537573,-0.16544492602084432,Medical Devices,Healthcare,LIVN
2019Q2,2019,Q2,2019-07-31,2019-06-30,-29393000.0,277169000.0,26353000.0,-0.61,197114000.0,0.711168998,2621659000.0,1483328000.0,568444000.0,595909000.0,1138331000.0,168669000.0,-295643000.0,3493192920.0000005,3719085920.0000005,30.684042861280048,0.9539107481175817,0.10314232323883464,0.18229548690512146,0.01202215389340025,30.684042861280048,-0.01981557686499547,12.603115499929647,-29.711095498928316,2.35496998640894,0.0,0.47462782135425,0.0,0.10572275036532211,0.5044931356968934,-0.011211603034567042,-137.1385411432161,0.7111689979759641,-0.9677419354838709,-2.199694808141947,1.1239972558386067,2.096467082474162,0.20485330073349634,-0.9794598962893124,2.787128712871287,-4.3170978537181846,-0.12313463373826135,-0.173944019764523,Medical Devices,Healthcare,LIVN
2019Q1,2019,Q1,2019-05-01,2019-03-31,-14849000.0,250801000.0,-14746000.0,-0.31,163600000.0,0.6523099988,2599544000.0,1486806000.0,540602000.0,622310000.0,1112738000.0,161267000.0,-266428000.0,4658151300.0,4846673300.0,30.81718691705012,0.8687020938117659,0.09205383713451282,0.16094769593343045,-0.0057182005608345365,30.81718691705012,-0.00998718057365924,18.573096997220905,-78.42533672301165,3.132991997610986,0.0,0.5407243887466128,0.0,0.0964788439818676,0.478595876653115,-0.0057121556703791125,-1236.567905495089,0.6523099987639602,0.9282407407407408,-1.4479057362626488,0.8625565047445756,2.1897372905962778,-0.1983260891935729,0.929129160660933,-1.4205093107479967,0.6274681674733822,-0.11418745593525181,-0.17437366065387222,Medical Devices,Healthcare,LIVN
2018Q4,2018,Q4,2019-03-18,2018-12-31,-209522000.0,296983000.0,35067000.0,-4.32,204073000.0,0.6871538102,2549701000.0,1503738000.0,533297000.0,496746000.0,1045963000.0,153535000.0,-251579000.0,4436295000.0,4557423000.0,31.004907216494846,1.0735808642646343,0.06602029022226527,0.11194237293996694,0.01572964405667365,31.004907216494846,-0.13933411272442406,14.937875231915632,-5.29335224940579,2.95017815603516,0.0,0.6051388934119256,0.0,0.11647757913574965,0.6106521240231426,-0.08217512563237807,555.091966966967,0.6871538101507494,-32.23076923076923,-9.380608605497114,1.4213542997073008,2.4799322420902783,0.17049234863606122,-32.40060577076359,3.661925019941505,0.0,0.0,0.0,Medical Devices,Healthcare,LIVN
2018Q3,2018,Q3,2018-11-01,2018-09-30,-6273000.0,272082000.0,7522000.0,-0.13,174348000.0,0.6407921141,2610680000.0,1784992000.0,573238000.0,347067000.0,825688000.0,153056000.0,-40932000.0,6021722679.8,6098847679.8,36.667831140861104,1.6516637997850558,0.06016555073773883,0.08799647281332354,0.002719866081859133,36.667831140861104,-0.003514301464656424,22.132014171463016,-239.98575959668423,3.373529225789247,0.0,0.6385505958603387,0.0,0.10421882421438093,0.9573137175242821,-0.0024028222532060614,153.6349707819875,0.6407921141420602,-1.4193548387096775,-1.2530589235422898,1.174579975137215,3.237670177365674,-0.10112753463289391,-1.4163679808841099,-0.6518720784930809,0.8663439585683258,1.1542680717742408,2.4278851550121057,Medical Devices,Healthcare,LIVN
2018Q2,2018,Q2,2018-08-02,2018-06-30,15066000.0,287498000.0,21607000.0,0.31,193963000.0,0.6746586063,2597136000.0,1783034000.0,554691000.0,368020000.0,814102000.0,157831000.0,-33755000.0,4841270000.0,4954891000.0,36.76358762886598,1.5072305852942776,0.06199174783299758,0.0902960908204779,0.011724645983897232,36.76358762886598,0.008449642575520153,16.839317143075778,80.3343621399177,2.7151865864588114,0.0,0.5926275573239731,0.0,0.11069809205216824,0.8404298679419597,0.005801005415195816,233.22429906542055,0.6746586063207396,-0.16216216216216217,-0.01467052394170144,1.3680403942776838,3.3107294378633627,0.19667458432304039,-0.1714694236691597,0.21265012908294983,-0.34977354157403195,0.902177664695333,2.2597155929007786,Medical Devices,Healthcare,LIVN
2018Q1,2018,Q1,2018-05-03,2018-03-31,18184000.0,250398000.0,17818000.0,0.37,162085000.0,0.6473094833,2704876000.0,1818982000.0,848071000.0,459475000.0,885894000.0,154326000.0,-48821000.0,4274550000.0,4393187000.0,37.66008281573499,1.8457391588225693,0.06787778811302256,0.10093612801006277,0.007327660098193469,37.66008281573499,0.009996800408140378,17.07102293149306,58.76801033875935,2.3499682789604295,0.0,0.5722496533312598,0.0,0.09257282034370522,0.7619348169106045,0.006722674163251846,293.8440915652712,0.6473094833025823,1.4999999999999998,-0.10010981500286792,1.0909353616611286,3.5219319181986957,1.86263047279278,1.5124129963085073,-0.3470389914980944,-0.06814788890437697,0.8214078048952238,2.543607216487842,Medical Devices,Healthcare,LIVN
2017Q4,2017,Q4,2018-02-28,2017-12-31,-35487000.0,96121000.0,27288000.0,-0.74,56621000.0,0.5890596228,2503891000.0,1815314000.0,869858000.0,406016000.0,688577000.0,144470000.0,-39664000.0,3852144000.0,3904773000.0,37.66211618257262,2.1424229587011347,0.05840669581862789,0.0805612692900512,-0.13764922284155945,37.66211618257262,-0.019548684139493223,40.07598755734959,-27.137712401724578,2.122026272038887,0.0,0.27341316536305116,0.0,0.038388651902179445,0.969969163776797,-0.01417274154505927,508.80253599260334,0.5890596227671373,-2.298245614035088,-2.548979094731224,-0.11781979851258662,3.6553330616011324,-0.7165960087892727,-2.275134746676249,-0.14895209580838323,-2.1691284788688874,-0.2731257407372775,2.6489074503317758,Medical Devices,Healthcare,LIVN
2017Q3,2017,Q3,2017-11-02,2017-09-30,27830000.0,309664000.0,32064000.0,0.57,199789000.0,0.645179937,2603130000.0,1914426000.0,722054000.0,356357000.0,688704000.0,214593000.0,72024000.0,3375560860.0,3434585860.0,39.73404454037899,2.0262096717617446,0.04770526251090034,0.064866962734522,0.01476623986493968,39.73404454037899,0.014536994378471666,10.90072097499225,30.323040424002876,1.7632234727275957,0.0,0.5120157693866995,0.0,0.11895833093237757,1.149249207957189,0.010690975863671811,102.21538456879846,0.645179936963935,-0.41836734693877553,0.1771659492957155,1.8226776102240494,4.363695123385837,-0.0521264280563252,-0.4140805928670681,0.031693426429421793,-0.11134537675324832,1.3264048044222356,2.9123597055174026,Medical Devices,Healthcare,LIVN
2017Q2,2017,Q2,2017-08-09,2017-06-30,47498000.0,321387000.0,31079000.0,0.98,210776000.0,0.6558323765,2533685000.0,1843520000.0,671381000.0,342448000.0,690165000.0,204680000.0,44194000.0,2946649400.0,3029724400.0,38.294972995429994,1.960534154090548,0.04963718852185651,0.06822003558409999,0.014990269024236776,38.294972995429994,0.025764841173407396,9.168539486662498,15.509334077224304,1.5983821168199965,0.0,0.5404094195817862,0.0,0.12684568129029458,1.093912068401626,0.0187466082010984,-327.2600399822301,0.6558323765429218,3.260869565217391,2.359337841900025,2.04285459341255,4.576057723016066,0.14282616003556828,3.2141779788838614,-0.005312850056008961,0.9467972135933684,1.4731823027395934,2.8645208468998713,Medical Devices,Healthcare,LIVN
2017Q1,2017,Q1,2017-05-03,2017-03-31,11271000.0,285105000.0,31245000.0,0.23,184434000.0,0.6468985111,2370647000.0,1734928000.0,660677000.0,323828000.0,635719000.0,192388000.0,-3304000.0,2355763670.0,2416134670.0,36.09395219173237,2.0402096174512394,0.051922534227997676,0.0709481892043935,0.012053950005532475,36.09395219173237,0.006496523198657235,8.262793251609056,52.252765282583624,1.3578452074091836,0.0,0.5232706821631287,0.0,0.12026463661607992,1.1344942376817322,0.004754398271864179,91.87487500487501,0.6468985110748672,1.4181818181818182,-0.39541716377454084,1.8307151561356585,4.408783771227134,0.1399169324334347,1.4242161918024765,9.97844827586207,-0.6587551058067128,1.1251976253804294,2.7359096266917957,Medical Devices,Healthcare,LIVN
2016Q4,2016,Q4,2017-03-01,2016-12-31,-26569000.0,310641000.0,-3480000.0,-0.55,161796000.0,0.5208456063,2342631000.0,1706909000.0,620073000.0,316811000.0,635722000.0,183489000.0,-14575000.0,2181045000.0,2265793000.0,35.194,1.957233176878328,0.0531611679346854,0.07296053861102145,-0.0013882725141431624,35.194,-0.015565563249124587,7.021111186224613,-20.52246038616433,1.2777746206739784,0.0,0.8111930415447247,0.0,0.13260347020081267,0.9959218587738431,-0.011341521562721573,70.02423989469291,0.5208456063430134,-3.291666666666667,-2.5888576053131085,2.2367118674967896,4.599045657705858,-0.14309320283453558,-3.298356401384083,-1.091830272324256,-2.0627255850910777,1.5327103605774592,2.9501081062087118,Medical Devices,Healthcare,LIVN
2016Q3,2016,Q3,2016-11-02,2016-09-30,11560000.0,295268000.0,37896000.0,0.24,188814000.0,0.6394665186,2496960000.0,1816887000.0,647330000.0,316895000.0,680073000.0,197649000.0,15224000.0,2949898250.0,3032753250.0,37.022659195109526,2.0427270862588554,0.05866613802383699,0.08062526728409637,0.010469476485700449,37.022659195109526,0.006362531076506134,9.990578897814867,63.79537737889274,1.6236002844425659,0.0,0.5386012577852658,0.0,0.11825099320774062,1.0980829612332161,0.004629629629629629,119.36142469855143,0.6394665185526369,-0.040000000000000036,-0.27246036544096375,2.1243634185950766,5.247061260618275,-0.008293372130277898,0.28444444444444444,0.1136056420805172,-0.5374113786353798,1.340899120983949,3.2786773549597052,Medical Devices,Healthcare,LIVN
2016Q2,2016,Q2,2016-08-05,2016-06-30,9000000.0,321047000.0,34030000.0,0.25,190393000.0,0.5930377795,2524865000.0,1823831000.0,662338000.0,343913000.0,701034000.0,192730000.0,16793000.0,2466293000.0,2556642000.0,37.14523421588595,1.9258882333613443,0.061086434324211396,0.08456649766343483,0.010267216654279801,37.14523421588595,0.004934667740596579,7.68203097988768,68.50813888888888,1.3522596117732397,0.0,0.6779121050173819,0.0,0.12715412507203355,1.0773596810821342,0.003564547015384981,-523.0738069989395,0.5930377795151489,1.3246753246753247,-0.24854112766984632,2.5043635809288864,5.165751124155097,0.1651815767248871,1.2227722772277227,73.30131004366812,-0.41858495221237374,1.612059954356036,3.355479563834075,Medical Devices,Healthcare,LIVN
2016Q1,2016,Q1,2016-05-09,2016-03-31,-40400000.0,286969000.0,458000.0,-0.77,163402000.0,0.5694064516,2617710000.0,1825233000.0,683669000.0,381548000.0,792477000.0,210762000.0,7836000.0,2639622000.0,2726915000.0,37.325828220858895,1.7918295994213047,0.06676102394841292,0.09574722788816552,0.00022124855700506854,37.325828220858895,-0.02213416040582216,9.1982827413414,-16.334294554455443,1.4461835831370569,0.0,0.5862869018134199,0.0,0.10962597079126413,1.0037872037070041,-0.01543333677145291,4105.166407465008,0.5694064515679393,0.0,-4.138706025778163,2.239912604428276,5.004374862796147,0.0,0.0,0.0,-2.9747845875749146,1.3669168842193586,3.4817972076944677,Medical Devices,Healthcare,LIVN
2015Q3,2015,Q3,2015-12-02,2015-10-18,-25091348.0,67520767.0,29452154.0,-0.96,57984724.0,0.85876874,357647076.0,278385949.0,282405984.0,71012507.0,79261127.0,25935518.0,65154622.0,1819918250.0100002,1630141729.0100002,10.69692521269185,3.976848528949978,0.0,0.0,0.09999489698287846,10.69692521269185,-0.09013151737769638,26.95345937065555,-18.1329262382595,6.5373926254086925,0.0,0.367682766158748,0.0,0.18879160918961352,3.412678656732961,-0.07015672623589407,64.2446084971265,0.8587687399937267,-3.0425531914893615,-2.0803182527502138,0.5277107138658323,0.8748533671209933,-0.18990523655375652,-3.020372701295288,-0.19140389855933265,-2.9648795671830888,0.13945029124603917,0.4439769789917045,Medical Devices,Healthcare,LIVN
2015Q2,2015,Q2,2015-07-31,2015-07-31,12419168.0,81010801.0,36423814.0,0.47,71577705.0,0.8835575518,338227386.0,293183207.0,263614931.0,36302703.0,45044179.0,24737577.0,90245970.0,1817876783.5200002,1655518108.5200002,11.278158042048858,7.26157859374824,0.0,0.0,0.08028237303807069,11.278158042048858,0.04235975220777226,22.439930985499085,36.59417409282168,6.200480587280022,0.0,0.3813265947590583,0.0,0.23951579426510425,6.179861124941578,0.03671839866923136,106.59388767045552,0.8835575517886807,0.17499999999999988,0.8524290201661194,0.9321412627756288,1.5896850820144766,0.07673099044421,0.181196002077979,0.06800597363914163,0.6265822621129569,0.42036836550913526,0.6421910066176862,Medical Devices,Healthcare,LIVN
2015Q1,2015,Q1,2015-04-30,2015-04-30,10514062.0,74071607.0,34104504.0,0.4,66476869.0,0.8974676221,315944195.0,276573731.0,240720970.0,31449176.0,39370464.0,23963303.0,77826802.0,1819863285.0300002,1695676191.0300002,10.62761206730492,7.654285441373727,0.0,0.0,0.07688108530490248,10.62761206730492,0.03801540356701483,24.568972629822927,43.27212653468279,6.5800294136755895,0.0,0.31693201892911005,0.0,0.23444522220134476,6.415941263453135,0.03327822497260948,121.51522473325072,0.8974676221078881,-0.3548387096774193,-0.031803835834393536,0.6561611786889506,1.662717473226305,0.014521170763736619,-0.36438125776080227,0.4410489383195887,0.04168324739024597,0.35836000395343226,0.5925785951947748,Medical Devices,Healthcare,LIVN
2014Q4,2014,Q4,2015-01-31,2015-01-31,16541460.0,72065231.0,23666444.0,0.62,65525364.0,0.9092507315,301387066.0,271116345.0,225020215.0,26285395.0,30270721.0,21177588.0,67312740.0,1836865505.7900002,1720651426.7900002,10.321477509424966,8.56065564165956,0.0,0.0,0.06036478167618091,10.321477509424966,0.061012404102747844,25.48892829872425,27.76153836768339,6.77519278961215,0.0,0.3088107578634545,0.0,0.23911189009020048,7.246609875940613,0.05488443886971579,95.42536703091142,0.9092507314657744,-0.03125000000000003,0.9758047441887558,0.8659662462187556,1.9022239638933525,-0.016893258321267805,-0.042362180928942485,-0.0988228484827715,0.8264656778674989,0.3864332198238745,0.6420532997174101,Medical Devices,Healthcare,LIVN
2014Q3,2014,Q3,2014-10-31,2014-10-31,17273190.0,73417194.0,26261700.0,0.64,66651322.0,0.9078434951,296747726.0,269893332.0,221773736.0,25249416.0,26854394.0,19110638.0,50771280.0,1858367861.91,1741526310.91,10.156030511290687,8.78332140434456,0.0,0.0,0.06391236955811208,10.156030511290687,0.06400006206896583,25.312433786423384,26.896709031597528,6.885564189892621,0.0,0.3540369505193913,0.0,0.24740608795768834,7.539702977684712,0.05820833147681812,82.66548771902075,0.9078434950810024,0.28,-0.6403114935936098,0.8827103393225444,2.2219742214433356,0.016125786955899064,0.2777141381105543,0.19353927112648178,1.0075368408893415,0.4346140964988384,0.7136895660137244,Medical Devices,Healthcare,LIVN
2014Q2,2014,Q2,2014-07-31,2014-07-31,13518822.0,72003966.0,22003214.0,0.5,65593574.0,0.9109716818,289923233.0,264323905.0,215097909.0,24150468.0,25599328.0,18685693.0,33498090.0,1865322190.6200001,1757642828.6200001,9.909371565727307,8.906573114856407,0.0,0.0,0.05066339815682669,9.909371565727307,0.05114490874368703,25.90582566826944,34.49490995998025,7.056956088099562,0.0,0.34306418284834284,0.0,0.24835528099950513,7.495679835272758,0.046628970917967104,114.56140850326285,0.9109716817543078,-0.26470588235294124,0.7740615278325222,0.9303481100733345,6.820320016442321,-0.02715759837801792,-0.2663980031263285,-0.060415269950234905,1.0777472700948032,0.44673212098490545,0.6448602401037904,Medical Devices,Healthcare,LIVN
2014Q1,2014,Q1,2014-04-30,2014-04-30,18428006.0,74849270.0,23418020.0,0.68,67424666.0,0.9008059264,294191394.0,259099844.0,220431202.0,29897697.0,35091550.0,17630111.0,19979268.0,1875394348.38,1772095232.38,9.66135581381665,7.372848885317153,0.0,0.0,0.0712896058876895,9.66135581381665,0.07112318446629401,25.05561307919236,25.442176820161663,7.238114540817709,0.0,0.4211320053515262,0.0,0.2544237238972395,5.98715392693959,0.06263951419326698,132.66747663208938,0.9008059263637441,0.3333333333333334,1.900314683842113,0.9919215157722943,9.896366920167264,0.09222879051273629,0.3257688942689579,0.10975094836757567,1.6105222882428682,0.540868810887233,0.5541624862483825,Medical Devices,Healthcare,LIVN
2013Q4,2013,Q4,2014-01-31,2014-01-31,13899863.0,68191414.0,21102050.0,0.51,61731266.0,0.9052644956,269181993.0,240246923.0,197716613.0,23989116.0,28935070.0,18083321.0,1551262.0,1885652729.7300003,1794052693.7300003,8.909629573095147,8.241929923553664,0.0,0.0,0.0578451559424882,8.909629573095147,0.057856570342006,27.652348281412674,33.914951710855,7.848811157219276,0.0,0.35724345102318317,0.0,0.25332829005393387,6.616275647672886,0.05163741766337245,164.3884212736521,0.9052644956152398,0.020000000000000018,0.40516698413996677,0.9149259318070558,14.195762005085887,-0.022853133405765978,0.000820897231097295,-0.03589185822609091,1.015618167948912,0.5105161009345679,0.4460749101413972,Medical Devices,Healthcare,LIVN
2013Q3,2013,Q3,2013-10-31,2013-10-31,13888462.0,70101119.0,21887638.0,0.5,63175013.0,0.9011983532,265682604.0,235998719.0,198772644.0,25087035.0,29683885.0,18088317.0,-12348601.0,1907282847.9600003,1809546270.9600003,8.652827994191721,7.923321508500307,0.0,0.0,0.058837030539971344,8.652827994191721,0.05884973468860227,27.207594902443716,34.33214649613471,8.081750850351014,0.0,0.38290494356108423,0.0,0.2638528753655245,6.5761890155612255,0.05227463819949612,279.504505987866,0.9011983531960452,0.6129032258064516,0.6270481018106447,0.9031812504508296,61.59529615030425,0.013584337676078055,0.6011736784473375,-0.23173599192832084,-0.4294172316557464,0.5134409639640541,0.5165838198794626,Medical Devices,Healthcare,LIVN
2013Q2,2013,Q2,2013-07-31,2013-07-31,8673926.0,68872357.0,28489735.0,0.31,62328324.0,0.9049831705,265798765.0,234643260.0,203668776.0,26898799.0,31155505.0,17684428.0,-26237063.0,1923997446.63,1817675611.63,8.528391345082436,7.571668013876754,0.0,0.0,0.07791539472951807,8.528391345082436,0.03696644003326582,27.935699175069615,55.453477659078494,8.199670626081483,0.0,0.37004493444741327,0.0,0.25911466142440504,6.366090545529561,0.03263343228852098,711.5877810266924,0.9049831705338617,-0.2439024390243902,3.057640654089139,0.9606921207099266,34.98174148133152,0.005546886453215573,-0.24784316711196108,0.3922173106753763,0.22243208037027806,0.5520326274709075,0.9582850105130388,Medical Devices,Healthcare,LIVN
2013Q1,2013,Q1,2013-04-30,2013-04-30,11532071.0,68343568.0,20463569.0,0.41,61984503.0,0.9069544481,264043310.0,229568228.0,207358343.0,29025478.0,34475082.0,17718454.0,-34910989.0,1927605065.4,1806896493.4,8.328317077081696,7.144011306204845,0.0,0.0,0.0504902170745555,8.328317077081696,0.05023374140432011,28.204630249916132,41.787920517485546,8.396654372398606,0.0,0.3588950254915017,0.0,0.2588346889000899,6.034652900462139,0.04367492211789043,106.74203925821898,0.9069544481493854,-0.1276595744680851,2.807136685676317,0.9328411617312689,15.4541975772521,0.08113482653869342,-0.12526444051933425,0.0010767770245301263,0.0025841536823519363,0.4426772593448588,1.0866357619447913,Medical Devices,Healthcare,LIVN
2012Q4,2012,Q4,2013-01-31,2013-01-31,13183494.0,62700033.0,20441558.0,0.47,57332815.0,0.9143984821,250410287.0,224392220.0,193751927.0,21658197.0,26018067.0,17427845.0,-46443060.0,1939623165.2700002,1823091995.2700002,8.090101327705927,8.945893649411353,0.0,0.0,0.05906879884737766,8.090101327705927,0.05875201020784054,30.934962430881022,36.78128054046219,8.643896679082724,0.0,0.3079679673533934,0.0,0.2503892062549331,7.720957797179516,0.05264757353998001,101.02478120734423,0.9143984820550254,-0.020833333333333353,13.733842466045239,1.0602777972881205,15.591448935935707,-0.007839740534363773,-0.028260684972783768,0.013265278556078149,0.4912851974391251,0.5374668698556736,1.274798925071887,Medical Devices,Healthcare,LIVN
2012Q3,2012,Q3,2012-10-31,2012-10-31,13566904.0,62955645.0,20173945.0,0.48,57785841.0,0.9178818039,233528977.0,204823478.0,179891952.0,24051817.0,28705499.0,17234393.0,-59626554.0,1933501772.7900002,1815003413.7900002,7.407961046692908,7.479349772202242,0.0,0.0,0.06265055126524469,7.407961046692908,0.06623705510947334,30.712127129981756,35.629016258794195,9.43984445372029,0.0,0.299970181717453,0.0,0.2695838683864915,6.460255830152042,0.058095163068350185,119.17658043903295,0.9178818039271935,0.6551724137931035,4.192652104889889,1.086812601621094,12.050984398108815,0.044763084863775525,0.6801050844002743,0.16832719690588774,-0.7284674651539201,0.5516991252811645,1.3501563430088221,Medical Devices,Healthcare,LIVN
2012Q2,2012,Q2,2012-07-31,2012-07-31,8075033.0,60321172.0,17267376.0,0.29,55309995.0,0.9169250723,212828397.0,188817941.0,163621945.0,18982901.0,24010456.0,14334782.0,-73193458.0,1922614790.67,1820326767.67,6.8677504605738555,8.619438356655813,1.8794484459702996e-05,2.118442759631618e-05,0.05571382855187664,6.8677504605738555,0.04276623798159095,31.87296809601113,59.523434476057254,10.182373457138802,0.0,0.34958166786212724,0.0,0.2834263324362679,7.061556450196943,0.037941520557522215,170.64945889111368,0.9169250723444167,-0.2564102564102565,1.9481630368103504,0.9886400693901256,11.522689176933314,0.04093604154138797,-0.24272096046034874,-0.03897597486687767,0.028100834649643774,0.5689552811020304,4.419920530633039,Medical Devices,Healthcare,LIVN
2012Q1,2012,Q1,2012-04-30,2012-04-30,10663220.0,57609008.0,17967684.0,0.39,53134864.0,0.9223360347,211908195.0,183469370.0,161102911.0,23036636.0,28438825.0,14385875.0,-81268491.0,1922614790.67,1825964515.67,6.673210414463185,6.993334920949396,1.88760986803743e-05,2.180200433456549e-05,0.05822829438392608,6.673210414463185,0.05811989216510636,33.37350975857804,45.07584929013,10.479213999971767,0.0,0.3110095145411732,0.0,0.27185832997161813,5.466124567840548,0.050319998242635215,89.87345314327017,0.9223360346701336,0.14705882352941171,1.949244042966142,0.7568462230980865,11.94891035468526,0.05348777415733848,0.12218622581924324,0.09570787553276287,0.637025595357551,0.4954619740131116,6.526246896681395,Medical Devices,Healthcare,LIVN
2011Q4,2011,Q4,2012-01-31,2012-01-31,9502184.0,54536585.0,16398243.0,0.34,50437096.0,0.9248304785,197814442.0,173232576.0,134993672.0,18805810.0,24581866.0,13946690.0,-91931711.0,1927251848.9700003,1849119117.9700003,6.28571405763823,7.178296069140335,2.022097051943255e-05,2.309034531703783e-05,0.055717871976177995,6.28571405763823,0.05485217745650795,35.338696931060134,50.70549699337542,11.125227676404236,0.0,0.2939399240966853,0.0,0.27569566937888185,5.585190534201931,0.04803584563355592,97.65342918485143,0.9248304784760542,0.06250000000000006,1.4531587124556375,0.5922736920371702,10.703890298806755,0.01822368000159566,0.05255005275940669,0.08837373501990045,-0.06013798821415923,0.4984196758227463,9.720559599955575,Medical Devices,Healthcare,LIVN
2011Q3,2011,Q3,2011-10-31,2011-10-31,9027774.0,53695061.0,15066739.0,0.32,49534397.0,0.9225130967,197691327.0,165246266.0,129521012.0,26294371.0,32445061.0,13668336.0,-101433895.0,1949859588.6000001,1887076633.6000001,5.9264120600996595,4.925807580641499,0.0356515387243063,0.04265149325673719,0.05360342487254834,5.9264120600996595,0.05463224203807425,36.313574326696454,53.996134279613116,11.799719508336727,0.0,0.3044016477206882,0.0,0.27161060535548937,3.801612443971373,0.0456660094147681,223.05647917629264,0.9225130966887253,0.3333333333333334,1.6587056270246534,0.43371414559684135,29.89715250392445,0.08295477734804003,0.31130847401298617,0.3089917921395884,0.03451949908776304,0.4259401738408576,41.87217060823194,Medical Devices,Healthcare,LIVN
2011Q2,2011,Q2,2011-07-31,2011-07-31,6884554.0,52662076.0,11510186.0,0.24,45740042.0,0.8685575176,199901869.0,170034528.0,142128640.0,23360180.0,29867341.0,13750996.0,-110461669.0,1973710893.42,1899148498.42,6.0244459219842454,6.084227090715911,0.035257299170124316,0.04145040470838958,0.038521051415021344,6.0244459219842454,0.04048915288546571,37.47879011492065,71.671705001515,11.60770648547335,0.0,0.5033841912251301,0.0,0.2634396379755709,4.7662490186291375,0.03443966799530023,275.1807226796769,0.8685575175577962,-0.07692307692307698,1.7236071591877689,0.40026601995175176,49.40553834954595,0.018177841314034986,-0.07331115327807299,-0.11666176911753634,2.1394576891305217,0.46144806412190004,25.004663435991947,Medical Devices,Healthcare,LIVN
2011Q1,2011,Q1,2011-04-30,2011-04-30,7429197.0,51122589.0,13030327.0,0.26,44923431.0,0.8787393573,211469205.0,175453350.0,151600176.0,29134093.0,36015855.0,15270904.0,-117346223.0,1973710893.42,1891445043.42,6.216438692416486,5.203531683653237,0.033328729826170196,0.040170221885190566,0.04102965353356575,6.216438692416486,0.042342862077013634,38.60741273138573,66.4173696504481,11.24920609050782,0.0,0.4059457121857357,0.0,0.24174956821727306,4.046546841187059,0.03513134217343845,172.72272711377428,0.8787393572731615,0.040000000000000036,2.8849670736268087,0.2719932712410818,32.989261559026225,0.08841765898854569,0.03298469460114695,0.11359028050660848,1.3953421530774512,0.4120363536852858,11.788930375180668,Medical Devices,Healthcare,LIVN
2010Q4,2010,Q4,2011-01-31,2011-01-31,7191972.0,47081476.0,11701186.0,0.25,41274074.0,0.8766520829,207466244.0,173265771.0,143309730.0,26966260.0,34200473.0,15726818.0,-124775420.0,1966561110.3600001,1888335389.3600001,6.161250368574588,5.314408820503845,0.03397179157492242,0.040677393805612076,0.04007820740181782,6.161250368574588,0.04150832538066621,41.76931730772417,68.35959283350937,11.34996888889266,0.0,0.36926745130515276,0.0,0.22693559729167315,4.041686277592814,0.034665745430856695,160.2931198820788,0.8766520828701292,-0.7159090909090909,1.4355866321545638,0.3302048564983101,29.132533803018113,-0.015180659646912573,-0.7116434243759684,-0.08333339208805751,7.851518750885111,0.5258716293287421,12.112539447026201,Medical Devices,Healthcare,LIVN
2010Q3,2010,Q3,2010-10-31,2010-10-31,24941245.0,47461569.0,12764931.0,0.88,41910300.0,0.8830365469,192170478.0,159450488.0,127042284.0,20301516.0,32719990.0,15789549.0,-131967392.0,1954329234.4800003,1893468541.4800003,5.705472972063914,6.257773261858868,0.03667576868909073,0.04420180890258549,0.15315269576707805,5.705472972063914,0.15641999791182828,41.177088656297904,19.58933119096501,12.256652575939437,0.0,0.3515786929696345,0.0,0.24697638000359243,4.62683614366533,0.1297870789497646,131.57897555756625,0.8830365468954471,2.52,2.0135133577634674,0.4642238930925772,7.304009077713131,0.06542867334030547,2.4818113058569686,0.09184114408121392,6.8067859818644365,0.5564590894803967,9.511261384974125,Medical Devices,Healthcare,LIVN
2010Q2,2010,Q2,2010-07-31,2010-07-31,7163296.0,44798763.0,11691198.0,0.25,39336561.0,0.8780724816,151263297.0,120963434.0,107517459.0,17506980.0,30299863.0,15055813.0,-156908637.0,1942345190.5200002,1892741412.5200002,4.355030702526869,6.141405256646206,0.04659425081816113,0.05826554163467284,0.05636677943577127,4.355030702526869,0.05921868917841734,43.357116590920164,67.78811005855405,16.057292078199435,0.0,0.362796881178054,0.0,0.2961641316068894,4.665364386090577,0.04735647141156787,493.4031605518326,0.8780724815995478,-0.40476190476190477,1.3395114882099493,0.48216746904484015,0.824082525425044,-0.06869008711018557,-0.3819578847974997,-0.04449132958606359,1.832563709851925,0.46190213902265526,7.672728530509623,Medical Devices,Healthcare,LIVN
2010Q1,2010,Q1,2010-04-30,2010-04-30,11590304.0,47734988.0,12235575.0,0.42,42237885.0,0.8848412196,155763977.0,110859647.0,115244590.0,23325253.0,44904330.0,14207759.0,-164071933.0,1942345190.5200002,1898575279.5200002,3.991265379885715,4.940764844008338,0.09925273030233428,0.13945561273526336,0.09658902677404346,3.991265379885715,0.10454934968356881,40.6901786697841,41.895906926168635,17.52075929413703,0.0,0.3869085194927645,0.0,0.30645717270046335,3.6619132920015915,0.07440939954942213,152.97028096087644,0.8848412196102364,0.4482758620689656,2.602365516874319,0.6006098030904536,0.31094204433281614,0.17757141056923262,0.3097862765120233,0.3548506578495705,2.021292640727385,0.44094045510850177,7.5485731952066555,Medical Devices,Healthcare,LIVN
2009Q4,2009,Q4,2010-01-31,2010-01-31,8849004.0,40821276.0,9030940.0,0.29,35868640.0,0.8786751301,146213316.0,98739143.0,105909451.0,18489983.0,47474173.0,13758989.0,-175662237.0,1941520296.2400002,1909301028.2400002,3.556402826878542,5.727936634663212,0.15361117998308718,0.22746804679072413,0.07233435084676915,3.556402826878542,0.08962002029934572,47.5614798577095,54.85137921284701,19.663126874009837,0.0,0.3599563892376104,0.0,0.27918986530611206,4.28685277860991,0.060521190833261726,202.44722363349294,0.8786751300963742,-0.8323699421965318,10.333669837280622,0.3424886331309999,0.20569950217543534,0.007533048730269215,-0.8235285706596449,-0.005758514081860163,1.418907200906983,0.18307667470697514,6.49037747723488,Medical Devices,Healthcare,LIVN
2009Q3,2009,Q3,2009-10-31,2009-10-31,50144117.0,40718172.0,9083246.0,1.73,35600460.0,0.8743138076,151157464.0,87466972.0,108093154.0,17577088.0,63690492.0,13830193.0,-184511241.0,1940464423.17,1919180485.17,3.1521141428441126,6.149662219361933,0.2594314495776404,0.44834066051812105,0.3713885765445725,3.1521141428441126,0.5732920193007253,47.655980803116606,9.67443709882258,22.185110319927393,0.0,0.3700390876685524,0.0,0.26937586092341426,4.855042769314235,0.331734309858493,173.5769934902738,0.8743138076041331,6.521739130434782,22.276282464624956,0.37710647319710017,0.07346369505724473,0.07356114810694413,5.375230867009796,0.39482336913124344,4.67644723142483,0.09248166362284094,16.369691167578328,Medical Devices,Healthcare,LIVN
2009Q2,2009,Q2,2009-07-31,2009-07-31,7865459.0,38501237.0,6512112.0,0.23,33161092.0,0.8612993915,105628847.0,34887176.0,98190538.0,16753850.0,70741671.0,13548831.0,-234655358.0,1925341431.3000002,1915798220.3000002,1.2671312100902172,5.860774568233571,0.442256081806895,1.3390307085904574,0.07779100377814159,1.2671312100902172,0.22545416115079076,50.007261618633194,61.196092666047846,55.18765495091951,0.0,0.39414064578707936,0.0,0.36449547726294884,4.847962408640402,0.07446317197801089,584.1765773383931,0.8612993914974731,-0.04166666666666659,3.3227039354043186,0.31498831794418386,-0.5805471007093229,-0.009097535716285639,0.20580115176800912,-0.029270884962677806,1.8474750035644623,0.04945311077126322,9.601876360286472,Medical Devices,Healthcare,LIVN
2009Q1,2009,Q1,2009-04-30,2009-04-30,6523015.0,38577182.0,6708475.0,0.24,33465546.0,0.8674958684,112043628.0,24411844.0,104533902.0,17645240.0,87631784.0,12841064.0,-242520817.0,1925341431.3000002,1921454952.3000002,0.8866584508947818,5.924198367378398,0.5563814838269964,2.5536374884257,0.07456568620930608,0.8866584508947818,0.267206975433728,49.908814783308955,73.7903190204223,78.86915184694774,0.0,0.3980695057668118,0.0,0.3443050059035932,5.014164273197758,0.05821852716158031,392.84015736528335,0.8674958684125761,0.6,5.498499512053596,0.25956092953139037,-0.6960179963909212,0.10354364787688788,-0.33401939149747994,0.3463931040974376,2.696625743999645,-0.016038160241519675,3.847931024840332,Medical Devices,Healthcare,LIVN
2008Q4,2008,Q4,2009-01-31,2009-01-31,9794602.0,35259969.0,4982553.0,0.15,30325530.0,0.8600554924,105187737.0,15654513.0,98135670.0,16662741.0,89533224.0,12226216.0,-249043832.0,1867092888.15,1869001074.15,0.5863233163373559,5.889527419288339,0.6164121583868659,4.141872698307511,0.06022118514934451,0.5863233163373559,0.625672737312237,52.952198799437404,47.65617041279472,119.26866636796689,0.0,0.4035949471201883,0.0,0.3352098828782675,4.95216177218382,0.0931154360702712,265.088023891946,0.8600554923913858,0.07142857142857129,4.3115538831244455,0.07261006151121539,-0.7991489869885972,-0.017133534393129538,0.17297785131425564,74.29244741295938,1.6248199248887025,0.04928123845810789,1.8675035247951517,Medical Devices,Healthcare,LIVN
2008Q3,2008,Q3,2008-10-31,2008-10-31,8350202.0,36031971.0,66176.0,0.14,30854171.0,0.8562998399,112469446.0,3688172.0,105068951.0,15718060.0,108781274.0,12580660.0,-258838434.0,1865770931.43,1881080076.43,0.13823447649188356,6.6846004532365955,0.7526488571838436,22.951749538795912,0.000738394517678783,0.13823447649188356,2.2640489651784135,51.780984488192445,55.860053787620956,505.8795878906949,0.0,0.4115682325092642,0.0,0.320371196635929,5.693868327261761,0.0742441818376166,520.5584250504719,0.8562998399393694,0.7500000000000001,7.4157045796573495,0.051137481316676385,-0.9484944984371102,0.0670609912552253,3.067711385565381,-0.9762141132374412,1.3554248069144428,0.16437486954870723,-0.7988071535415093,Medical Devices,Healthcare,LIVN
2008Q2,2008,Q2,2008-07-31,2008-07-31,2052801.0,33731858.0,2782154.0,0.08,28915096.0,0.8572043675,143731616.0,-6630819.0,135139905.0,16569487.0,150362435.0,12392718.0,-267188636.0,1847605355.1900003,1871456539.1900003,-0.2509698141799961,8.15594984926208,0.8696764391767501,-18.85136662605328,0.02248301740342006,-0.2509698141799961,-0.3095848340906304,54.773305259081795,225.01028536010068,-278.6390874475687,0.0,0.3886768019735461,0.0,0.23468641721804617,7.201906492337391,0.014282181312147774,288.99824220722945,0.8572043674558336,-0.2727272727272727,-0.31961818975196005,0.07349666081430581,-1.1069383258002707,0.032762739915631264,-0.29295531995065016,-0.07988668217962845,1.10228351158298,0.173245022528397,-1.1051174340032284,Medical Devices,Healthcare,LIVN
2008Q1,2008,Q1,2008-04-30,2008-04-30,2903354.0,33891644.0,3023708.0,0.11,27997811.0,0.8260977544,136231087.0,-15223305.0,127036419.0,17287952.0,151454392.0,12829710.0,-269241437.0,1847605355.1900003,1881546663.1900003,-0.5761867466229142,7.348263056260221,0.9175585598902254,-8.211094765558464,0.030791035535150883,-0.5761867466229142,-0.19071771865570583,54.5150702984488,159.09232522024527,-121.36690128654718,0.0,0.4593894172198748,0.0,0.24878054448761758,6.426355417923419,0.021311978520732203,257.1269301254444,0.8260977543609275,3.949061662198391,-0.38884501956379164,0.03605579584589981,-1.2664667445768076,0.1547744811017311,3.9111675737679934,3.9149201085808096,1.4219723136470044,0.19469897978305914,-1.1892501148487766,Medical Devices,Healthcare,LIVN
2007Q4,2007,Q4,2008-01-31,2008-01-31,-997316.0,29315933.0,615210.0,-0.0373,24245263.0,0.8270336475,136231792.0,-14813958.0,126873113.0,141505818.0,151045750.0,14641064.0,-272144791.0,1868439739.9500003,1903517934.9500003,-0.55444125961896,0.8965929089926182,0.9175538115214692,-8.437988011036618,0.00563442474969742,-0.55444125961896,0.06732272360971997,63.73461625628631,-468.36703210166087,-126.12697700033983,0.0,0.3463320698550324,0.0,0.21519156849966417,0.766709168099364,-0.007320728776730765,157.24924206534797,0.8270336475390362,0.7513333333333333,-1.2162343378330773,-0.11865670419413489,-1.285300864405882,-0.005142632563049761,0.7554003345318271,1.1704964464318128,-0.09308433045532447,0.0018220840478701064,-1.1879678943160765,Medical Devices,Healthcare,LIVN
2007Q3,2007,Q3,2007-10-31,2007-10-31,-4077340.0,28946696.0,-3608345.0,-0.15,24370592.0,0.841912735,131818731.0,-17783881.0,121225688.0,149335984.0,149602612.0,15444426.0,-271147475.0,1855206886.0500002,1903420348.0500002,-0.6703439965004975,0.8117647518899397,1.0051682260543078,-7.450567173723216,-0.03157336216376062,-0.6703439965004975,0.22927166460459333,64.090453917435,-113.75105375379538,-104.31957377863696,0.0,0.2962948574456571,0.0,0.21959470995059116,0.6839336124105225,-0.03093141596090771,-658.6345476004768,0.8419127350492782,0.5161290322580645,-4.351895495182147,-0.0835445803831544,-1.3961832579830638,0.03600156131887745,0.5005379457222995,0.5437738032351032,-0.8095309855002388,0.02398025976026858,-1.2282880348976157,Medical Devices,Healthcare,LIVN
2007Q2,2007,Q2,2007-07-31,2007-07-31,-8163463.0,29075469.0,-7909114.0,-0.31,23523702.0,0.8090566656,134782611.0,-17200048.0,123374542.0,151701753.0,151982659.0,15927585.0,-267070135.0,1842915499.7400002,1889103957.7400002,-0.6526611539214315,0.8132703779632658,0.9830644993218005,-7.703466874045933,-0.06873861799482657,-0.6526611539214315,0.47461861734339345,63.383861486120836,-56.43792039420036,-107.14595097292752,0.0,0.34856301190670147,0.0,0.21572121792476628,0.6804160793052932,-0.06056762767416637,-705.3644217239239,0.8090566656035711,0.2439024390243902,-1.3275201684784355,0.04232640325262873,-1.4232286855261098,-0.08489830840585857,0.24185758225257964,0.22461187035548322,-1.5185266266721484,0.03747173648106699,-1.216047565624441,Medical Devices,Healthcare,LIVN
2007Q1,2007,Q1,2007-04-30,2007-04-30,-10767717.0,31431839.0,-10200200.0,-0.41,25706107.0,0.8178365574,137644883.0,-16062229.0,125427257.0,153411928.0,153707112.0,17580830.0,-258646256.0,1842915499.7400002,1890610623.7400002,-0.609486259206386,0.817584777371418,0.9626220540286994,-8.249166413951638,-0.08757705853453279,-0.609486259206386,0.6703750145761214,58.63212457088496,-42.7879814202955,-114.73597467325364,0.0,0.3256804144059183,0.0,0.22835457675531606,0.6760822535259449,-0.07822824042067732,-259.26094998524275,0.8178365573837407,0.46052631578947373,-0.34510474880565395,0.28447506639840914,-1.3625886133135687,-0.03855370144811776,0.44454215307475253,0.4533876919683541,-6.757919469185291,0.0721629755079811,-1.2089562830634382,Medical Devices,Healthcare,LIVN
2015Q4,2015,Q4,2015-12-31,2015-12-31,,,,,,,2558739000.0,1811462000.0,673414000.0,359121000.0,747277000.0,212448000.0,48214000.0,0.0,64204000.0,0.0,1.8751729918328364,0.0691031793395106,0.09761010719518268,,0.0,,0.0,0.0,0.0,0.0,,,,1.091448286232217,,0.0,0.0,0.0,-1.0,-1.0,-1.0,0.0,0.0,0.0,-1.0,-1.0,-1.0,Medical Devices,Healthcare,LIVN
2006Q4,,,,,,,,,,,,,,,,,,1781713602.9,1830060740.9,-0.6477519699919894,0.812674819937683,0.9531392161613278,-8.028469619786222,-0.16105057903761602,-0.6477519699919894,1.1745984310976743,56.268877434201734,-22.977637731941215,-107.95798892107548,0.0,0.2611179337156559,0.0,0.2277771239682358,0.6641565742347556,-0.13944822375133728,-180.35803919297962,0.8443871867993091,-0.5510204081632654,-1.81869558795831,0.46500572109095595,-1.3275623826702267,-0.11866545142293942,-0.5516056368556224,-0.5225482604124078,-12.016289836402391,0.009386783623585908,-1.2218940228502964,Medical Devices,Healthcare,LIVN
