Quarters,Year,Quarter,FillingDate,Date,NetIncome,Revenue,OperatingIncome,EPSDiluted,GrossProfit,GrossProfitRatio,TotalAssets,CommonStockEquity,CurrentAssets,CurrentLiability,TotalLiability,Inventory,RetainedEarnings,MarketCap,EnterpriseValue,bookValuePerShare,currentRatio,debtToAssets,debtToEquity,roic,shareholdersEquityPerShare,roe,priceToSalesRatio,peRatio,pbRatio,payoutRatio,inventoryTurnover,dividendYield,assetTurnover,quickRatio,returnOnAssets,priceToFreeCashFlowsRatio,grossProfitMargin,epsdilutedGrowth,fiveYNetIncomeGrowthPerShare,fiveYRevenueGrowthPerShare,fiveYShareholdersEquityGrowthPerShare,grossProfitGrowth,netIncomeGrowth,operatingIncomeGrowth,threeYNetIncomeGrowthPerShare,threeYRevenueGrowthPerShare,threeYShareholdersEquityGrowthPerShare,Industry,Sector,Symbol
2023Q1,2023,Q1,2023-05-08,2023-03-31,-53333000.0,68778000.0,-28415000.0,-0.28,67840000.0,0.9863619181,-669929000.0,-1507953000.0,490883000.0,85157000.0,838024000.0,27466000.0,-1507953000.0,1572165060.0,1422963060.0,-7.999368730405445,5.764446845238794,-0.012575959541981315,-0.005587044158538098,0.019266985250367685,-7.999368730405445,0.035367813187811556,22.85854575591032,-7.369569778561116,-1.0425822688107653,0.0,0.0341513143522901,0.0,-0.10266461072740544,5.246744248857992,0.07960992881335187,-32.97879384124853,0.986361918055192,0.26315789473684204,-0.08211453139933753,8.047170065574312,-13.709475003515221,-0.11952134356059131,0.2545218193508708,0.38643086955582906,-0.15997348586464108,10.661666682286988,-339.034727523131,Biotechnology,Healthcare,BCRX
2022Q4,2022,Q4,2023-02-27,2022-12-31,-71542000.0,79545000.0,-46311000.0,-0.38,77049000.0,0.968621535,550000000.0,-1454621000.0,516500000.0,105514000.0,844597000.0,27533000.0,-1454621000.0,2145864560.0,2582549560.0,-7.7819678796503355,4.895085012415414,1.3480945454545454,-0.5097217763252421,0.06575959168204207,-7.7819678796503355,0.04918257058024049,26.976737192783958,-7.49861815437086,-1.4752052665264699,0.0,0.09065485054298478,0.0,0.14462727272727272,4.500909831870652,-0.13007636363636363,-88.03546912820512,0.9686215349801999,-0.6521739130434782,-0.9271403790914998,9.764820466334761,-10.141561752161977,0.06695377627606836,-0.682549388523048,-1.6546861564918314,-18.166491432351062,0.40657602314528923,-27.71221709980466,Biotechnology,Healthcare,BCRX
2022Q3,2022,Q3,2022-11-04,2022-09-30,-42520000.0,75827000.0,-17445000.0,-0.23,72214000.0,0.9523520646,558594000.0,-1383079000.0,509001000.0,81637000.0,801253000.0,27019000.0,-1383079000.0,2345868000.0,2820781000.0,-7.4287195187453,6.234930239964722,1.2921943307661736,-0.5218877591229424,0.027702558448576272,-7.4287195187453,0.03074300166512542,30.937106835296134,-13.792732831608653,-1.6961200336350997,0.0,0.13372071505237054,0.0,0.135746177008704,5.7506767764616535,-0.07611968621216841,-71.91722615653454,0.9523520645680299,0.28125,-0.2611214206548973,2.885412598452619,-7.169191610834969,0.10613464042276173,0.2775956098472621,0.4975807845170209,0.32919420164935675,24.33520954883885,-18.883390162698014,Biotechnology,Healthcare,BCRX
2022Q2,2022,Q2,2022-08-05,2022-06-30,-58859000.0,65532000.0,-34722000.0,-0.32,65285000.0,0.9962308491,510538000.0,-1340559000.0,494853000.0,95390000.0,723770000.0,23378000.0,-1340559000.0,1963700900.0,1843977900.0,-7.222644864093101,5.187682146975574,0.29938613776055845,-0.11401810737162632,0.029875402498249753,-7.222644864093101,0.04390631072560029,29.965526765549654,-8.340699383271888,-1.4648373551630327,0.0,0.010565488921207974,0.0,0.12835871179030747,4.811552573645036,-0.11528818618790374,-70.1296703689154,0.9962308490508454,0.20000000000000004,-0.5102529434657099,8.1621087606207,-25.124881819265617,0.3139780617892724,0.20670925656369615,0.3049622675500931,0.07012271604095563,25.90421326344889,-85.68902306258072,Biotechnology,Healthcare,BCRX
2022Q1,2022,Q1,2022-05-09,2022-03-31,-74196000.0,49923000.0,-49957000.0,-0.4,49685000.0,0.9952326583,527720000.0,-1281700000.0,511714000.0,81017000.0,691935000.0,16144000.0,-1281700000.0,3006441480.0000005,3223936480.0000005,-6.931930037101537,6.316131182344447,1.1615989539907527,-0.4782702660528985,0.07595936592645183,-6.931930037101537,0.05788874151517516,60.22157081906136,-10.130065906517872,-2.3456670671764064,0.0,0.014742319127849356,0.0,0.09460130372167058,5.9232383326956075,-0.14059728643977867,-38.442593662890324,0.9952326582937724,-3.08997955010225,-1.1213212488114908,1.1506103133850927,-14.523290555380516,0.06303087357453091,-3.1732380898813206,-16.352489244007376,-0.42358123111410173,4.05272834141933,-34.930329959451065,Biotechnology,Healthcare,BCRX
2021Q4,2021,Q4,2022-02-28,2021-12-31,-17779000.0,47158000.0,3254000.0,-0.0978,46739000.0,0.9911149752,588151000.0,-106986000.0,566136000.0,103718000.0,695137000.0,15791000.0,-1207504000.0,2518525550.0,2607374550.0,-0.5883426912226482,5.458416089781909,1.0086491394216792,-5.545005888620941,0.007542396115619951,-0.5883426912226482,0.16618062176359524,53.40611455108359,-35.4143308116317,-23.540702054474416,0.0,0.026534101703501994,0.0,0.08018008980686933,5.1776355116758905,-0.030228631762931626,-75.02980754908094,0.9911149751897875,0.7036363636363636,-0.6015970289076195,1.1295206213368905,-28.50222450909215,0.15750761534460983,0.6976411965782895,1.0729858245110353,0.6086516375918595,9.434352529494602,-2.312099201414222,Biotechnology,Healthcare,BCRX
2021Q3,2021,Q3,2021-11-04,2021-09-30,-58801000.0,40994000.0,-44584000.0,-0.33,40379000.0,0.9849978045567644,265763000.0,-147044000.0,252743000.0,133608000.0,412807000.0,13663000.0,-1189725000.0,2573753220.0,2542693220.0,-0.8209886882628165,1.8916756481647805,0.6341627690837325,-1.1461671336470716,-1.5934238741958542,-0.8209886882628165,0.39988710862054894,62.78365663267795,-10.942642216969098,-17.503286227251706,0.0,0.045012076410744346,0.0,0.15425021541749603,1.690085922998623,-0.22125352287564484,-108.8682043906772,0.9849978045567644,-0.3750000000000001,-1.0998506350916004,1.1739440889105142,-16.160225379506766,-0.1861697839406643,-0.36119727765174314,-0.507132715840714,-0.1692535522109977,15.593101460930109,-2.1875511867191344,Biotechnology,Healthcare,BCRX
2021Q2,2021,Q2,2021-08-09,2021-06-30,-43198000.0,49959000.0,-29582000.0,-0.24,49616000.0,0.9931343701835506,277284000.0,-106075000.0,265802000.0,115601000.0,383359000.0,9846000.0,-1130924000.0,2816187870.0,2767750870.0,-0.5955020855906179,2.2993053693307153,0.5837949539100705,-1.526061748762668,-0.48588275873396514,-0.5955020855906179,0.4072401602639642,56.369980784243076,-16.298138050372703,-26.54902540655197,0.0,0.034836481820028437,0.0,0.18017267494698577,2.1284244945977977,-0.1557897318272962,-107.3897143837706,0.9931343701835506,0.3333333333333333,-0.0977181206301371,3.317760797197824,-4.27821963080605,2.7771010962241167,0.32801319146288344,0.4242170621095043,-0.29876769916917606,1.2175952279041202,-2.273771534064619,Biotechnology,Healthcare,BCRX
2021Q1,2021,Q1,2021-05-07,2021-03-31,-64284000.0,19059000.0,-51377000.0,-0.36,13136000.0,0.6892281861587701,284431000.0,-74988000.0,273771000.0,101201000.0,359419000.0,5113000.0,-1087726000.0,1803578310.0,1734599310.0,-0.42284161201739,2.705220304147192,0.5552242898980773,-2.10597695631301,-0.5850328516608023,-0.42284161201739,0.8572571611457833,94.63131906186054,-7.014102692738473,-24.051559049447913,0.0,1.1584197144533541,0.0,0.06700746402466679,2.5567138664637703,-0.2260091199623107,-29.513636229749633,0.6892281861587701,-0.058823529411764594,-0.16849968811403962,0.6410534858452208,-2.1195613168606346,2.3382465057179163,-0.06266840791496536,0.019616448812136245,-0.38643063666558247,1.6649027199176178,-1.671814874335555,Biotechnology,Healthcare,BCRX
2020Q4,2020,Q4,2021-03-01,2020-12-31,-60493000.0,4016000.0,-52405000.0,-0.34,3935000.0,0.9798306772908366,334715000.0,-19262000.0,323800000.0,105654000.0,353977000.0,7039000.0,-1023442000.0,1315804100.0,1319308100.0,-0.10906023168646457,3.0647206920703427,0.8234796767399131,-14.309573253037067,-0.20046362353157193,-0.10906023168646457,3.1405357699096665,327.64046314741034,-5.437836195923495,-68.310876336829,0.0,0.011507316380167637,0.0,0.01199826718252842,2.924754386961213,-0.18072987466949494,-29.374561325177478,0.9798306772908366,-0.30769230769230776,-0.38523390635914145,-0.637604630246991,-1.1676100639729223,-0.14007867132867133,-0.3117857530087824,-0.2225877192982456,-0.7245780478850521,-0.42480769718365347,-1.128114232554723,Biotechnology,Healthcare,BCRX
2020Q3,2020,Q3,2020-11-06,2020-09-30,-46115000.0,6102000.0,-42864000.0,-0.26,4576000.0,0.749918059652573,176226000.0,33637000.0,162436000.0,111777000.0,142589000.0,6241000.0,-962949000.0,606349635.0,586713635.0,0.1905552313888999,1.4532148832049527,0.43612179814556307,2.284864880934685,-0.3716413640028785,0.1905552313888999,-1.3709605493950114,99.36899950835792,-3.287160549712675,18.026269732734786,0.0,0.2445120974202852,0.0,0.03462599162439141,1.330694149959294,-0.26168102323153225,-15.77926028573659,0.749918059652573,-0.08333333333333341,-0.3090237531517527,-0.7694975901880995,-0.7820211201184545,0.5938697318007663,-0.1944725049861424,-0.11306154245650481,-0.4425886350623894,-0.6702216655816418,-0.8417531134512843,Biotechnology,Healthcare,BCRX
2020Q2,2020,Q2,2020-08-07,2020-06-30,-38607000.0,2871000.0,-38510000.0,-0.24,2871000.0,1.0,214706000.0,76507000.0,203837000.0,102650000.0,138199000.0,5233000.0,-916834000.0,769876285.0,678055285.0,0.4735252430849977,1.985747686312713,0.38027349026110124,1.0671833949834655,-0.2361359790046847,0.4735252430849977,-0.5046204922425399,268.1561424590735,-4.985341291734659,10.062821506528815,0.0,0.0,0.0,0.013371773494918632,1.8840720896249392,-0.17981332612968431,-24.745316437387505,1.0,0.0,-4.541694596578786,-0.9500498466193807,-0.5479264978094022,-0.3960875052587295,-0.02680922364956515,0.06022743911367075,-0.13797966520372554,-0.5388875511346481,0.5816561305204082,Biotechnology,Healthcare,BCRX
2020Q1,2020,Q1,2020-05-11,2020-03-31,-37599000.0,4823000.0,-40978000.0,-0.24,4754000.0,0.9856935517312876,136589000.0,3648000.0,125508000.0,92699000.0,132941000.0,0.0,-878227000.0,308312000.0,287950000.0,0.023664340019201327,1.3539304631117919,0.5967610861782428,22.344024122807017,-0.45435696149197796,0.023664340019201327,-10.306743421052632,63.92535766120672,-2.0500013298226016,84.51535087719299,0.0,0.0,0.0,0.03531031049352437,1.2804884626587125,-0.27527106868049406,-13.177415908022397,0.9856935517312876,-11.0,-0.16355413451726575,-0.6684301345510885,-0.973405694779807,-0.8720460784841471,-13.339816933638444,-374.9449541284404,-0.2893595007650933,-0.7507988217124374,-0.9538339619459303,Biotechnology,Healthcare,BCRX
2019Q4,2019,Q4,2020-03-13,2019-12-31,-2622000.0,39725000.0,-109000.0,-0.02,37154000.0,0.9352800503461296,175282000.0,38252000.0,164345000.0,92335000.0,137030000.0,0.0,-840628000.0,452995350.0,420070350.0,0.2913261692421346,1.7798776195375534,0.46352163941534213,2.1239935166788664,-0.0008770377045750793,0.2913261692421346,-0.0685454355327826,11.40328130899937,-43.191776315789475,11.842396476001255,0.0,0.0,0.0,0.22663479421731839,1.7151892565116154,-0.01495875218219783,-43.02767382218845,0.9352800503461296,0.9411764705882353,0.8770461093664991,2.9924651701914295,-0.7231871778287237,20.14627205463859,0.9302511172589912,0.9968944099378882,0.6728849312398214,1.4843473479213134,12.618113781987843,Biotechnology,Healthcare,BCRX
2019Q3,2019,Q3,2019-11-08,2019-09-30,-37592000.0,1775000.0,-35098000.0,-0.34,1757000.0,0.9898591549295774,90500000.0,-41253000.0,78803000.0,82169000.0,131753000.0,1776000.0,-838006000.0,316341840.0,367418840.0,-0.37361433125633964,0.9590356460465626,0.8948066298342542,-1.963008750878724,-0.7848038996467063,-0.37361433125633964,0.9112549390347369,178.22075492957745,-2.103784315811875,-7.668335393789544,0.0,0.010135135135135136,0.0,0.019613259668508288,0.8766444766274386,-0.41538121546961326,-11.41204329004329,0.9898591549295774,0.0,-1.799818807912305,-0.6435324544768377,-1.321445138621713,0.23558368495077356,0.0009832841691248771,-0.005154934417778796,-1.1775956923641293,-0.8473121233011071,-7.89909318829325,Biotechnology,Healthcare,BCRX
2019Q2,2019,Q2,2019-08-08,2019-06-30,-37629000.0,1448000.0,-34918000.0,-0.34,1422000.0,0.9820441988950276,116344000.0,-9193000.0,103719000.0,71948000.0,125537000.0,1000000.0,-800414000.0,409353980.0,457781980.0,-0.08331671772190904,1.4415828098070829,0.6806367324486007,-8.613945393233982,-0.4735478796262392,-0.08331671772190904,4.09322310453606,282.7030248618785,-2.7196708655558215,-44.528878494506685,0.0,0.026,0.0,0.012445850237227532,1.330808361594485,-0.32342879735955443,-16.64852692370262,0.9820441988950276,-0.21428571428571425,-0.4817247267845391,-0.4302459487191002,-1.0588624486102225,-0.6768916155419223,-0.21172795775101436,-0.19052165018752132,-0.5436701855089804,-0.7979689830366955,-1.4586558237481204,Biotechnology,Healthcare,BCRX
2019Q1,2019,Q1,2019-05-09,2019-03-31,-31054000.0,5887000.0,-29330000.0,-0.28,4401000.0,0.7475794122643112,142338000.0,22507000.0,117649000.0,66326000.0,119831000.0,600000.0,-762785000.0,917691110.0,961734110.0,0.20429892799114072,1.7737991134698308,0.5539420253200129,3.503221220064869,-0.28938177082305583,0.20429892799114072,-1.3797485226818322,155.88434007134364,-7.38786557287306,40.77358643977429,0.0,2.4766666666666666,0.0,0.041359299695091965,1.6970569610710733,-0.21817083280641852,-33.87439038795172,0.7475794122643112,-0.1200000000000001,-0.6570006406883804,-0.07916117705585658,3.1272005626531687,0.655133508837909,-0.1320355788859726,-0.16103238065077982,0.09133084769075393,-0.1840206100530816,-0.45907599830649876,Biotechnology,Healthcare,BCRX
2018Q4,2018,Q4,2019-03-14,2018-12-31,-27432000.0,2729000.0,-25262000.0,-0.25,2659000.0,0.9743495786002199,146841000.0,49235000.0,114352000.0,69477000.0,97606000.0,1649000.0,-731969000.0,886102140.0,918491140.0,0.44839802553687547,1.6458972033910502,0.40261234941194896,1.2007718086726922,-0.22737050537779577,0.44839802553687547,-0.5571646186655834,324.69847563209964,-8.075442366579178,17.997403066923937,0.0,0.04244996967859309,0.0,0.018584727698667265,1.5654101357283705,-0.18681430935501664,-36.784513263315205,0.9743495786002199,0.10714285714285723,-1.719247383950499,-0.8610166046675166,24.53133901154486,0.8516713091922006,0.07314930567287226,0.11339627276875022,-0.010415906312390952,-0.6038887440401692,-0.31087601242556934,Biotechnology,Healthcare,BCRX
2018Q3,2018,Q3,2018-11-08,2018-09-30,-29597000.0,1454000.0,-28493000.0,-0.28,1436000.0,0.9876203576341128,168308000.0,72873000.0,128495000.0,64357000.0,95435000.0,821000.0,-704537000.0,768438900.0,774846900.0,0.6913290959112038,1.996597106763833,0.3505002733084583,0.8095179284508666,-0.21163144798900732,0.6913290959112038,-0.4061449370823213,528.499931224209,-6.490851268709666,10.544905520563171,0.0,0.02192448233861145,0.0,0.008638923877652874,1.9223239119287723,-0.17585022696485014,-21.909699769053116,0.9876203576341128,-0.47368421052631593,-1.004657666534687,-0.6701738738754122,10.581080139246806,-0.8827850787690801,-0.6045213054320719,-0.5611747301517725,-0.4069140687104119,-0.9080223648672703,-0.20917866773914254,Biotechnology,Healthcare,BCRX
2018Q2,2018,Q2,2018-08-09,2018-06-30,-18446000.0,12494000.0,-18251000.0,-0.19,12251000.0,0.980550664318873,136644000.0,46184000.0,92669000.0,74173000.0,90460000.0,221000.0,-674940000.0,566049510.0,587924510.0,0.4675109073056171,1.2493629757458913,0.3584423758086707,1.0605187943876668,-0.18632595557007514,0.4675109073056171,-0.399402390438247,45.305707539619014,-7.671710804510464,12.256398536289625,0.0,1.0995475113122173,0.0,0.09143467697081467,1.1201110916371186,-0.13499312081028073,-40.19952489169803,0.980550664318873,0.2692307692307693,0.17977235406725778,7.236685563485568,3.763001347608791,2.193691345151199,0.28440082243860804,0.17840100837309805,-3.767613865843777,-0.6444805417741349,-0.5536683708749669,Biotechnology,Healthcare,BCRX
2018Q1,2018,Q1,2018-05-09,2018-03-31,-25777000.0,3976000.0,-22214000.0,-0.26,3836000.0,0.9647887323943662,155372000.0,62054000.0,104156000.0,75342000.0,93318000.0,7000.0,-656494000.0,470283839.99999994,476995839.99999994,0.6294019798766635,1.382442727827772,0.32489122879283266,0.813468914171528,-0.19259580371076818,0.6294019798766635,-0.4153962677667838,118.28064386317907,-4.561080032587189,7.578622490089276,0.0,20.0,0.0,0.025590196431789513,1.2874757771229859,-0.1659050536776253,-23.886826493295406,0.9647887323943662,-0.3,-1.963404092696629,-0.42046636792350306,12.318819478253813,0.019941504918904545,-0.31898889627999794,-0.24371535748278372,-0.2472727296831073,-0.5726114105592979,-0.2926695464377171,Biotechnology,Healthcare,BCRX
2017Q4,2017,Q4,2018-03-12,2017-12-31,-19543000.0,3890000.0,-17861000.0,-0.2,3761000.0,0.9668380462724936,178259000.0,83767000.0,125391000.0,74836000.0,94492000.0,0.0,-631843000.0,483153820.0,484842820.0,0.8512733481026808,1.6755438558982307,0.29154769184164614,0.62042331705803,-0.12890072457492566,0.8512733481026808,-0.23330189692838468,124.20406683804627,-6.18065061658906,5.767830052407272,0.0,0.0,0.0,0.021822180086278953,1.6103746859800097,-0.10963261322008987,-45.43481474515704,0.9668380462724936,-0.11111111111111122,0.08571868258443131,-0.509511741595584,96.4082417874641,-0.49873383979741437,-0.29133077837980703,-0.33800284665518016,-0.22284537077272054,-0.4783279666208875,-0.19113556279374141,Biotechnology,Healthcare,BCRX
2017Q3,2017,Q3,2017-11-08,2017-09-30,-15134000.0,8760000.0,-13349000.0,-0.18,7503000.0,0.8565068493150685,191492000.0,100632000.0,175370000.0,69237000.0,90860000.0,0.0,-612300000.0,437906800.0,371881800.0,1.2041641737465598,2.5328942617386656,0.27025149875712823,0.514259877573734,-0.08599719119219719,1.2041641737465598,-0.15038953811908737,49.98936073059361,-7.2338245011232996,4.351566102233882,0.0,0.0,0.0,0.0457460363879431,2.464130450481679,-0.07903202222547157,-34.702179253506614,0.8565068493150685,0.14285714285714285,0.05418684256299751,-0.07821510569070801,5.2350941543514375,1.4384140396490088,0.10375458960085278,0.13966228409383863,-0.4892576241417335,1.324381191018496,0.03602214200849256,Biotechnology,Healthcare,BCRX
2017Q2,2017,Q2,2017-08-08,2017-06-30,-16886000.0,3099000.0,-15516000.0,-0.21,3077000.0,0.9929009357857373,113509000.0,24076000.0,92263000.0,58937000.0,89433000.0,1305000.0,-597166000.0,447124079.99999994,458887079.99999994,0.29938570966698996,1.5654512445492645,0.4533473116669163,2.1373567037713905,-0.19831541814184742,0.29938570966698996,-0.7013623525502575,144.2801161665053,-6.619745351178491,18.571360691144708,0.0,0.01685823754789272,0.0,0.02730179985728004,1.4252167568759861,-0.1487635341690967,-46.15236168455821,0.9929009357857373,-0.1052631578947368,0.15813859631324664,-0.5494840468055597,-0.058997007574563304,-0.6634583834627584,-0.18756593290667417,-0.4521291530182499,0.08768781383365166,0.6730629273098537,-0.7884869155704369,Biotechnology,Healthcare,BCRX
2017Q1,2017,Q1,2017-05-08,2017-03-31,-14219000.0,9437000.0,-10685000.0,-0.19,9143000.0,0.9688460315778319,129513000.0,38530000.0,113502000.0,58557000.0,90983000.0,655000.0,-580280000.0,631402800.0,607484800.0,0.5125919618981734,1.9383165121163994,0.3956359593245466,1.3298728263690631,-0.1155459913056643,0.5125919618981734,-0.3690371139371918,66.90715269683162,-11.101392502988958,16.387303399948095,0.0,0.4488549618320611,0.0,0.07286527221205594,1.8485578154618576,-0.10978820658929991,-74.02143024618992,0.9688460315778319,-2.166666666666667,-0.4723461517997673,-0.5160873204866026,0.04300839590554886,0.39993875363650283,-2.1576726626693317,-0.3049584758182706,-0.11198387012321824,1.163454899109823,6.337208180595886,Biotechnology,Healthcare,BCRX
2016Q4,2016,Q4,2017-02-27,2016-12-31,-4503000.0,8983000.0,-8188000.0,-0.06,6531000.0,0.7270399643771569,89847000.0,1578000.0,66987000.0,54360000.0,88269000.0,500000.0,-566061000.0,466926120.0,495842120.0,0.021392549210997234,1.2322847682119205,0.5678542410987568,32.332065906210396,-0.14805974467469532,0.021392549210997234,-2.8536121673003803,51.97886229544696,-25.923057961359095,295.8974144486692,0.0,4.904,0.0,0.09998107894531816,1.1666298749080206,-0.0501185348425657,-79.77552024602768,0.7270399643771569,0.625,0.7820214028339244,0.0980971904479441,-0.9319400222488163,-0.14291338582677166,0.6093858431644691,0.11394870684990802,0.3355550794087858,-0.3190008454884908,2.1226528645000333,Biotechnology,Healthcare,BCRX
2016Q3,2016,Q3,2016-11-08,2016-09-30,-11528000.0,7763000.0,-9241000.0,-0.16,7620000.0,0.9815792863583667,91502000.0,3993000.0,64632000.0,51520000.0,87509000.0,2232000.0,-561558000.0,325166940.0,340577940.0,0.054154121572137684,1.2545031055900622,0.5551572643220913,12.721763085399449,-0.16080813002471026,0.054154121572137684,-2.887052341597796,41.886762849413884,-7.051677220680083,81.43424492862509,0.0,0.06406810035842293,0.0,0.08483967563550524,1.1410908385093168,-0.12598631723896744,-18.332690984946723,0.9815792863583667,0.2727272727272727,0.5114883597342755,-0.09382470081125492,-0.9060527261966809,0.6008403361344538,0.2919353848043732,0.23816982687551524,-0.11624753608270026,1.5174697008852533,-0.09281523733525131,Biotechnology,Healthcare,BCRX
2016Q2,2016,Q2,2016-08-08,2016-06-30,-16281000.0,4787000.0,-12130000.0,-0.22,4760000.0,0.9943597242531858,82217000.0,13387000.0,46112000.0,56194000.0,68830000.0,1949000.0,-550030000.0,209293800.0,231244800.0,0.1816541149331705,0.8205858276684344,0.3408419183380566,2.0932994696347205,-0.2756880838200868,0.1816541149331705,-1.2161798759991036,43.72128681846668,-3.213773723972729,15.634107716441324,0.0,0.013853258081067214,0.0,0.058223968279066375,0.6757660960244866,-0.19802473940912463,-16.07108961068878,0.9943597242531858,0.29032258064516125,0.3874927093231584,-0.21545609536320193,-0.79130548620307,0.0035842293906810036,0.2869218640504555,0.3631877362452751,0.0295457891398404,3.230348890838635,2.0735804374098334,Biotechnology,Healthcare,BCRX
2016Q1,2016,Q1,2016-05-09,2016-03-31,-22832000.0,4820000.0,-19048000.0,-0.31,4743000.0,0.9840248962655601,102881000.0,27798000.0,50425000.0,63070000.0,75083000.0,1949000.0,-533749000.0,208290830.0,225808830.0,0.37768508580046467,0.7995084826383384,0.271323179207045,1.004172962083603,-0.3271840324298327,0.37768508580046467,-0.821354054248507,43.21386514522822,-2.280689711807989,7.493014965105403,0.0,0.03950743971267317,0.0,0.046850244457188404,0.6849532265736483,-0.22192630320467335,-9.42407157723283,0.9840248962655601,-0.24,-0.0712796629323283,-0.45793569787079036,-0.686335007939864,0.03694796676869261,-0.2590019299696719,-0.10782831220193091,-2.5160935554599875,-0.05889676008399395,7.792081122213778,Biotechnology,Healthcare,BCRX
2015Q4,2015,Q4,2016-02-26,2015-12-31,-18135000.0,4602000.0,-17194000.0,-0.25,4574000.0,0.9939156888309431,124555000.0,47724000.0,65990000.0,64453000.0,76831000.0,1612000.0,-510917000.0,756920400.0,760396400.0,0.6506783011793579,1.0238468341271934,0.2408574525310104,0.6286145335680161,-0.21465935904318406,0.6506783011793579,-0.37999748554186574,164.47640156453716,-10.434524400330853,15.860372139803872,0.0,0.017369727047146403,0.0,0.036947533218256993,0.896870587870231,-0.14559833005499578,-40.10386775458302,0.9939156888309431,-0.24999999999999994,-0.09039422153076886,-0.8309193206547645,-0.55312025799835,-0.5253217102532171,-0.24033923808221053,-0.3063364230360128,-0.1382550501889899,-0.221499239771474,73.9261321561878,Biotechnology,Healthcare,BCRX
2015Q3,2015,Q3,2015-11-06,2015-09-30,-14621000.0,10987000.0,-13162000.0,-0.2,9636000.0,0.8770364976790753,138956000.0,64045000.0,84502000.0,64444000.0,74911000.0,0.0,-492782000.0,835186800.0,818559800.0,0.8741912587698943,1.311246974117063,0.21589567920780678,0.4684206417362792,-0.13995427720771972,0.8741912587698943,-0.22829260676087126,76.0159097114772,-14.280603241912319,13.04062456085565,0.0,0.0,0.0,0.0790681942485391,1.2075910868350817,-0.10522035752324477,-65.23877519137635,0.8770364976790753,-4.333333333333334,0.1754820715483224,-0.43906742467673104,-0.4722565137577111,-0.6206299212598425,-3.983268720669251,-3.463871209284912,-0.042318222664764434,0.3187917965169424,3.526513017226249,Biotechnology,Healthcare,BCRX
2015Q2,2015,Q2,2015-08-07,2015-06-30,4901000.0,25842000.0,5342000.0,0.06,25400000.0,0.9828960606764182,150181000.0,76089000.0,107088000.0,63772000.0,74092000.0,1308000.0,-478161000.0,1084545060.0,1037764060.0,1.0474518873379037,1.6792322649438625,0.199758957524587,0.39427512518235225,0.05035394810018004,1.0474518873379037,0.06441141295062361,41.9683097283492,55.322641297694354,14.253637976580057,0.0,0.3379204892966361,0.0,0.17207236601167925,1.547089631813335,0.03263395502760003,61.17350442777371,0.9828960606764182,1.2857142857142858,1.2946597221895277,1.079396379742117,-0.4422852398260757,2.7624055695452525,1.3231996834608282,1.37020097020097,1.2704979585876268,3.1589164471114355,2.292259211379842,Biotechnology,Healthcare,BCRX
2015Q1,2015,Q1,2015-05-08,2015-03-31,-15164000.0,6826000.0,-14430000.0,-0.21,6751000.0,0.98901259888661,129867000.0,64371000.0,81366000.0,61862000.0,65496000.0,1210000.0,-483062000.0,653239230.0,634872230.0,0.889827345488727,1.3152824027674501,0.23100556723417034,0.4660483758214103,-0.1529071430842102,0.889827345488727,-0.23557191903186217,95.69868590682684,-10.769573166710629,10.148036072144288,0.0,0.06198347107438017,0.0,0.052561466731348226,1.1820018751414438,-0.11676561405129864,-152.2347308319739,0.98901259888661,-0.31249999999999994,-2.5481639235968143,-0.8410224292149571,-0.5430020209922909,0.2497223250647908,-0.2991775188485264,0.04790182106096595,-0.6315386133929676,-0.6363010560089299,0.8105968513713385,Biotechnology,Healthcare,BCRX
2014Q4,2014,Q4,2015-03-02,2014-12-31,-11672000.0,5446000.0,-15156000.0,-0.16,5402000.0,0.991920675725303,136874000.0,75635000.0,89343000.0,57687000.0,61239000.0,683000.0,-467898000.0,873902720.0,849362720.0,1.0524301835334715,1.548754485412658,0.219179683504537,0.3966417663779996,-0.14347517394802858,1.0524301835334715,-0.15432008990546706,160.4668968049945,-18.717930089102126,11.554210616777947,0.0,0.06442166910688141,0.0,0.03978841854552362,1.4260058592057137,-0.0852755088621652,-62.622910784664995,0.991920675725303,-0.3333333333333334,-1.4708395174864142,-0.9393648330194997,-0.46412295669376613,0.6683137739345275,-0.3368457221395029,-0.3054263565891473,0.42007460330986884,-0.31669915038522645,2.348286086407144,Biotechnology,Healthcare,BCRX
2014Q3,2014,Q3,2014-11-07,2014-09-30,-8731000.0,3238000.0,-11610000.0,-0.12,3238000.0,1.0,137125000.0,83454000.0,135144000.0,49823000.0,53671000.0,0.0,-456226000.0,702213780.0,611056780.0,1.162295789752232,2.7124821869417737,0.2187784867821331,0.35947947372205047,-0.10233222275107091,1.162295789752232,-0.10462050950224075,216.8665163681285,-20.106911579429617,8.414381335825723,0.0,0.0,0.0,0.023613491340018233,2.6167031290769325,-0.0636718322698268,-81.33122307157748,1.0,0.4782608695652174,0.5599195311033609,-0.8355683138197076,0.8985727786736395,1.216290212183436,0.40398662024711585,0.000774593338497289,0.6200536832933168,-0.6118525119950279,1.016365839391227,Biotechnology,Healthcare,BCRX
2014Q2,2014,Q2,2014-08-08,2014-06-30,-14649000.0,1466000.0,-11619000.0,-0.23,1461000.0,0.9965893587994543,141975000.0,90089000.0,138250000.0,44937000.0,51886000.0,0.0,-447495000.0,811499250.0,719980250.0,1.415447703740946,3.0765293633308857,0.21130480718436345,0.3330040293487551,-0.09675324134600172,1.415447703740946,-0.16260586753099712,553.5465552523874,-13.849055396272783,9.007750668783093,0.0,0.0,0.0,0.01032576157774256,2.9598104012283866,-0.10318013734812467,-114.26348211771332,0.9965893587994543,-0.3529411764705882,-0.013298135934977673,-0.8160416005360988,0.729755365492212,-0.5683899556868538,-0.44510210121337673,-0.5731112916328188,0.3618860332603387,-0.7218059221346556,0.626146319040845,Biotechnology,Healthcare,BCRX
2014Q1,2014,Q1,2014-05-09,2014-03-31,-10137000.0,3458000.0,-7386000.0,-0.17,3385000.0,0.9788895315211105,43387000.0,-5723000.0,35731000.0,13689000.0,49110000.0,0.0,-432846000.0,630451620.0,664674620.0,-0.0960412156606085,2.610197969172328,0.6914513563970774,-5.242005940940066,-0.30423857972566626,-0.0960412156606085,1.7712738074436485,182.31683632157316,-15.548279076649898,-110.16103791717632,0.0,0.0,0.0,0.07970129301403646,2.532763532763533,-0.23364141332657248,-70.31581753290207,0.9788895315211105,-0.8888888888888891,0.30057204810333477,-0.4913947263539215,-1.0952607576679878,-0.6791469194312796,-0.8671946951556456,-0.1660877802336596,0.41252962775050556,-0.5196626298300364,-1.0797616010803928,Biotechnology,Healthcare,BCRX
2013Q4,2013,Q4,2014-03-10,2013-12-31,-5429000.0,10567000.0,-6334000.0,-0.09,10550000.0,0.9983912179426516,48866000.0,-1126000.0,42121000.0,15256000.0,49992000.0,0.0,-422709000.0,449091600.0,474818600.0,-0.019055355299453385,2.760946512847404,0.6139237915933369,-26.642984014209592,-0.21936690448154048,-0.019055355299453385,4.821492007104796,42.49944165799186,-20.68021735126174,-398.8380106571936,0.0,0.0,0.0,0.2162444235255597,2.6330624016780284,-0.11109974215200753,-99.37853507413145,0.9983912179426516,0.3571428571428572,-1.3485453743130527,-0.800473415722282,-1.015680593511515,3.4160736709920467,0.32145981752280967,0.08534296028880867,0.5948321318286273,-0.5181096267380567,-1.0130870389323499,Biotechnology,Healthcare,BCRX
2013Q3,2013,Q3,2013-11-08,2013-09-30,-8001000.0,2389000.0,-6925000.0,-0.14,2389000.0,1.0,53205000.0,3410000.0,46839000.0,13182000.0,49795000.0,0.0,-417280000.0,415862720.0,436353720.0,0.05969469925075275,3.5532544378698225,0.5638567803777841,8.79765395894428,-0.20727327147560612,0.05969469925075275,-2.3463343108504398,174.07397237337798,-12.99408573928259,121.95387683284457,0.0,0.0,0.0,0.0449017949440842,3.4107115763920497,-0.150380603326755,-52.49466296389801,1.0,0.3913043478260869,0.40681184518517577,-0.8208699727105133,-0.9350414314454574,1.9241126070991432,0.3426717055537299,0.42966562345577336,0.421334678330447,-0.8435743937165932,-0.9639627045263448,Biotechnology,Healthcare,BCRX
2013Q2,2013,Q2,2013-08-08,2013-06-30,-12172000.0,821000.0,-12142000.0,-0.23,817000.0,0.9951278928136419,39916000.0,-9047000.0,33530000.0,11958000.0,48963000.0,0.0,-409279000.0,86083480.0,105674480.0,-0.16920400987506545,2.803980598762335,0.7515783144603668,-3.316016359014038,-0.5794874242351931,-0.16920400987506545,1.3454183707306289,104.85198538367844,-1.7680635885639173,-9.515140930695258,0.0,0.0,0.0,0.020568193205732038,2.521241010202375,-0.3049403747870528,-29.470551181102362,0.9951278928136419,-1.5555555555555558,0.31722857531212556,-0.779885023579846,-1.1520295416261903,-0.7650273224043715,-1.7012871726586773,-1.2840481565086532,0.005758539252793635,-0.9102471657240362,-1.09009251396527,Biotechnology,Healthcare,BCRX
2013Q1,2013,Q1,2013-05-09,2013-03-31,-4506000.0,3554000.0,-5316000.0,-0.09,3477000.0,0.9783342712436691,46899000.0,-2840000.0,35407000.0,11324000.0,49739000.0,0.0,-397107000.0,70480740.0,99137740.0,-0.055606680633602884,3.1267220063581775,0.6396724876863046,-10.56338028169014,-0.19572901325478645,-0.055606680633602884,1.5866197183098592,19.8313843556556,-3.910382822902796,-24.817161971830984,0.0,0.0,0.0,0.07577986737457089,2.8781349346520666,-0.09607880765048295,-6.294047151277014,0.9783342712436691,0.5909090909090909,0.7436388533137055,-0.7540491200006844,-1.039030202280108,-0.12396069538926682,0.5923278747851262,0.502945301542777,-0.49339339621434986,-0.8827588323268177,-1.0285585072179664,Biotechnology,Healthcare,BCRX
2012Q4,2012,Q4,2013-03-11,2012-12-31,-11053000.0,4101000.0,-10695000.0,-0.22,3969000.0,0.9678127286027798,57439000.0,-454000.0,41978000.0,17224000.0,57893000.0,0.0,-392601000.0,72253860.0,96070860.0,-0.008922429888174833,2.4371806781235485,0.5222932154111318,-66.07929515418502,-0.3619779327150883,-0.008922429888174833,24.345814977973568,17.618595464520848,-1.6342590246991766,-159.14947136563876,0.0,0.0,0.0,0.07139748254670172,2.3316883418485834,-0.192430230331308,-10.28085657370518,0.9678127286027798,-0.15789473684210525,-2.620422487278618,-0.8911174508758848,-1.0052319309235003,-0.3110571081409477,-0.13948453608247421,-0.3342065868263473,-1.6297448207326988,-0.9355098306412083,-1.0045431282971469,Biotechnology,Healthcare,BCRX
2012Q3,2012,Q3,2012-11-08,2012-09-30,-9700000.0,5761000.0,-8016000.0,-0.19,5761000.0,1.0,64094000.0,9784000.0,46582000.0,12564000.0,54310000.0,263000.0,-381548000.0,218348909.99999997,241451909.99999997,0.1931268628728213,3.707577204711875,0.4680625331544294,3.066230580539657,,0.1931268628728213,-0.991414554374489,37.90121680263842,-5.627549226804123,22.31693683565004,0.0,0.0,0.0,0.08988360845008893,3.564867876472461,-0.15134021905326553,-18.530841890859712,1.0,0.24,0.40249677127083516,-0.8095163881393949,-0.8991021128398284,0.3684085510688836,0.20984033887259693,0.21226415094339623,0.30705849417849496,-0.5853675614294837,-0.6845334828588359,Biotechnology,Healthcare,BCRX
2012Q2,2012,Q2,2012-08-08,2012-06-30,-12276000.0,4210000.0,-10176000.0,-0.25,4210000.0,1.0,76236000.0,15659000.0,45064000.0,19106000.0,60577000.0,263000.0,-371848000.0,195395460.0,216429460.0,0.31815595920191797,2.3586307966083955,0.39351487486226977,1.915831151414522,,0.31815595920191797,-0.7839581071588224,46.41222327790974,-3.9792167644183776,12.478156970432341,0.0,0.0,0.0,0.05522325410567186,2.09180362189888,-0.1610262867936408,-30.61664995299279,1.0,-0.923076923076923,-0.05385094922502632,-0.812814459201114,0.0018354190003667132,-0.6555110056460192,-1.0284203569068078,-1.0347930413917217,-0.09809552211886392,-0.3168411104468115,-0.6111958244459732,Biotechnology,Healthcare,BCRX
2012Q1,2012,Q1,2012-05-08,2012-03-31,-6052000.0,12221000.0,-5001000.0,-0.13,12221000.0,1.0,80085000.0,23150000.0,52949000.0,16165000.0,56935000.0,263000.0,-359572000.0,227517150.0,245473150.0,0.4914552595265895,3.2755335601608415,0.3746019853905226,1.2958963282937366,,0.4914552595265895,-0.2614254859611231,18.616901235578105,-9.398428205551884,9.82795464362851,0.0,0.0,0.0,0.15260036211525255,3.039282400247448,-0.07556970718611475,-18.47179913940083,1.0,0.5358137541955295,0.5738139152090155,-0.17077240623867765,0.028147021180688996,1.339395099540582,0.5412371134020618,0.5470929179496468,0.47175968105618354,1.273849431036115,-0.5125384444542974,Biotechnology,Healthcare,BCRX
2011Q4,2011,Q4,2012-03-06,2011-12-31,-13192000.0,5224000.0,-11042000.0,-0.28006,5224000.0,1.0,82208000.0,14806000.0,52858000.0,26299000.0,67402000.0,263000.0,-353520000.0,116349350.00000001,155179350.0,0.3143190744082369,2.009886307464162,0.36492798754379135,2.0262055923274347,,0.3143190744082369,-0.890990139132784,22.27208078101072,-2.204922490903578,7.858256787788735,0.0,0.0,0.0,0.06354612689762554,1.8742537739077532,-0.16047100038925652,-29.196825595984947,1.0,0.12481250000000009,0.18423326162150702,0.5519218040988253,-0.565049743811183,-0.004762811964183654,0.0876270834774189,0.13768059351815698,-2.0624401045274454,-0.8762610118870561,-0.7413477963933558,Biotechnology,Healthcare,BCRX
2011Q3,2011,Q3,2011-11-03,2011-09-30,-14459000.0,5249000.0,-12805000.0,-0.32,5249000.0,1.0,92511000.0,26042000.0,60446000.0,19333000.0,66469000.0,898000.0,-340328000.0,124691279.99999999,153808280.0,0.5764310062419762,3.12657114777841,0.3242857606122515,1.1519852545887412,,0.5764310062419762,-0.555218493203287,23.755244808534957,-2.155945777716301,4.788083864526533,0.0,0.0,0.0,0.05673919858179027,2.8776185796306835,-0.15629492708975148,-11.90938681948424,1.0,0.11111111111111106,0.4006050431797381,0.8967342091407026,-0.4389292230896334,0.4053547523427041,0.11136377604326717,0.1009618760092677,-0.355433037143842,-0.5023541067343712,-0.37273939720098026,Biotechnology,Healthcare,BCRX
2011Q2,2011,Q2,2011-08-04,2011-06-30,-16271000.0,3735000.0,-14243000.0,-0.36,3735000.0,1.0,108412000.0,39266000.0,79877000.0,21960000.0,69146000.0,898000.0,-325870000.0,172324020.0,225899020.0,0.8704307153465896,3.6373861566484518,0.276722134081098,0.7640197626445271,,0.8704307153465896,-0.41437885193297,46.13762248995984,-2.647717104050151,4.388631895278357,0.0,0.0,0.0,0.0344519056930967,3.3493624772313297,-0.15008486145445155,-49.319982827704635,1.0,-0.24137931034482762,-0.043967166684240375,0.5509061388412647,-0.4277780281423903,-0.31278748850046,-0.2490212635295924,-0.23862944603878597,-0.08178043629675662,0.18688468657091867,-0.21791934618329784,Biotechnology,Healthcare,BCRX
2011Q1,2011,Q1,2011-05-06,2011-03-31,-13027000.0,5435000.0,-11499000.0,-0.29,5435000.0,1.0,122766000.0,54169000.0,100451000.0,21771000.0,68597000.0,898000.0,-309599000.0,170500730.0,206287730.0,1.2041034076510992,4.61398190253089,0.2443673329749279,0.5538222968856726,,1.2041034076510992,-0.24048810205098858,31.37087948482061,-3.2720643663161124,3.14757019697613,0.0,0.0,0.0,0.044271215157291106,4.342152404574893,-0.10611244155547953,-11.875790903392074,1.0,-0.27888516493208676,-0.06313756083709375,3.5344712207824154,-0.3452772564711103,-0.6744315295961507,-0.27700875476893216,-0.11557184626121902,0.15858593519202055,-0.5729931502252376,-0.1548425651145605,Biotechnology,Healthcare,BCRX
2010Q4,2010,Q4,2011-03-15,2010-12-31,-10201183.0,16694336.0,-10307718.0,-0.22676,16693877.0,0.9999725056450284,109447235.0,65503226.0,87418974.0,27822024.0,43944009.0,898076.0,-296572332.0,232582790.0,218960420.0,1.4560478804988108,3.1420781608124555,0.0,0.0,,1.4560478804988108,-0.15573558163379617,13.931838319295839,-5.699897502083827,3.550707410960187,0.0,0.000511092602407814,0.0,0.15253319099381543,3.0253999133923544,-0.0932064021535126,-39.880553533659636,0.9999725056450284,0.055166666666666676,0.08362672573842168,513.6246842922985,-0.2790072711347564,0.3911564166666667,0.06101040132547864,0.062082074613284806,-2.7793342064646893,-0.4986704122730269,-0.14620321733490518,Biotechnology,Healthcare,BCRX
2010Q3,2010,Q3,2010-11-08,2010-09-30,-10864000.0,12000000.0,-10990000.0,-0.24,12000000.0,1.0,111354000.0,74349000.0,89762000.0,20246000.0,37005000.0,898000.0,-286372000.0,221726960.00000003,210552960.00000003,1.6564700115854203,4.433567124370246,0.0,0.0,,1.6564700115854203,-0.14612166942393306,18.47724666666667,-5.102332474226805,2.9822453563598703,0.0,0.0,0.0,0.10776442696265963,4.264200335868813,-0.09756272787686118,-23.85956741633488,1.0,-0.04347826086956513,0.17020432992912649,217.97279654219767,0.26182708055694587,0.5756302521008403,-0.06582949082703816,-0.06389157792836399,0.24466347921027531,-0.5521596788207379,-0.13458789819821287,Biotechnology,Healthcare,BCRX
2010Q2,2010,Q2,2010-08-06,2010-06-30,-10193000.0,7616000.0,-10330000.0,-0.23,7616000.0,1.0,116103000.0,83608000.0,79755000.0,15098000.0,32495000.0,907000.0,-275508000.0,263095470.0,249074470.0,1.8781139789293977,5.28248774672142,0.0,0.0,,1.8781139789293977,-0.12191417089273754,34.54509847689076,-6.452846806632002,3.146773873313559,0.0,0.0,0.0,0.06559692686666149,5.0392767253940915,-0.08779273576048853,-31.014437109513143,1.0,-2.8333333333333335,-0.060074851406353984,76.13085353677364,0.2018109444749614,-0.706907831441216,-2.9279383429672445,-2.7852693294246977,0.03256363542742236,-0.6256177841444149,4.913958392390333,Biotechnology,Healthcare,BCRX
2010Q1,2010,Q1,2010-05-07,2010-03-31,-2595000.0,26071000.0,-2729000.0,-0.06,25985000.0,0.9967013156380653,124655000.0,85527000.0,92790000.0,21094000.0,39128000.0,844000.0,-265315000.0,288587250.0,268711250.0,1.9471143995446785,4.398881198445055,0.0,0.0,,1.9471143995446785,-0.030341295731172613,11.069281960799355,-27.802239884393064,3.3742239292854888,0.0,0.1018957345971564,0.0,0.2091452408647868,4.251066654024841,-0.02081745617905419,-54.75,0.9967013156380653,-1.1764705882352942,0.7528039430283422,340.9337396060358,-0.011077234824639662,-0.48392701256300596,-1.1712705669055765,-1.1808988811712438,0.8040284866200919,0.8970550291464341,3.0734529359158804,Biotechnology,Healthcare,BCRX
2009Q4,2009,Q4,2010-03-09,2009-12-31,15151465.0,54895319.0,15085776.0,0.34,50351405.0,0.9172258385091085,142190106.0,86266050.0,111022152.0,37253000.0,55924056.0,6281263.0,-262719149.0,283755500.0,242630563.0,1.9639396698918612,2.9802204386223927,0.0,0.0,,1.9639396698918612,0.1756364757630609,5.169029075138447,4.681981247357928,3.289306743498746,0.0,0.7234076968278513,0.0,0.3860698929361513,2.7564479639223687,0.10655780086414733,29.7349174323194,0.9172258385091085,2.2142857142857144,2.540420350659024,90.15497183975927,0.5813704149559485,3.773549962078119,2.4257518584736992,2.410281013368234,2.0047666599573657,16.488687507324656,1.71767172949037,Biotechnology,Healthcare,BCRX
2009Q3,2009,Q3,2009-11-06,2009-09-30,-10627000.0,10548000.0,-10697000.0,-0.28,10548000.0,1.0,60588000.0,23545000.0,50686000.0,17735000.0,37043000.0,0.0,-277871000.0,316910400.0,298684400.0,0.6121944877795111,2.8579644770228363,0.0,0.0,,0.6121944877795111,-0.4513484816309195,30.044596131968145,-7.455311941281642,13.459774899129329,0.0,0.0,0.0,0.1740938799762329,2.6563856780377786,-0.17539776853502342,-60.18047854158754,1.0,-0.21739130434782614,-0.1324869935885048,21.04838966892009,-0.612778111380888,1.2034677250887822,-0.2237448180561953,-0.22405309531983064,0.48250849062354473,3.477315995433113,-0.40411873553084826,Biotechnology,Healthcare,BCRX
2009Q2,2009,Q2,2009-07-31,2009-06-30,-8684000.0,4787000.0,-8739000.0,-0.23,4787000.0,1.0,64694000.0,31285000.0,57451000.0,13464000.0,33409000.0,0.0,-267244000.0,154074960.0,140264960.0,0.8182935760619376,4.267008318478907,0.0,0.0,,0.8182935760619376,-0.27757711363273135,32.1861207436808,-4.4355988023952095,4.9248828512066485,0.0,0.0,0.0,0.07399449717129873,3.7381907308377897,-0.13423192258942096,-12.899778968519758,1.0,0.04166666666666659,0.029008660963695563,11.473610785666553,-0.551098268650063,0.09818765771966047,0.0654326302195437,0.06903163950143816,0.3425725299848047,1.3453830018526174,-0.4620530325999237,Biotechnology,Healthcare,BCRX
2009Q1,2009,Q1,2009-05-08,2009-03-31,-9292000.0,4359000.0,-9387000.0,-0.24,4359000.0,1.0,72602000.0,38517000.0,65129000.0,13562000.0,34085000.0,0.0,-258560000.0,83666760.0,67361760.0,1.0081928593864518,4.802315292729686,0.0,0.0,,1.0081928593864518,-0.24124412597035075,19.194026152787337,-2.251042832544124,2.1722034426357193,0.0,0.0,0.0,0.06003966832869618,4.7235658457454655,-0.12798545494614474,-9.138914254505735,1.0,-1.923076923076923,0.12779897592300757,11.347168674594252,-0.5452824551717226,0.0,-1.9227014139416092,-1.9574167311608088,0.1070390925559393,3.2824486771202075,-0.4518022366605573,Biotechnology,Healthcare,BCRX
2008Q4,2008,Q4,2009-03-06,2008-12-31,10070430.0,34240369.0,9804508.0,0.26,0.0,0.0,84691677.0,46426227.0,75024706.0,17108005.0,38265450.0,0.0,-249267614.0,52339480.00000001,29997422.000000007,1.2152190084807875,4.385356796423663,0.0,0.0,,1.2152190084807875,0.21691252231201127,1.5285898349985658,1.299335778114738,1.1273688038444305,0.0,0.0,0.0,0.4042943794819413,4.29687108461799,0.11890696177854643,-11.353234879809394,0.0,2.0833333333333335,2.5886335897972823,19.948527663043194,-0.163268720107105,0.0,2.1195586436909393,2.024183432570772,2.065241524761444,1241.9054609497466,-0.3982587517703583,Biotechnology,Healthcare,BCRX
2008Q3,2008,Q3,2008-10-31,2008-09-30,-8995000.0,8894000.0,-9573000.0,-0.24,0.0,0.0,99351000.0,35008000.0,80111000.0,17559000.0,64343000.0,0.0,-259338000.0,119999250.0,104047250.0,0.9189657435358971,4.562389657725383,0.0,0.0,,0.9189657435358971,-0.2569412705667276,13.492157634360243,-3.3351653696498054,3.427766510511883,0.0,0.0,0.0,0.08952099123310284,4.429637223076485,-0.09053758895230044,-18.85002356267672,0.0,0.27272727272727276,-0.2249299479066303,17.598642086107635,-0.4724776300171274,0.0,0.29223385002753954,0.2845291479820628,0.19051994810742579,190.2183734742092,-0.29997171504004166,Biotechnology,Healthcare,BCRX
2008Q2,2008,Q2,2008-08-08,2008-06-30,-12709000.0,2659000.0,-13380000.0,-0.33,0.0,0.0,107649000.0,42423000.0,55620000.0,17346000.0,65226000.0,0.0,-250343000.0,106727600.0,81586600.0,1.1129679670488233,3.2065029401591145,0.0,0.0,,1.1129679670488233,-0.29957805907172996,40.13824746145168,-2.0994492092218113,2.515795676873394,0.0,0.0,0.0,0.024700647474663027,3.069929666781967,-0.11805961968991815,-16.559751745539177,0.0,0.029411764705882377,-0.8112581670193225,0.0,-0.42433927372611585,0.0,0.02969919071613987,0.045376712328767124,-0.5436650255910291,30.450439346006355,-0.2878083552672357,Biotechnology,Healthcare,BCRX
2008Q1,2008,Q1,2008-05-09,2008-03-31,-13098000.0,10768000.0,-14016000.0,-0.34,0.0,0.0,129144000.0,54223000.0,77259000.0,25945000.0,74921000.0,0.0,-237634000.0,175451990.0,147576990.0,1.424709004440474,2.9777991905954906,0.0,0.0,,1.424709004440474,-0.24155801043837485,16.29383265230312,-3.348831691861353,3.235748483116021,0.0,0.0,0.0,0.08337979309917612,2.8571208325303528,-0.10142166883478908,-37.6102872454448,0.0,-4.666666666666667,-1.1803153511973385,15.225251088279542,-0.3267167394736705,0.0,-4.735871398767869,-3.088613462378251,-0.4400035411896372,161.99478537495375,-0.2764024709739819,Biotechnology,Healthcare,BCRX
2007Q4,2007,Q4,2008-03-04,2007-12-31,-2283524.0,28171901.0,-3428057.0,-0.06,0.0,0.0,142716839.0,64905054.0,91704652.0,28117599.0,77811785.0,0.0,-224536044.0,235204620.0,204049300.0,1.7053799101395202,3.2614680933460924,0.0,0.0,,1.7053799101395202,-0.03518252985353036,8.348908367951456,-25.750180422890235,3.6238259658485146,0.0,0.0,0.0,0.197397176096368,3.19462515273797,-0.016000382407572802,-16.61659907710452,0.0,0.8125,0.6126096396545964,35.06504564859923,-0.24934541401238297,0.0,0.7921045156591405,0.7110051424717586,0.7320556534527696,53.805700081198495,0.37317728110424336,Biotechnology,Healthcare,BCRX
2007Q3,2007,Q3,2007-11-09,2007-09-30,-10984000.0,20463000.0,-11862000.0,-0.32,0.0,0.0,141154000.0,65609000.0,91561000.0,24735000.0,75545000.0,0.0,-222253000.0,254335340.0,210243340.0,1.9140823292586866,3.7016777845158684,0.0,0.0,,1.9140823292586866,-0.16741605572406223,12.429034843375849,-5.788768663510561,3.8765312685759574,0.0,0.0,0.0,0.14496932428411521,3.616737416616131,-0.07781571900194115,-42.73107190860215,0.0,-0.3333333333333334,-0.656195962008084,24.574902897042968,-0.21173285940977604,-1.0,-0.5774809708458998,-0.5644948562384595,-0.3133774094067639,46.99351233253266,0.21068482206746073,Biotechnology,Healthcare,BCRX
2007Q2,2007,Q2,2007-08-09,2007-06-30,-6963000.0,13444000.0,-7582000.0,-0.24,13444000.0,1.0,78426000.0,9343000.0,51428000.0,17157000.0,69083000.0,0.0,-211269000.0,226534000.0,219356000.0,0.31757307953772945,2.9974937343358397,0.0,0.0,,0.31757307953772945,-0.745263833886332,16.85019339482297,-8.13349131121643,24.246387669913304,0.0,0.0,0.0,0.17142274245785835,2.8641953721513085,-0.08878433172672329,-186.14133114215284,1.0,0.2,0.19123945198463987,16.481753820427027,-0.8788037992138968,0.0,0.21099150141643058,-7.059098639455782,-0.011757158064952835,44.524125724059935,-0.825784890160463,Biotechnology,Healthcare,BCRX
2007Q1,2007,Q1,2007-05-10,2007-03-31,-8825000.0,9159000.0,-940800.0,-0.3,0.0,0.0,67916000.0,13993000.0,47288000.0,13579000.0,53923000.0,0.0,-204306000.0,245023379.99999997,235816379.99999997,0.47800095648015306,3.4824361145887033,0.0,0.0,,0.47800095648015306,-0.6306724790966912,26.75219783819194,-6.94117223796034,17.5104252126063,0.0,0.0,0.0,0.13485776547499853,3.345091685691141,-0.12993992579068261,-66.69117583015786,0.0,0.12612875036411303,0.0537978055164808,9.231884518140484,-0.8358710678690264,-1.0,0.12187770308680138,0.9123843607201432,-0.08105769658695376,32.85753522538243,-0.7844108700705361,Biotechnology,Healthcare,BCRX
