Quarters,Year,Quarter,FillingDate,Date,NetIncome,Revenue,OperatingIncome,EPSDiluted,GrossProfit,GrossProfitRatio,TotalAssets,CommonStockEquity,CurrentAssets,CurrentLiability,TotalLiability,Inventory,RetainedEarnings,MarketCap,EnterpriseValue,bookValuePerShare,currentRatio,debtToAssets,debtToEquity,roic,shareholdersEquityPerShare,roe,priceToSalesRatio,peRatio,pbRatio,payoutRatio,inventoryTurnover,dividendYield,assetTurnover,quickRatio,returnOnAssets,priceToFreeCashFlowsRatio,grossProfitMargin,epsdilutedGrowth,fiveYNetIncomeGrowthPerShare,fiveYRevenueGrowthPerShare,fiveYShareholdersEquityGrowthPerShare,grossProfitGrowth,netIncomeGrowth,operatingIncomeGrowth,threeYNetIncomeGrowthPerShare,threeYRevenueGrowthPerShare,threeYShareholdersEquityGrowthPerShare,Industry,Sector,Symbol
2022Q4,2022,Q4,2023-04-24,2022-12-31,5583278.0,0.0,-515142.0,0.74,-1227252.0,0.0,304140870.0,292847142.0,54581.0,725068.0,11293728.0,0.0,-11239897.0,302700000.0,302679294.0,9.7615714,0.07527707746032096,0.0,0.0,-0.0038757607267217876,9.7615714,0.019065502780286653,0.0,13.553865668161249,1.0336450543198403,0.0,0.0,0.0,0.0,0.02855732152018845,0.018357539386271896,-5473.977359036493,0.0,5.7272727272727275,0.0,0.0,5617.992877582924,-6.097880905010873,0.3040002765286499,-1.9793527043908759,0.0,0.0,5617.992877582924,Shell Companies,Financial Services,CHAA
2022Q3,2022,Q3,2022-11-15,2022-09-30,4281654.0,0.0,-172904.0,0.11,-172904.0,0.0,301877571.0,290313074.0,193595.0,348940.0,11564497.0,0.0,-11371652.0,74250000.0,74173996.0,38.70840986666666,0.5548088496589672,0.0,0.0,-0.0012412815315290102,38.70840986666666,0.014748402271404422,0.0,4.335357317522621,0.2557583748364016,0.0,0.0,0.0,0.0,0.21781395082249097,0.014183412122393154,-211.86622039223073,0.0,-0.15384615384615388,-0.14250454967937454,0.0,0.034819933685251665,-0.16572615170944494,-0.10287683003715546,-0.16572615170944494,-0.14250454967937454,0.0,0.034819933685251665,Shell Companies,Financial Services,CHAA
2022Q2,2022,Q2,2022-08-19,2022-06-30,4772649.0,0.0,-148323.0,0.13,-148323.0,0.0,301026229.0,288258699.0,583820.0,566261.0,12767530.0,0.0,-12184460.0,73650000.0,73223539.0,38.4344932,1.031008669147266,0.0,0.0,-0.0010621042027978297,38.4344932,0.016556825575626426,0.0,3.857920412751912,0.2554996614343285,0.0,0.0,0.0,0.0,0.7531173787352475,0.015854595182136104,-297.68641272715513,0.0,-0.5,0.10323661211933419,0.0,0.546049810624057,0.0,-0.5141047747781775,0.6205437432684461,0.10323661211933419,0.0,0.546049810624057,Shell Companies,Financial Services,CHAA
2022Q1,2022,Q1,2022-05-23,2022-03-31,9822383.0,0.0,-390883.0,0.26,0.0,0.0,300802069.0,285946536.0,679948.0,514066.0,14855533.0,0.0,-14176335.0,73462500.0,72788631.0,38.1262048,1.3226861920453794,0.0,0.0,-0.002847265946704389,38.1262048,0.03435041786972373,0.0,1.8697728443291204,0.2569099140966688,0.0,0.0,0.0,0.0,1.3108608622239168,0.03265397419856178,-228.71620043898565,0.0,0.0,8.90370743076119,0.0,0.2477433952028705,0.0,0.01636004770145717,0.3180556500560897,8.90370743076119,0.0,0.2477433952028705,Shell Companies,Financial Services,CHAA
2021Q4,2021,Q4,2022-03-31,2021-12-31,9664275.0,0.0,-573189.0,0.26,0.0,0.0,301121622.0,-18853817.0,1037019.0,480254.0,19890836.0,0.0,-18854567.0,108292751.24,107297687.24,-1.7009614215245974,2.159313613213008,0.0,0.0,0.06463713061373415,-1.7009614215245974,-0.5125898379092149,0.0,2.8013676980425326,-5.743810457054929,0.0,0.0,0.0,0.0,2.0719535912246436,0.032094257914165994,-279.74671602386917,0.0,0.9526556116318194,0.0,0.0,-980.113886580806,0.0,0.935483774061931,-3.8114984596529813,0.0,0.0,-980.113886580806,Shell Companies,Financial Services,CHAA
2021Q3,2021,Q3,2021-11-22,2021-09-30,4993209.0,0.0,-119129.0,0.133152,0.0,0.0,301204990.0,280544532.0,1149231.0,19277.0,20660458.0,0.0,-19511977.0,73125000.0,72079777.0,37.4059376,59.61669346890076,0.0,0.0,-0.00042463490252592055,37.4059376,0.017798275961407796,0.0,3.661222672633971,0.26065380593480963,0.0,0.0,0.0,0.0,54.22124811952067,0.016577444483904465,-896.5352361335883,0.0,-0.21901320883091296,0.0,0.0,0.0,0.0,-0.21901021312949515,0.3035143209602264,0.0,0.0,0.0,Shell Companies,Financial Services,CHAA
2021Q2,2021,Q2,2021-08-16,2021-06-30,6393437.0,0.0,-171043.0,0.170492,0.0,0.0,301329566.0,275551323.0,1296776.0,47693.0,25778243.0,0.0,4928094.0,106962645.8,105835858.8,24.859802663464034,27.190069821567107,0.0,0.0,-0.0006207300989805083,24.859802663464034,0.023202345502801307,0.0,4.182517392444784,0.38817685444391786,0.0,0.0,0.0,0.0,23.625836076573083,0.02121742345057504,-636.6937850080656,0.0,2.0289135249636394,0.0,0.0,0.0,0.0,5.38026951237977,-1.5173002487232696,0.0,0.0,0.0,Shell Companies,Financial Services,CHAA
2021Q1,2021,Q1,2021-03-31,2021-03-31,-1459599.0,0.0,-67947.0,-0.165701,0.0,0.0,301533611.0,269157886.0,1523426.0,103300.0,32375725.0,0.0,-1465343.0,86324662.2,85029878.2,30.55612632099011,14.74758954501452,0.0,0.0,-0.00025244291003236665,30.55612632099011,-0.005422835725496819,0.0,-14.785681238477144,0.3207212817832876,0.0,0.0,0.0,0.0,12.534211035818005,-0.004840584753253262,-338.0150994373245,0.0,0.0,0.0,0.0,0.0,0.0,0.0,0.0,0.0,0.0,0.0,Shell Companies,Financial Services,CHAA
2020Q4,2020,Q4,2021-04-15,2020-12-31,0.0,0.0,0.0,0.0,0.0,0.0,86354.0,19256.0,0.0,67098.0,67098.0,0.0,0.0,108625277.60000001,108625277.60000001,0.0017372457329397886,0.0,0.057901197396762166,0.2596593269630245,,0.0017372457329397886,0.0,0.0,0.0,5641.113294557541,0.0,0.0,,0.0,0.0,0.0,0.0,0.0,0.0,0.0,0.0,0.0,0.0,0.0,0.0,0.0,0.0,0.0,Shell Companies,Financial Services,CHAA
