Quarters,Year,Quarter,FillingDate,Date,NetIncome,Revenue,OperatingIncome,EPSDiluted,GrossProfit,GrossProfitRatio,TotalAssets,CommonStockEquity,CurrentAssets,CurrentLiability,TotalLiability,Inventory,RetainedEarnings,MarketCap,EnterpriseValue,bookValuePerShare,currentRatio,debtToAssets,debtToEquity,roic,shareholdersEquityPerShare,roe,priceToSalesRatio,peRatio,pbRatio,payoutRatio,inventoryTurnover,dividendYield,assetTurnover,quickRatio,returnOnAssets,priceToFreeCashFlowsRatio,grossProfitMargin,epsdilutedGrowth,fiveYNetIncomeGrowthPerShare,fiveYRevenueGrowthPerShare,fiveYShareholdersEquityGrowthPerShare,grossProfitGrowth,netIncomeGrowth,operatingIncomeGrowth,threeYNetIncomeGrowthPerShare,threeYRevenueGrowthPerShare,threeYShareholdersEquityGrowthPerShare,Industry,Sector,Symbol
2023Q1,2023,Q1,2023-05-09,2023-03-31,699000000.0,4425000000.0,1131000000.0,1.71,1834000000.0,0.4144632768,31117000000.0,5201000000.0,9512000000.0,8162000000.0,25901000000.0,629000000.0,-3058000000.0,9207152856.0,21545152856.0,13.557285509673742,1.1654006370987504,0.4131503679660636,2.471832339934628,0.04912428081258378,13.557285509673742,0.13439723130167275,2.0807125098305086,3.2929731244635194,1.7702658827148625,0.11015736766809728,4.119236883942766,0.008363063066757019,0.1422052254394704,0.2457730948296986,0.02246360510331973,9.681548744479496,0.4144632768361582,3.8983050847457625,3.551186300051352,5.46008548081673,-0.0414811579839356,1.8085758039816233,3.818548387096774,11.980582524271844,14.876161978334691,0.9692797859940555,-0.1664309769353236,Utilities—Independent Power Producers,Utilities,VST
2022Q4,2022,Q4,2023-03-01,2022-12-31,-248000000.0,3869000000.0,-103000000.0,-0.59,653000000.0,0.1687774619,32787000000.0,4902000000.0,11116000000.0,10337000000.0,27869000000.0,570000000.0,-3643000000.0,9599299187.199999,22480299187.199997,11.847364873432246,1.0753603560027087,0.40674657638698264,2.7205222358221133,-0.004103184883625298,11.847364873432246,-0.05059159526723786,2.4810801724476605,-9.67671289032258,1.958241368257854,-0.6048387096774194,5.6421052631578945,0.01562614072910808,0.11800408698569555,0.24581600077391894,-0.007563973526092659,9599.299187199998,0.16877746187645387,-1.390728476821192,0.5564709088131807,3.2485039901448887,-0.19962030441340944,-0.5936527691350342,-1.3712574850299402,-1.1152125279642058,-2.2498409922982088,0.5953340613202319,-0.2736703998346761,Utilities—Independent Power Producers,Utilities,VST
2022Q3,2022,Q3,2022-11-04,2022-09-30,668000000.0,5146000000.0,894000000.0,1.51,1607000000.0,0.3122813836,35175000000.0,5582000000.0,13145000000.0,11911000000.0,29574000000.0,590000000.0,-3284000000.0,8689020816.0,21043020816.0,13.490818181048308,1.103601712702544,0.36642501776830133,2.3090290218559657,0.03536875273522976,13.490818181048308,0.11967036904335364,1.688499964244073,3.2518790479041915,1.5566142629881763,0.1122754491017964,5.998305084745763,0.00863158249798351,0.14629708599857855,0.20057090084795567,0.018990760483297797,16.741851283236993,0.3122813835989118,1.4778481012658227,1.528664786521238,1.9012473862934143,-0.1681963685737315,2.5926660059464814,1.492262343404569,1.5311942959001783,6.008749503212127,0.9101936165015827,-0.15065642153646377,Utilities—Independent Power Producers,Utilities,VST
2022Q2,2022,Q2,2022-08-05,2022-06-30,-1357000000.0,1588000000.0,-1683000000.0,-3.16,-1009000000.0,-0.6353904282,37468000000.0,5392000000.0,15153000000.0,14499000000.0,32065000000.0,601000000.0,-3842000000.0,9807060758.35,22232060758.35,12.563111724896578,1.0451065590730395,0.38155225792676417,2.6513353115727,-0.0648349329215386,12.563111724896578,-0.2516691394658754,6.175730956139799,-1.8067540085390568,1.818816906222181,-0.11127487103905674,4.321131447587354,0.0153970698989944,0.042382833351126296,0.2537416373543003,-0.03621757232838689,-6.310849908848134,-0.6353904282115869,-4.015873015873016,-50.997053974406576,0.2207247084705384,-0.19317688631403507,-3.3465116279069766,-3.778169014084507,-3.405759162303665,-5.43868706031213,-0.34704699256831717,-0.2056212292539705,Utilities—Independent Power Producers,Utilities,VST
2022Q1,2022,Q1,2022-05-06,2022-03-31,-284000000.0,3125000000.0,-382000000.0,-0.63,430000000.0,0.1376,32833000000.0,7300000000.0,10913000000.0,9865000000.0,25531000000.0,546000000.0,-2363000000.0,10499777980.5,20856777980.5,16.164627510715963,1.1062341611758744,0.3465720464167149,1.5587671232876712,-0.015257704410808148,16.164627510715963,-0.03890410958904109,3.35992895376,-9.24276230677817,1.4383257507534246,-0.2711267605633803,4.935897435897436,0.007333488397850224,0.09517863125513965,0.29011657374556515,-0.00864983400846709,48.1641191766055,0.1376,-1.4172185430463577,-4.4473656742911585,1.1803880326021308,0.03468943184478886,-0.7288776796973518,-1.389041095890411,-1.4311512415349887,-2.4041064197135156,0.1892835432931943,0.04056640977696971,Utilities—Independent Power Producers,Utilities,VST
2021Q4,2021,Q4,2022-02-25,2021-12-31,730000000.0,3314000000.0,886000000.0,1.51,1586000000.0,0.4785757393,29683000000.0,8291000000.0,7883000000.0,5843000000.0,21391000000.0,610000000.0,-1964000000.0,10986911293.05,20670911293.05,17.1828155306415,1.3491357179531063,0.37088569214702016,1.3278253527921844,0.03928187976773658,17.1828155306415,0.08804728018333133,3.3153021403289076,3.7626408537842466,1.3251611739295621,0.09726027397260274,2.8327868852459015,0.006462234754267338,0.11164639692753428,0.561526613041246,0.02459320149580568,249.7025293875,0.4785757392878696,72.30097087378641,4.968445006883432,1.4656183484677388,0.0,0.852803738317757,72.0,6.445378151260504,5.086191256720166,0.34620956574184664,0.09781058468060808,Utilities—Independent Power Producers,Utilities,VST
2021Q3,2021,Q3,2021-11-05,2021-09-30,10000000.0,2991000000.0,119000000.0,0.0206,856000000.0,0.2861919091,29932000000.0,6036000000.0,7846000000.0,7922000000.0,23901000000.0,471000000.0,-2619000000.0,8251040101.500001,19522040101.5,12.50940472113763,0.9904064630143903,0.38828010156354403,1.9254473161033798,0.0016187613075238393,12.50940472113763,0.0016567263088137839,2.7586225682046144,206.2760025375,1.3669715211232605,7.2,4.532908704883227,0.008726172593308658,0.09992650006681812,0.23819742489270387,0.0003340906053721769,25.784500317187504,0.2861919090605149,-0.7057142857142857,-0.952621432560729,0.5680259292562605,1.227187668052438,0.049019607843137254,-0.7222222222222222,1.1636363636363636,-0.9665176043932654,0.019060405048265363,-0.205942205487052,Utilities—Independent Power Producers,Utilities,VST
2021Q2,2021,Q2,2021-08-05,2021-06-30,36000000.0,2565000000.0,55000000.0,0.07,816000000.0,0.318128655,27015000000.0,6076000000.0,4749000000.0,5223000000.0,20947000000.0,486000000.0,-2552000000.0,9015719842.15,20498719842.15,12.50147541997288,0.9092475588742103,0.4414954654821395,1.9629690585911783,-0.0013167615190981723,12.50147541997288,0.005924950625411455,3.5149005232553603,62.609165570486105,1.483824858813364,2.0277777777777777,3.5987654320987654,0.008096968548058999,0.09494725152692948,0.3438636798774651,0.0013325930038867297,37.25504067004132,0.31812865497076026,1.0166270783847982,1.0634572986372293,0.8298012420303236,0.0,1.42744892613934,1.0176470588235293,1.0212930700735579,-0.6390203348136395,0.07915249557460904,-0.21788454332378723,Utilities—Independent Power Producers,Utilities,VST
2021Q1,2021,Q1,2021-05-04,2021-03-31,-2040000000.0,3207000000.0,-2583000000.0,-4.21,-1909000000.0,-0.5952603679,25886000000.0,6100000000.0,3688000000.0,5406000000.0,19793000000.0,467000000.0,-2516000000.0,8569483040.559999,20089483040.559998,12.585123220332825,0.68220495745468,0.4667001467974967,1.9804918032786885,-0.1131395720217183,12.585123220332825,-0.3344262295081967,2.6721181916308074,-1.0501817451666666,1.404833285337705,-0.03627450980392157,10.955032119914346,0.008635293360142321,0.12388936104458008,0.34720680725120234,-0.07880707718457854,-4.64470625504607,-0.59526036794512,-74.58348294434471,-4.2456559577748205,1.696418063519066,0.0,-3.3597033374536465,-74.55555555555556,-100.34615384615384,-4.893006422337612,2.7056610973405344,-0.11021437682526147,Utilities—Independent Power Producers,Utilities,VST
2020Q4,2020,Q4,2021-02-26,2020-12-31,-27000000.0,2524000000.0,26000000.0,-0.0557,809000000.0,0.3205229794,25208000000.0,8371000000.0,3429000000.0,3036000000.0,16847000000.0,515000000.0,-399000000.0,9529187589.22,19007187589.22,17.270502701214113,1.1294466403162056,0.39209774674706444,1.180743041452634,0.000861988516643009,17.270502701214113,-0.0032254210966431726,3.775430899057052,-88.2332184187037,1.1383571364496474,-2.5185185185185186,3.3300970873786406,0.007135970339898204,0.1001269438273564,0.5550065876152833,-0.0010710885433195812,16.836020475653708,0.3205229793977813,-1.061208791208791,0.9852088601190621,1.0146092731950629,1.3226332767334834,-0.502460024600246,-1.0609480812641083,-0.9615384615384616,0.9587794887556695,1.3659514650021423,0.1667539442144787,Utilities—Independent Power Producers,Utilities,VST
2020Q3,2020,Q3,2020-11-04,2020-09-30,443000000.0,3552000000.0,676000000.0,0.91,1626000000.0,0.4577702703,25499000000.0,8444000000.0,3757000000.0,3383000000.0,17068000000.0,508000000.0,-303000000.0,9220173164.3,18980173164.3,17.27232636113843,1.1105527638190955,0.4023687203419742,1.215063950734249,0.02458643205689196,17.27232636113843,0.05246328754144955,2.5957694719313062,5.203257993397291,1.0919200810397915,0.1489841986455982,3.7913385826771653,0.007158216968803617,0.139299580375701,0.5533550103458469,0.017373230322757754,11.656350397345133,0.4577702702702703,1.6764705882352942,1.255362355259397,0.7881826158877109,0.0,0.5224719101123596,1.6686746987951808,0.7931034482758621,0.41929501754276016,0.6948922393825074,0.06496015271760228,Utilities—Independent Power Producers,Utilities,VST
2020Q2,2020,Q2,2020-08-05,2020-06-30,166000000.0,2509000000.0,377000000.0,0.34,1068000000.0,0.4256675967,26307000000.0,8056000000.0,4037000000.0,4631000000.0,18263000000.0,541000000.0,-678000000.0,9099229830.04,19442229830.04,16.48521059494335,0.8717339667458432,0.4076861671798381,1.3313058589870903,0.014094563147873915,16.48521059494335,0.020605759682224428,3.6266360422638506,13.703659382590361,1.129497248018868,0.39759036144578314,2.6635859519408505,0.007253361134159842,0.09537385486752575,0.35715828114877995,0.00631010757593036,21.160999604744188,0.4256675966520526,2.0909090909090913,1.2910172305559866,0.7801178118851083,0.0,-0.06806282722513089,1.9642857142857142,-0.2063157894736842,6.586434127626307,0.6939305550050875,0.05870657152740924,Utilities—Independent Power Producers,Utilities,VST
2020Q1,2020,Q1,2020-05-05,2020-03-31,56000000.0,2858000000.0,475000000.0,0.11,1146000000.0,0.4009797061,26669000000.0,7936000000.0,4559000000.0,4604000000.0,18743000000.0,514000000.0,-780000000.0,7787595241.440001,18491595241.440002,16.264142661911077,0.9902258905299739,0.42825002812253926,1.4391381048387097,0.017688972012115393,16.264142661911077,0.007056451612903226,2.724840882239328,34.766050185000005,0.981299803608871,1.1785714285714286,3.330739299610895,0.008475016735435261,0.10716562300798681,0.394005212858384,0.0020998162660767184,26.76149567505155,0.40097970608817357,-0.7708333333333334,1.143040672069762,1.3869997376064815,0.0,0.11478599221789883,-0.7606837606837606,0.4221556886227545,-0.37086519104805105,0.8455791155753798,0.04105934511261767,Utilities—Independent Power Producers,Utilities,VST
2019Q4,2019,Q4,2020-02-28,2019-12-31,234000000.0,2860000000.0,334000000.0,0.48,1028000000.0,0.3594405594,26616000000.0,7959000000.0,4114000000.0,4574000000.0,18656000000.0,469000000.0,-764000000.0,11217845526.359999,22229845526.36,16.311279164081434,0.8994315697420201,0.4250075142771265,1.4212840809146878,0.015857595722612593,16.311279164081434,0.029400678477195626,3.922323610615384,11.984877699102563,1.4094541432793064,0.26495726495726496,3.906183368869936,0.0055269079837399,0.1074541629095281,0.3640139921294272,0.0087917042380523,16.376416826802917,0.3594405594405594,1.0869565217391304,1.127337293940364,1.2676153601647544,1.3047138543368648,-0.07387387387387387,1.0707964601769913,-0.09973045822102426,2.2579270817993837,1.1041732042786594,0.0,Utilities—Independent Power Producers,Utilities,VST
2019Q3,2019,Q3,2019-11-05,2019-09-30,113000000.0,3194000000.0,371000000.0,0.23,1110000000.0,0.3475266124,26443000000.0,7792000000.0,4128000000.0,3915000000.0,18651000000.0,430000000.0,-936000000.0,13112727044.67,24106727044.67,15.883817247966032,1.0544061302681993,0.4424989600272284,1.5016683778234086,0.01353965183752418,15.883817247966032,0.014502053388090349,4.105424873096431,29.010458063429205,1.682844846595226,0.5398230088495575,4.846511627906977,0.004651969021561765,0.12078811027493098,0.5430395913154534,0.004273342661573951,15.85577635389359,0.3475266123982467,-0.6714285714285715,1.0649134840820225,0.6024229273116353,0.0,-0.16099773242630386,-0.6825842696629213,-0.49108367626886146,-0.4734023777945026,0.6469873519173436,1.2884715524663528,Utilities—Independent Power Producers,Utilities,VST
2019Q2,2019,Q2,2019-08-02,2019-06-30,356000000.0,2832000000.0,729000000.0,0.7,1323000000.0,0.4671610169,26520000000.0,7904000000.0,4539000000.0,3657000000.0,18616000000.0,476000000.0,-989000000.0,11374952628.6,22321952628.6,15.815014433351624,1.2411812961443807,0.44913273001508297,1.5069585020242915,0.025778542634196943,15.815014433351624,0.045040485829959516,4.016579318008475,7.988028531320226,1.4391387434969636,0.16573033707865167,3.1701680672268906,0.005186834787483556,0.10678733031674208,0.5646704949412087,0.013423831070889894,31.77361069441341,0.4671610169491525,0.5909090909090908,1.6102506243792705,0.9646670091965451,0.0,0.22841225626740946,0.5822222222222222,0.48775510204081635,1.6102506243792705,0.9646670091965451,0.0,Utilities—Independent Power Producers,Utilities,VST
2019Q1,2019,Q1,2019-05-03,2019-03-31,225000000.0,2923000000.0,490000000.0,0.44,1077000000.0,0.3684570647,25568000000.0,7804000000.0,3324000000.0,3238000000.0,17762000000.0,433000000.0,-1285000000.0,13076620792.970001,24005620792.97,15.534450621157967,1.0265596046942558,0.4488031914893617,1.470399794976935,0.018799358807583526,15.534450621157967,0.028831368528959508,4.4736985265035925,14.529578658855556,1.675630547535879,0.27111111111111114,4.263279445727482,0.004664813713401679,0.11432259073842303,0.47745521927115503,0.008800062578222778,50.881792968754866,0.3684570646595963,2.1891891891891895,1.5582171246272123,1.3711994439693762,0.0,0.6620370370370371,2.2096774193548385,80.66666666666667,1.5582171246272123,1.3711994439693762,0.0,Utilities—Independent Power Producers,Utilities,VST
2018Q4,2018,Q4,2019-02-28,2018-12-31,-186000000.0,2563000000.0,6000000.0,-0.37,648000000.0,0.2528287163,26024000000.0,7863000000.0,3435000000.0,3625000000.0,18157000000.0,412000000.0,-1449000000.0,11499187474.11,22267187474.11,15.65189457126667,0.9475862068965517,0.4382108822625269,1.4503370214930689,0.00022107966910950457,15.65189457126667,-0.023655093475772607,4.4866123582169335,-15.45589714262097,1.4624427666425028,0.0,4.648058252427185,0.0,0.09848601291115892,0.4753103448275862,-0.00714724869351368,29.71366272379845,0.25282871634802967,-1.6065573770491803,0.9016890652395669,0.9737906413832229,1.2923957756168722,-0.48976377952755906,-1.5636363636363637,-0.9907692307692307,0.9016890652395669,0.9737906413832229,1.2923957756168722,Utilities—Independent Power Producers,Utilities,VST
2018Q3,2018,Q3,2018-11-02,2018-09-30,330000000.0,3243000000.0,650000000.0,0.61,1270000000.0,0.3916127043,25888000000.0,8399000000.0,3276000000.0,3102000000.0,17483000000.0,393000000.0,-1261000000.0,13467171694.140001,24247171694.14,15.753771082633268,1.056092843326886,0.4477364029666255,1.3800452434813668,0.020500726553753065,15.753771082633268,0.039290391713299205,4.152689390730806,10.20240279859091,1.6034256094939874,0.0,5.020356234096692,0.0,0.1252703955500618,0.6660219213410703,0.012747218788627935,16.87615500518797,0.3916127042861548,2.05,1.1744300990318233,0.4970634192181372,0.0,0.3065843621399177,2.0555555555555554,1.8138528138528138,1.1744300990318233,0.4970634192181372,0.0,Utilities—Independent Power Producers,Utilities,VST
2018Q2,2018,Q2,2018-08-06,2018-06-30,108000000.0,2574000000.0,231000000.0,0.2,972000000.0,0.3776223776,26470000000.0,8413000000.0,3374000000.0,2646000000.0,18050000000.0,465000000.0,-1591000000.0,12453035514.92,23659035514.92,15.98418150831707,1.2751322751322751,0.45194559879108426,1.4219660049922738,0.03839906531403169,15.98418150831707,0.012837275644835373,4.838009135555556,28.826471099351853,1.4802134214810412,0.0,3.445161290322581,0.0,0.09724216093690971,0.7244897959183674,0.004080090668681527,-90.23938778927537,0.3776223776223776,1.2816901408450703,1.1757918928881177,0.6955909841602337,0.0,13.30379746835443,1.3529411764705883,1.5862944162436547,1.1757918928881177,0.6955909841602337,0.0,Utilities—Independent Power Producers,Utilities,VST
2018Q1,2018,Q1,2018-05-04,2018-03-31,-306000000.0,765000000.0,-394000000.0,-0.71,-79000000.0,-0.1032679739,14776000000.0,6060000000.0,2699000000.0,1557000000.0,8716000000.0,226000000.0,-1700000000.0,8924621498.72,11955621498.72,14.143994792171782,1.7334617854849068,0.2984569572279372,0.7277227722772277,-0.029152370244097062,14.143994792171782,-0.0504950495049505,11.666171893751633,-7.29135743359477,1.4727098182706269,0.0,3.734513274336283,0.0,0.05177314564158094,1.1830443159922928,-0.020709258256632376,-123.9530763711111,-0.10326797385620914,0.47407407407407415,0.10985062940182636,-0.27235168228033,0.0,0.11235955056179775,0.47150259067357514,0.14347826086956522,0.10985062940182636,-0.27235168228033,0.0,Utilities—Independent Power Producers,Utilities,VST
2017Q4,2017,Q4,2018-02-26,2017-12-31,-579000000.0,943000000.0,-460000000.0,-1.35,-89000000.0,-0.0943796394,14600000000.0,6342000000.0,2673000000.0,1351000000.0,8258000000.0,253000000.0,-1410000000.0,7849211034.88,10785211034.880001,14.802180688441162,1.9785344189489267,0.30294520547945203,0.6974140649637338,-0.0689172457424828,14.802180688441162,-0.0912961210974456,8.323659634019089,-3.389123935613126,1.2376554769599495,0.0,4.07905138339921,0.0,0.0645890410958904,1.531458179126573,-0.039657534246575345,15.481678569783037,-0.09437963944856839,-3.1093750000000004,0.6411703922529016,-0.1484993234241013,1.2765221221949221,-1.1145431145431146,-3.120879120879121,-2.017699115044248,0.6411703922529016,-0.1484993234241013,1.2765221221949221,Utilities—Independent Power Producers,Utilities,VST
2017Q3,2017,Q3,2017-11-03,2017-09-30,273000000.0,1833000000.0,452000000.0,0.64,777000000.0,0.4238952537,15000000000.0,6935000000.0,2440000000.0,1119000000.0,8065000000.0,295000000.0,-830000000.0,7991683751.940001,11521683751.94,16.218753647319392,2.1805183199285074,0.3056,0.6609949531362653,0.02044348898500917,16.218753647319392,0.03936553713049748,4.35989293613748,7.318391714230771,1.1523696830483057,0.0,3.5796610169491525,0.0,0.1222,1.5826630920464702,0.0182,70.72286506141593,0.4238952536824877,11.526315789473683,1.179921969782934,0.05504206954136004,0.0,1.0887096774193548,11.5,12.696969696969697,1.179921969782934,0.05504206954136004,0.0,Utilities—Independent Power Producers,Utilities,VST
2017Q2,2017,Q2,2017-08-04,2017-06-30,-26000000.0,1296000000.0,33000000.0,-0.0608,372000000.0,0.287037037,14784000000.0,6658000000.0,2397000000.0,1008000000.0,8126000000.0,310000000.0,-1102000000.0,7179192462.79,10768192462.79,15.571085547490208,2.3779761904761907,0.30945616883116883,0.6871432862721538,0.0022465320143903724,15.571085547490208,-0.0039050765995794533,5.5395003570910495,-69.03069675759616,1.0782806342430158,0.0,2.9806451612903224,0.0,0.08766233766233766,1.6240079365079365,-0.0017586580086580087,52.40286469189781,0.28703703703703703,-1.3377777777777777,0.9479064419435587,0.05088004146649451,0.0,-0.19130434782608696,-1.3333333333333333,-0.7870967741935484,0.9479064419435587,0.05088004146649451,0.0,Utilities—Independent Power Producers,Utilities,VST
2017Q1,2017,Q1,2017-05-18,2017-03-31,78000000.0,1357000000.0,155000000.0,0.18,460000000.0,0.3389830508,14715000000.0,6680000000.0,2185000000.0,981000000.0,8035000000.0,315000000.0,-1076000000.0,6969608425.700001,10639608425.7,15.622685429284232,2.2273190621814476,0.3116547740400951,0.6865269461077844,0.00901798674378326,15.622685429284232,0.011676646706586826,5.1360415812085485,22.338488543910255,1.043354554745509,0.0,2.8476190476190477,0.0,0.09221882432891607,1.4250764525993884,0.005300713557594291,71.1184533234694,0.3389830508474576,1.473684210526316,1.2273609249312525,0.29336083046340056,0.0,0.7490494296577946,1.478527607361963,1.8707865168539326,1.2273609249312525,0.29336083046340056,0.0,Utilities—Independent Power Producers,Utilities,VST
2016Q4,2016,Q4,2016-12-31,2016-12-31,-163000000.0,1191000000.0,-178000000.0,-0.38,263000000.0,0.220822838,,,,,,,,6627189610.0,,,0.0,0.0,0.0,0.0,,0.0,5.56439094038623,-10.164401242331289,0.0,-6.085889570552148,0.0,0.14968637663590253,0.0,0.0,0.0,-828.39870125,0.22082283795130142,-1.8636363636363638,0.8987721182071887,0.07767523868935738,0.0,-0.5798722044728435,-1.8716577540106951,-1.278125,0.8987721182071887,0.07767523868935738,0.0,Utilities—Independent Power Producers,Utilities,VST
2016Q3,2016,Q3,2016-09-30,2016-09-30,187000000.0,1690000000.0,640000000.0,0.44,626000000.0,0.3704142012,16875000000.0,-23539000000.0,3387000000.0,1229000000.0,40414000000.0,374000000.0,0.0,1149889500.0,2711889500.0,-55.06198830409357,2.755899104963385,0.20094814814814815,-0.14405879604061345,-0.03228284606952033,-55.06198830409357,-0.007944262712944475,0.6804079881656805,1.5372854278074866,-0.048850397213135645,5.304812834224599,2.8449197860962565,0.8626915890613838,0.10014814814814815,2.098454027664768,0.011081481481481482,-143.7361875,0.37041420118343193,1.376068376068376,1.123269611074489,-0.02705814622913073,0.0,0.9320987654320988,1.374749498997996,105.66666666666667,1.123269611074489,-0.02705814622913073,0.0,Utilities—Independent Power Producers,Utilities,VST
2016Q2,2016,Q2,2016-06-30,2016-06-30,-499000000.0,1233000000.0,6000000.0,-1.17,324000000.0,0.2627737226,,,,,,,,1135739250.0,,,0.0,0.0,0.0,0.0,,0.0,0.9211186131386861,-0.5690076402805611,0.0,0.0,0.0,0.0,0.0,0.0,0.0,-3.699476384364821,0.26277372262773724,-0.46249999999999986,0.0,0.0,0.0,0.17391304347826086,-0.45481049562682213,1.25,0.0,0.0,0.0,Utilities—Independent Power Producers,Utilities,VST
2016Q1,2016,Q1,2016-03-31,2016-03-31,-343000000.0,1049000000.0,-24000000.0,-0.8,276000000.0,0.2631077216,,,,,,,,1075590000.0,,,0.0,0.0,0.0,0.0,,0.0,1.02534795042898,-0.7839577259475219,0.0,0.0,0.0,0.0,0.0,0.0,0.0,-3.7872887323943663,0.2631077216396568,0.7877984084880636,0.0,0.0,0.0,0.033707865168539325,0.7869565217391304,0.8181818181818182,0.0,0.0,0.0,Utilities—Independent Power Producers,Utilities,VST
2015Q4,2015,Q4,2015-12-31,2015-12-31,-1610000000.0,1105000000.0,-132000000.0,-3.77,267000000.0,0.2416289593,15658000000.0,-22884000000.0,3450000000.0,2812000000.0,38542000000.0,428000000.0,0.0,1033139250.0,1077139250.0,-53.52982456140351,1.2268847795163584,0.09222122876484865,-0.06310085649362,0.005924873540248548,-53.52982456140351,0.0703548330711414,0.9349676470588235,-0.160425349378882,-0.045146794703723125,0.0,1.9579439252336448,0.0,0.07057095414484608,0.6874110953058321,-0.10282283816579384,-12.914240625,0.2416289592760181,-0.06197183098591555,0.0,0.0,0.0,-0.6276150627615062,-0.061305207646671064,-1.3837209302325582,0.0,0.0,0.0,Utilities—Independent Power Producers,Utilities,VST
2015Q3,2015,Q3,2015-09-30,2015-09-30,-1517000000.0,1737000000.0,344000000.0,-3.55,717000000.0,0.4127806563,,,,,,,,1001290500.0,,,0.0,0.0,0.0,0.0,,0.0,0.5764481865284974,-0.16501161832564273,0.0,,0.0,,0.0,0.0,0.0,0.0,0.41278065630397237,0.0,0.0,0.0,0.0,0.0,0.0,0.0,0.0,0.0,0.0,Utilities—Independent Power Producers,Utilities,VST
