Quarters,Year,Quarter,FillingDate,Date,NetIncome,Revenue,OperatingIncome,EPSDiluted,GrossProfit,GrossProfitRatio,TotalAssets,CommonStockEquity,CurrentAssets,CurrentLiability,TotalLiability,Inventory,RetainedEarnings,MarketCap,EnterpriseValue,bookValuePerShare,currentRatio,debtToAssets,debtToEquity,roic,shareholdersEquityPerShare,roe,priceToSalesRatio,peRatio,pbRatio,payoutRatio,inventoryTurnover,dividendYield,assetTurnover,quickRatio,returnOnAssets,priceToFreeCashFlowsRatio,grossProfitMargin,epsdilutedGrowth,fiveYNetIncomeGrowthPerShare,fiveYRevenueGrowthPerShare,fiveYShareholdersEquityGrowthPerShare,grossProfitGrowth,netIncomeGrowth,operatingIncomeGrowth,threeYNetIncomeGrowthPerShare,threeYRevenueGrowthPerShare,threeYShareholdersEquityGrowthPerShare,Industry,Sector,Symbol
2023Q1,2023,Q1,2023-05-15,2023-03-31,23978.0,202612.0,23978.0,0.0067,202612.0,1.0,19429538.0,17504191.0,184788.0,1175347.0,1925347.0,0.0,-1740736.0,19076720.0,19903724.0,9.90056052036199,0.15721995291603247,0.048902397988053035,0.05428134325088203,0.0012993148170766533,9.90056052036199,0.001369843370653348,94.15394942056739,198.89815664358994,1.0898372852535716,0.0,0.0,0.0,0.010428040028537993,0.10477501537843717,0.0012341003682125639,-160.29106064043424,1.0,-0.8427230046948357,0.0,0.0,0.0,-0.6824362872637222,-0.6817152673928668,-0.8794644951277462,0.0,0.0,0.0,Shell Companies,Financial Services,NOVV
2022Q4,2022,Q4,2023-03-31,2022-12-31,75335.061797,638020.0,198928.938203,0.0426,638020.0,1.0,19026721.0,17480213.0,284701.0,796508.0,1546508.0,0.0,-1261984.0,54212248.75,54698836.75,3.3695009903089477,0.3574364601485484,0.03416405801083645,0.037186617806087376,0.006027714561646746,3.3695009903089477,0.00430973362836025,84.96951310303753,179.90377739412315,3.1013494372179555,7.310005759256309e-06,0.0,1.0158216054632858e-08,0.03353284047209185,0.20519819009978557,0.003959434828365855,-295.2913777513903,1.0,-0.08974358974358979,0.0,0.0,0.0,1.4126482333010648,-0.7857352379791693,1.281696016759112,0.0,0.0,0.0,Shell Companies,Financial Services,NOVV
2022Q3,2022,Q3,2022-11-14,2022-09-30,351598.0,264448.0,-706183.0,0.0468,264448.0,1.0,59410763.0,57965620.0,407544.0,695143.0,1445143.0,0.0,-1037776.0,18068960.0,18416929.0,32.78598416289593,0.5862736156445508,0.009678381003118913,0.00991967307517801,-0.04866748967337562,32.78598416289593,0.0060656299371938055,68.32708131655373,12.8477408858981,0.3117185669712495,0.0,0.0,0.0,0.0044511799991526785,0.3265961104405856,0.005918085919886267,-52.96438841223733,1.0,19.720000000000002,3.0783417785448632,0.0,0.055990402200490993,2.205430303030303,19.842336548767417,-1.0255073212006482,3.0783417785448632,0.0,0.055990402200490993,Shell Companies,Financial Services,NOVV
2022Q2,2022,Q2,2022-08-05,2022-06-30,-18660.0,82500.0,-348645.0,-0.0025,82500.0,1.0,58731813.0,57878470.0,567984.0,103343.0,853343.0,0.0,-678550.0,17768400.0,17200416.0,32.736691176470586,5.496105203061649,0.0,0.0,-0.001111141114940197,32.736691176470586,-0.000322399676425448,215.37454545454545,-238.05466237942125,0.3069949844907787,0.0,0.0,0.0,0.0014046901634042865,5.496105203061649,-0.0003177153751408968,-245.1659192825112,1.0,0.9031007751937985,-0.11599461595738583,0.0,3658.410156700735,0.0,0.9038996353748223,-0.6354259016900973,-0.11599461595738583,0.0,3658.410156700735,Shell Companies,Financial Services,NOVV
2022Q1,2022,Q1,2022-05-12,2022-03-31,-194172.0,0.0,-213183.0,-0.0258,0.0,0.0,58780207.0,57979630.0,698863.0,50577.0,800577.0,0.0,-577390.0,17715360.0,17075246.0,32.79390837104072,13.817802558475197,0.0,0.0,-0.0035889353437145418,32.79390837104072,-0.0033489692845573523,0.0,-22.808849885668376,0.3055445507327315,0.0,0.0,0.0,0.0,12.65622713881804,-0.003303356859563288,-157.69273907122067,0.0,0.0,0.0,0.0,0.0,0.0,-0.8419070566026997,-0.9801320812550506,0.0,0.0,0.0,Shell Companies,Financial Services,NOVV
2021Q4,2021,Q4,2022-03-15,2021-12-31,-105419.0,0.0,-107661.0,0.0,0.0,0.0,,,,,,,,0.0,,0.0,0.0,0.0,0.0,0.0,0.0,0.0,0.0,0.0,0.0,0.0,0.0,,0.0,0.0,0.0,0.0,0.0,1.0,0.0,0.0,0.0,0.0,0.4131292831335697,0.402411203436964,0.0,0.0,0.0,Shell Companies,Financial Services,NOVV
2021Q3,2021,Q3,2021-11-12,2021-09-30,-179629.0,0.0,-180159.0,-0.1,0.0,0.0,59093171.0,58285099.0,1017668.0,58072.0,808072.0,0.0,-271921.0,18434899.42,17643477.42,31.047615673945455,17.52424576387932,0.0,0.0,-0.003090995864998016,31.047615673945455,-0.003081902631751556,0.0,-25.65690871184497,0.31628837792657777,0.0,0.0,0.0,0.0,13.628289020526243,-0.0030397590273163713,-50.92851299533671,0.0,-9.574177857671566,0.0,0.0,0.0,0.0,-1.5264275668073137,-1.5338818565400845,0.0,0.0,0.0,Shell Companies,Financial Services,NOVV
2021Q2,2021,Q2,2021-09-14,2021-06-30,-71100.0,0.0,-71100.0,-0.009457,0.0,0.0,85000.0,-67292.0,0.0,152292.0,152292.0,0.0,-92292.0,73826760.0,73826760.0,-0.008950784783187019,0.0,0.0,0.0,1.0565891933662248,-0.008950784783187019,1.0565891933662248,0.0,-259.58776371308016,-1097.110503477382,0.0,0.0,0.0,0.0,0.0,-0.8364705882352941,-842.7712328767124,0.0,0.0,0.0,0.0,0.0,0.0,0.0,0.0,0.0,0.0,0.0,Shell Companies,Financial Services,NOVV
2021Q1,2021,Q1,2021-03-31,2021-03-31,,,,,,,30000.0,3808.0,0.0,26192.0,26192.0,0.0,-21192.0,0.0,0.0,0.0,0.0,0.0,0.0,,0.0,,0.0,0.0,0.0,0.0,0.0,,,0.0,,0.0,0.0,0.0,0.0,0.0,0.0,0.0,0.0,0.0,0.0,0.0,0.0,Shell Companies,Financial Services,NOVV
