Quarters,Year,Quarter,FillingDate,Date,NetIncome,Revenue,OperatingIncome,EPSDiluted,GrossProfit,GrossProfitRatio,TotalAssets,CommonStockEquity,CurrentAssets,CurrentLiability,TotalLiability,Inventory,RetainedEarnings,MarketCap,EnterpriseValue,bookValuePerShare,currentRatio,debtToAssets,debtToEquity,roic,shareholdersEquityPerShare,roe,priceToSalesRatio,peRatio,pbRatio,payoutRatio,inventoryTurnover,dividendYield,assetTurnover,quickRatio,returnOnAssets,priceToFreeCashFlowsRatio,grossProfitMargin,epsdilutedGrowth,fiveYNetIncomeGrowthPerShare,fiveYRevenueGrowthPerShare,fiveYShareholdersEquityGrowthPerShare,grossProfitGrowth,netIncomeGrowth,operatingIncomeGrowth,threeYNetIncomeGrowthPerShare,threeYRevenueGrowthPerShare,threeYShareholdersEquityGrowthPerShare,Industry,Sector,Symbol
2023Q3,2023,Q3,2023-05-05,2023-03-31,-209037000.0,915453000.0,-161567000.0,-0.81,746801000.0,0.8157720822,3839009000.0,582267000.0,2444287000.0,1872684000.0,3256742000.0,0.0,-2332555000.0,43960735250.0,43278728250.0,2.2671741458191375,1.3052319558451932,0.3360789203672094,2.2158391253497105,-0.10044451302043576,2.2671741458191375,-0.3590054047370021,48.02074519390946,-52.575303953367104,75.49927309979786,0.0,0.0,0.0,0.23846075901358918,1.243437226996119,-0.054450771019291695,125.71776105445582,0.8157720822368816,-0.012500000000000011,-12.249062182946703,2.699896811938492,-0.40355988037304774,0.04191366972720259,-0.019538508810862748,-0.6280595330464838,-0.25813016650478915,1.126184533888332,-0.321350711880036,Software—Application,Technology,TEAM
2023Q2,2023,Q2,2023-02-03,2022-12-31,-205031000.0,872704000.0,-99239000.0,-0.8,716759000.0,0.8213082557,3614015000.0,577492000.0,2134760000.0,1644650000.0,3036523000.0,0.0,-2087802000.0,32925866320.0,32593069320.0,2.2569389621454308,1.2980026145380477,0.3607671799923354,2.257724782334647,-0.08905810324332411,2.2569389621454308,-0.3550369528928539,37.728561253300086,-40.14742443825568,57.01527695621758,0.0,0.0,0.0,0.24147769170852915,1.2328021159517222,-0.056732193972631545,224.7729550465918,0.8213082557201525,-13.84230055658627,-1.8279153468782146,2.6927070097480894,-0.39824998540974615,0.07299251497005987,-13.9211120005822,-246.03456790123457,-2.5771158005786856,1.0377955079065433,-0.3841940347205828,Software—Application,Technology,TEAM
2023Q1,2023,Q1,2022-11-04,2022-09-30,-13741000.0,807392000.0,405000.0,-0.0539,668000000.0,0.8273552376,3371432000.0,480613000.0,1866888000.0,1497681000.0,2890819000.0,0.0,-1882771000.0,53735618530.0,53579243530.0,1.8835233396168,1.2465191185572895,0.3892102821590351,2.730254903633485,0.0004623993701439423,1.8835233396168,-0.02859057079188453,66.55455903699814,-977.6511631249545,111.80641915636905,0.0,0.0,0.0,0.23948043442667685,1.1817529901227297,-0.004075716194186921,707.5503453769784,0.8273552376045341,0.8685365853658537,0.12202154925876506,2.724755076416748,-0.5376033081869412,0.06592286101355221,0.8697078596284953,1.0064028583624491,-1.1886113665994165,1.1140708900892933,-0.3412980445764302,Software—Application,Technology,TEAM
2022Q4,2022,Q4,2022-06-30,2022-06-30,-105463000.0,759841000.0,-63253000.0,-0.41,626687000.0,0.8247607065,3361206000.0,335603000.0,1899254000.0,1594056000.0,3025603000.0,127507000.0,-2428575000.0,47689926800.0,47619152800.0,1.3187691074417838,1.1914600239891195,0.3910771907464166,3.916803485070157,-0.049297091437855385,1.3187691074417838,-0.3142492766751191,62.763034371664595,-113.04895271327386,142.10220647610421,0.0,1.0442877645933164,0.0,0.22606201464593365,1.1086354557179923,-0.03137653568391821,231.7869190129721,0.8247607065162317,-2.4166666666666665,-3.518959507319589,2.8674489292331806,-0.6669254242435618,0.008967714617374827,-2.3925113391449804,-2.9209645425241755,0.5792894635897873,1.1517555197927944,-0.43766315990947247,Software—Application,Technology,TEAM
2022Q3,2022,Q3,2022-03-31,2022-03-31,-31087000.0,740491000.0,-16132000.0,-0.12,621117000.0,0.8387907483,3124578000.0,302960000.0,1684611000.0,1417290000.0,2821618000.0,0.0,-2323208000.0,74551429090.0,74671846090.0,1.1940580869688597,1.1886141862286477,0.42092724201476167,4.341233166094534,-0.008485828076496343,1.1940580869688597,-0.10261090573012939,100.67837298495188,-599.5386261942291,246.07680581594929,0.0,0.0,0.0,0.23698912301117142,1.090287802778542,-0.009949183537744937,231.13998688526624,0.8387907483007896,0.6129032258064516,-0.5671218387922152,3.076054094234623,-0.687593632279669,0.08328377211723771,0.5987324452705494,0.7590800477897252,0.8553897436634976,1.2592507697259436,-0.5877980865655762,Software—Application,Technology,TEAM
2022Q2,2022,Q2,2021-12-31,2021-12-31,-77472000.0,688526000.0,-66960000.0,-0.31,573365000.0,0.8327426996,2760613000.0,123625000.0,1354635000.0,1259801000.0,2636988000.0,0.0,-2290281000.0,96451118400.0,96877773400.0,0.48871363061353573,1.0752769683465881,0.48034585072228525,10.726382204246715,-0.03998276056288203,0.48871363061353573,-0.6266693629929222,140.08348036239735,-311.24508983890956,780.1910487360972,0.0,0.0,0.0,0.24941054758490233,0.9835220006969355,-0.02806333231061362,461.2612846300627,0.8327426996220912,0.8050314465408804,-38.91793269456421,3.0453896336189326,-0.8634689815566418,0.11115956016015317,0.8063693758091687,-2.6889471825657063,-2.611390826538756,1.1643628228611116,-0.8582652491472232,Software—Application,Technology,TEAM
2022Q1,2022,Q1,2021-09-30,2021-09-30,-400102000.0,614024000.0,39646000.0,-1.59,516006000.0,0.8403678032129037,3417124000.0,-27236000.0,2009976000.0,2397562000.0,3444360000.0,0.0,-2212809000.0,98679330520.0,98426732520.0,-0.10803392223905818,0.8383416153576008,0.36721523714094073,-46.07211044206198,0.025888400711869066,-0.10803392223905818,14.690189455132913,160.7092402251378,-61.65885856606566,-3623.1212556909973,0.0,0.0,0.0,0.17969028926079358,0.7459535978631626,-0.11708735181983446,1380.0339909097265,0.8403678032129037,-0.8705882352941178,-130.5033457479186,2.8906013365406062,-1.0302340563096983,0.11793176362517657,-0.8777695907036556,6.267871379218708,-0.5462835480969708,1.1524398838308771,-1.0357784080045258,Software—Application,Technology,TEAM
2021Q4,2021,Q4,2021-06-30,2021-06-30,-213073000.0,559539000.0,-7526000.0,-0.85,461572000.0,0.8249147959302211,2945344000.0,294914000.0,1627506000.0,2310011000.0,2650430000.0,0.0,-1812707000.0,64539671040.0,64225792040.0,1.1737216632705043,0.7045446969733045,0.2055270963255905,2.052625511165967,-0.0064770898817378955,1.1737216632705043,-0.7224919807130215,115.34436570105034,-75.72483496266538,218.84234400537107,0.0,0.0,0.0,0.18997407433562938,0.6128079043779445,-0.07234231383498838,371.3936311479655,0.8249147959302211,-2.3492063492063493,-37.68592151802308,2.743929681248509,-0.6558946326658045,-0.046023478835978834,-2.3330392892892893,-1.10826440336618,-6.682787490676761,1.1394133069969012,-0.6920887938519928,Software—Application,Technology,TEAM
2021Q3,2021,Q3,2021-03-31,2021-03-31,159840000.0,568728000.0,69515000.0,0.63,483840000.0,0.850740600075959,3323018000.0,412668000.0,2004755000.0,2558729000.0,2910350000.0,0.0,-1599634000.0,52748802040.0,52384190040.0,1.6488319035955874,0.7834964156032155,0.2367841522375142,1.9067095098238778,0.036452266600317654,1.6488319035955874,0.38733315885893743,92.74873408729657,82.50250569319319,127.82382457568795,0.0,0.0,0.0,0.17114803470820802,0.6880908451031743,0.04810085289938243,141.9233731983394,0.850740600075959,1.2530120481927711,127.84773941534976,3.102307099733634,-0.503230783829784,0.14687456296503484,1.2571726454801715,1.5083895644643308,11.39585781611616,1.3586910316776242,-0.566231160654855,Software—Application,Technology,TEAM
2021Q2,2021,Q2,2020-12-31,2020-12-31,-621528000.0,501359000.0,27713000.0,-2.49,421877000.0,0.8414668929848671,3561190000.0,169140000.0,2264613000.0,3085904000.0,3392050000.0,0.0,-1759474000.0,58277597560.0,58016405560.0,0.678764627510153,0.7338572424806474,0.27814382271094773,5.856231524181152,0.02004834553395643,0.678764627510153,-3.6746363958850656,116.23925681996334,-23.44125991105791,344.55242733829965,0.0,0.0,0.0,0.14078411991497225,0.6307189076523443,-0.17452817737890985,305.25575683291953,0.8414668929848671,-26.66666666666667,-79.95206607091423,1.9403612152185346,-0.8455581547307569,0.0934498291958468,-27.83585413380347,1.3225779416694603,-7.8025116262274175,1.1783403378260144,-0.8190262867723653,Software—Application,Technology,TEAM
2021Q1,2021,Q1,2020-09-30,2020-09-30,-21554000.0,459506000.0,11932000.0,-0.09,385822000.0,0.8396451841760499,4038148000.0,688444000.0,2679607000.0,3039804000.0,3349704000.0,0.0,-1137946000.0,45086646850.0,44684898850.0,2.7758159788722456,0.8815065050246661,0.2868924071133599,1.6828006344742636,0.005017840577716851,2.7758159788722456,-0.031308283607671794,98.11982183040047,-522.949879952677,65.49065261662531,0.0,0.0,0.0,0.11379127263290004,0.759089401816696,-0.00533759535311732,629.2799080225548,0.8396451841760499,0.9423076923076923,-4.568502132406316,2.797014941453946,1.6819448070017324,0.07064523648311152,0.9440479929806891,4.63780487804878,-0.41690246338405135,1.180976696292901,-0.3185493916027153,Software—Application,Technology,TEAM
2020Q4,2020,Q4,2020-08-14,2020-06-30,-385223000.0,430476000.0,-3280000.0,-1.56,360364000.0,0.837129131473067,3894072000.0,575306000.0,2643786000.0,3018779000.0,3318766000.0,0.0,-1116392000.0,44510285430.0,44184067430.0,2.330032522103285,0.8757799096919648,0.29628394133441804,2.00545622677323,-0.0016020553492254986,2.330032522103285,-0.6695967015814193,103.39783270147464,-28.886051345584246,77.36801881085891,0.0,0.0,0.0,0.1105464922066156,0.756664532249628,-0.09892549495746356,414.0607219736365,0.837129131473067,-1.4,-277.02835113727684,2.962713973077739,1.558324671535976,0.05701220495883283,-1.4254556902250906,0.8353413654618473,-16.012599823428776,1.2582444727582511,-0.41151594360310373,Software—Application,Technology,TEAM
2020Q3,2020,Q3,2020-04-30,2020-03-31,-158825000.0,411582000.0,-19920000.0,-0.65,340927000.0,0.8283331146648785,3640957000.0,820159000.0,2458370000.0,2524504000.0,2820798000.0,0.0,-731169000.0,33697879039.999996,33510439039.999996,3.3407154262252345,0.9738031708406879,0.31605783863967635,1.4030852554199857,-0.008458947026229497,3.3407154262252345,-0.1936514748969407,81.87403491892259,-53.04246661419801,41.08700756804473,0.0,0.0,0.0,0.11304225784594545,0.8585048785820898,-0.043621773066806334,225.29687599868956,0.8283331146648785,-2.3265306122448983,-207.33199672430595,3.1665878570464803,0.0,-0.005939398887346777,-2.2800828537808084,-1.4760880476088047,-7.27454417712199,1.341411748062951,-0.12595477281707726,Software—Application,Technology,TEAM
2020Q2,2020,Q2,2020-01-23,2019-12-31,124074000.0,408725000.0,41841000.0,0.49,342964000.0,0.8391069790201235,3503174000.0,895008000.0,2335016000.0,2295559000.0,2608166000.0,0.0,-572344000.0,29387389020.0,29304927020.0,3.6650164002899226,1.0171884059612495,0.3303469938975341,1.293019727197969,0.01565746013399139,3.6650164002899226,0.13862892845650543,71.90015051685118,59.21343113786934,32.8347780355036,0.0,0.0,0.0,0.11667276589744044,0.8986599778093266,0.03541759558617414,139.04279066026353,0.8391069790201235,0.7499999999999998,20.158071314573892,3.606093523118166,0.0,0.13899525424179124,0.7898730525100981,10.185729967069154,67.22239983421079,1.4875514544006567,0.023888818314728454,Software—Application,Technology,TEAM
2020Q1,2020,Q1,2019-10-17,2019-09-30,69320000.0,363390000.0,-4555000.0,0.28,301111000.0,0.8286166377720906,3280600000.0,694248000.0,2137791000.0,2287142000.0,2586352000.0,0.0,-696418000.0,30455703040.0,30413125040.0,2.8594470140985457,0.9346997256838447,0.34890355422788516,1.6487091068321407,-0.001999042980187851,2.8594470140985457,0.09984904529793388,83.80996461102397,109.83735949221003,43.86862193337251,0.0,0.0,0.0,0.11076937145644089,0.8200339113181428,0.021130281046150095,434.59720654128256,0.8286166377720906,1.2828282828282829,15.628376630194012,3.598335060873928,0.0,0.1011274167419375,1.291852793694767,0.8596042411539884,24.65784772350017,1.3908644528846672,-0.1997635534554496,Software—Application,Technology,TEAM
2019Q4,2019,Q4,2019-06-30,2019-06-30,-237517000.0,334586000.0,-32444000.0,-0.99,273457000.0,0.8172995881477408,2977258000.0,565467000.0,2042111000.0,2329708000.0,2411791000.0,0.0,-765637000.0,31772514170.000004,31359262170.000004,2.3451586547832832,0.8765523404649853,0.2872404742887583,1.512358811389524,-0.02838754772351872,2.3451586547832832,-0.42003688986271526,94.96068027353208,-33.44235798911236,56.18809615768913,0.0,0.0,0.0,0.1123805864322138,0.7733879095577644,-0.07977709691266259,327.8795720462731,0.8172995881477408,-0.1647058823529412,-174.5389347951814,2.153940035830653,1.5749328338912525,0.07203986184780521,-0.17093431405415,-0.1773415103240556,-43.938074313855786,1.3329225386177617,-0.31245907303732984,Software—Application,Technology,TEAM
2019Q3,2019,Q3,2019-04-17,2019-03-31,-202844000.0,309270000.0,-27557000.0,-0.85,255081000.0,0.8247841691725677,2875144000.0,693518000.0,1882491000.0,564204000.0,2181626000.0,0.0,-528120000.0,27261616700.0,26662858700.0,2.8967795831418903,3.3365431652381052,0.2944290790304764,1.220625852537353,-0.017978290753229237,2.8967795831418903,-0.29248555913473046,88.14827400006467,-33.59923968665576,39.30916962501334,0.0,0.0,0.0,0.1075667862200989,3.2576798462967296,-0.07055090110269259,214.41359628770303,0.8247841691725677,-5.722222222222222,-271.8447264834436,2.2105412246469958,0.0,0.023611841234043748,-5.4891888901184025,-7.695803092458188,-167.2835060319305,1.332080175638745,-0.12724218897195957,Software—Application,Technology,TEAM
2019Q2,2019,Q2,2019-01-17,2018-12-31,45185000.0,298979000.0,-3169000.0,0.18,249197000.0,0.8334933222734707,2724944000.0,819748000.0,1764732000.0,512775000.0,1905196000.0,0.0,-325276000.0,21154105200.0,20651060200.0,3.448086144527635,3.4415328360391984,0.3073619127585741,1.0217091106047225,-0.003190381787001829,3.448086144527635,0.05512059803744565,70.75448509761556,117.04163549850614,25.805619775833552,0.0,0.0,0.0,0.10971931900251895,3.3484296231290527,0.01658199214369176,172.504914824389,0.8334933222734707,1.174757281553398,6.914770313306855,2.4609152992130876,0.0,0.12196824053271621,1.1863721668832106,-15.505208333333334,5.016195681429545,0.8378811399577376,-0.21544410945281275,Software—Application,Technology,TEAM
2019Q1,2019,Q1,2018-09-30,2018-09-30,-242445000.0,267292000.0,-192000.0,-1.03,222107000.0,0.8309526659982341,2553522000.0,713270000.0,1876910000.0,449726000.0,1840252000.0,0.0,-370461000.0,22610882680.0,21922269680.0,3.0195284883942444,4.173452279832609,0.3247150406379894,1.1624868563096724,-0.00012560917940607658,3.0195284883942444,-0.3399063468251854,84.59244077637939,-23.3154763760853,31.700313597936265,0.0,0.0,0.0,0.10467581638223598,4.10956004322632,-0.09494533432647144,308.2055352152993,0.8309526659982341,-8.363636363636363,-60.77537203791964,2.476412950690968,0.0,0.11283300014530004,-8.37855402112104,0.9636845091734443,-43.14387209993429,1.3189970776141884,1.9174155674155542,Software—Application,Technology,TEAM
2018Q4,2018,Q4,2018-06-30,2018-06-30,-25851000.0,243783000.0,-5287000.0,-0.11,199587000.0,0.8187076211220635,2424514000.0,892766000.0,1820455000.0,461326000.0,1531748000.0,0.0,-142570000.0,14642559120.0,14053277120.0,3.811883555502421,3.946135704469291,0.3386480754493478,0.9196777207017293,-0.003662704776540589,3.811883555502421,-0.02895607583622136,60.06390568661474,-141.60534524776605,16.401340463234487,0.0,0.0,0.0,0.10054922347324041,3.8973242349228094,-0.010662343051019709,227.36539991615038,0.8187076211220635,-0.8333333333333334,-18.669491219755283,1.3658439948328298,3.185364647297328,0.11824095291988593,-0.8120706575073602,0.5140625,-18.669491219755283,1.3658439948328298,3.185364647297328,Software—Application,Technology,TEAM
2018Q3,2018,Q3,2018-03-31,2018-03-31,-14266000.0,223723000.0,-10880000.0,-0.06,178483000.0,0.797785654581782,1372745000.0,882713000.0,838161000.0,415191000.0,490032000.0,0.0,-116719000.0,12521356320.0,12129188320.0,3.8011764655220674,2.018735955259146,0.0009797886716032475,0.0015237115574371284,-0.021517529625409256,3.8011764655220674,-0.016161538348251358,55.96812272318894,-219.42654423103883,14.185082036856826,0.0,0.0,0.0,0.16297491522460472,1.9640695487137245,-0.010392316125718906,144.95162613014134,0.797785654581782,0.7857142857142857,-18.783194169349958,1.3943734409440682,0.0,0.05323317321877471,0.7812969492564771,0.28683796539066597,-18.783194169349958,1.3943734409440682,0.0,Software—Application,Technology,TEAM
2018Q2,2018,Q2,2017-12-31,2017-12-31,-65230000.0,212626000.0,-15256000.0,-0.28,169462000.0,0.7969956637476132,1306525000.0,863424000.0,749408000.0,371603000.0,443101000.0,0.0,-102453000.0,10479068160.0,10169503160.0,3.750625521267723,2.0166898544952545,0.001025621400279367,0.0015519605663034616,-0.08098355443938571,3.750625521267723,-0.07554805055222,49.28403939311279,-40.16199662731872,12.136642205915056,0.0,0.0,0.0,0.1627416237729856,1.956937914925337,-0.049926331298673965,154.60869544690019,0.7969956637476132,-3.6666666666666674,-12.799762187655812,1.5418417073516864,0.0,0.10234960449625312,-3.6612834071745035,0.31664053751399773,-12.799762187655812,1.5418417073516864,0.0,Software—Application,Technology,TEAM
2018Q1,2018,Q1,2017-09-30,2017-09-30,-13994000.0,193818000.0,-22325000.0,-0.06,153728000.0,0.793156466375672,1343546000.0,929369000.0,676860000.0,347361000.0,414177000.0,0.0,-37223000.0,8019683400.0,7715123400.0,4.073392766352846,1.9485779923480184,0.0009757760433956114,0.0014106345272975535,-0.015416371924133974,4.073392766352846,-0.015057528279940476,41.3773921926756,-143.2700335858225,8.629170329546175,0.0,0.0,0.0,0.14425855162383722,1.8904712964322419,-0.010415720786634771,127.93624312036373,0.793156466375672,0.3333333333333333,-4.572184303501826,1.6098914145040772,0.0,0.11781045038756308,0.3242225226965424,0.30788070436507936,-4.572184303501826,1.6098914145040772,0.0,Software—Application,Technology,TEAM
2017Q4,2017,Q4,2017-06-30,2017-06-30,-20708000.0,174331000.0,-32256000.0,-0.09,137526000.0,0.7888786274386081,1283858000.0,894048000.0,612488000.0,326867000.0,389810000.0,0.0,-23229000.0,7943819900.0,7700087900.0,3.9593808817342397,1.873814120116133,0.0005358848096907913,0.0007695336268298794,-0.02348172848678615,3.9593808817342397,-0.023162067361036542,45.56745444011679,-95.90278998454704,8.885227526933678,0.0,0.0,0.0,0.13578682377646126,1.8206671214897803,-0.016129509649821086,178.65733852105075,0.7888786274386081,-0.12499999999999993,-15.342496386377832,0.7547763410387651,3.347313480674052,0.0827625301147905,-0.18595727621556613,-0.3986038243073321,-15.342496386377832,0.7547763410387651,3.347313480674052,Software—Application,Technology,TEAM
2017Q3,2017,Q3,2017-03-31,2017-03-31,-17461000.0,159909000.0,-23063000.0,-0.08,127014000.0,0.7942892520120819,1235664000.0,853608000.0,555446000.0,304076000.0,382056000.0,0.0,-2521000.0,6688823350.0,6492628350.0,3.8221310778075788,1.8266683329167708,0.0005559763819290681,0.0008048190738606011,-0.020914152438220084,3.8221310778075788,-0.02045552525280925,41.82893614493243,-95.76804521505069,7.83594266923459,0.0,0.0,0.0,0.12941139338849397,1.7630756784488089,-0.0141308640536586,97.93299194729136,0.7942892520120819,-7.000000000000001,-24.177458995302256,0.7795194973688403,0.0,0.04101303171871158,-9.283274440518257,-7.73929518757105,-24.177458995302256,0.7795194973688403,0.0,Software—Application,Technology,TEAM
2017Q2,2017,Q2,2016-12-31,2016-12-31,-1698000.0,148909000.0,-2639000.0,-0.01,122010000.0,0.8193594745784338,1083107000.0,792202000.0,846236000.0,259110000.0,290905000.0,0.0,14940000.0,5329289280.0,4993798280.0,3.5795062263912234,3.2659333873644396,0.0006195140461653373,0.0008470061928649511,-0.003797476502896871,3.5795062263912234,-0.0021433927205434977,35.788899797863124,-784.6421201413427,6.727184834171082,0.0,0.0,0.0,0.13748318494848616,3.2001196403072054,-0.001567712146630019,119.7808432976715,0.8193594745784338,0.0,-1.3195002199790942,0.8516575868087699,0.0,0.06815495732107682,0.3560864618885097,0.48537441497659906,-1.3195002199790942,0.8516575868087699,0.0,Software—Application,Technology,TEAM
2017Q1,2017,Q1,2016-09-30,2016-09-30,-2637000.0,136787000.0,-5128000.0,-0.01,114225000.0,0.8350574250477019,1048247000.0,780770000.0,798004000.0,237199000.0,267477000.0,0.0,16638000.0,6548564880.0,6282556880.0,3.5732526635668,3.364280625129111,0.0007030785683145289,0.0009439399567094022,-0.004459972051826512,3.5732526635668,-0.003377435096123058,47.8741757623166,-620.8347440273037,8.387316213481563,0.0,0.0,0.0,0.13049119148444976,3.2746681056834137,-0.0025156284730602618,251.1819600322197,0.8350574250477019,0.5,-1.7028693744476369,0.9232939179491606,0.0,0.0729180364825008,0.4391748192258613,0.5497805092186128,-1.7028693744476369,0.9232939179491606,0.0,Software—Application,Technology,TEAM
2016Q4,2016,Q4,2016-06-30,2016-06-30,-4702000.0,127588000.0,-11390000.0,-0.02,106462000.0,0.8344201649057905,990973000.0,731663000.0,778538000.0,236500000.0,259310000.0,0.0,19275000.0,5555679500.0,5296736500.0,3.4109368079998137,3.2919154334038057,0.0007729776694218712,0.0010469300757315868,-0.006958596543643908,3.4109368079998137,-0.006426455895678748,43.54390303163307,-295.3891695023394,7.593221879471833,0.0,0.0,0.0,0.12875022831096306,3.2510909090909093,-0.004744831594806317,315.64567354127604,0.8344201649057905,-1.0,-2.90624069845951,0.35192660005734167,2.7451339009976605,0.08437735541567357,-3.3861940298507465,-1.3080040526849037,-2.90624069845951,0.35192660005734167,2.7451339009976605,Software—Application,Technology,TEAM
2016Q3,2016,Q3,2016-03-31,2016-03-31,-1072000.0,117942000.0,-4935000.0,-0.01,98178000.0,0.8324261077478761,946372000.0,706705000.0,750205000.0,217624000.0,239667000.0,0.0,23977000.0,5354938000.0,5042696000.0,3.3191104640240465,3.447253060324229,0.0006889468411998665,0.0009225914631989302,-0.001786303706765868,3.3191104640240465,-0.0015168988474681799,45.403147309694596,-1248.8194962686566,7.577331418342872,0.0,0.0,0.0,0.12462541157177093,3.4116549645259715,-0.0011327469536292283,131.52894652813598,0.8324261077478761,-1.3333333333333335,-0.621339683947834,0.3766856123493459,0.0,0.07612377100391306,-1.2116485686080947,-2.4656964656964657,-0.621339683947834,0.3766856123493459,0.0,Software—Application,Technology,TEAM
2016Q2,2016,Q2,2015-12-31,2015-12-31,5065000.0,109706000.0,3367000.0,0.03,91233000.0,0.8316135854009808,915731000.0,704634000.0,713908000.0,190856000.0,211097000.0,0.0,25049000.0,4822666240.0,4252905240.0,4.394952846664338,3.740558326696567,0.0005536560409115778,0.0007195224754979181,0.007413390054291482,4.394952846664338,0.00718812887257782,43.95991322261317,238.0388075024679,6.844214500009935,0.0,0.0,0.0,0.1198015574442713,3.7049712872532172,0.005531100290369115,167.65161092956964,0.8316135854009808,0.24999999999999992,0.3155772738140356,0.8831007206987671,0.0,0.06827708952951922,-0.0033451397087760726,-0.4907743496672716,0.3155772738140356,0.8831007206987671,0.0,Software—Application,Technology,TEAM
2016Q1,2016,Q1,2015-09-30,2015-09-30,5082000.0,101822000.0,6612000.0,0.024,85402000.0,0.8387381901750113,414155000.0,215979000.0,247502000.0,179575000.0,198176000.0,0.0,19984000.0,4382177709.0,4174225709.0,1.035001157229427,1.3782653487400807,0.0009175308761212589,0.0017594303149843272,0.02380396824145815,1.035001157229427,0.023530065423027238,43.03763144507081,215.57348037190084,20.289832386482022,0.0,0.0,0.0,0.2458548128116285,1.3297229569817626,0.012270768190653258,531.2374480543097,0.8387381901750113,5.278074866310161,0.4183644990231648,0.49910191101557666,0.0,0.1156951375643404,5.339880444064902,2.4253071782711793,0.4183644990231648,0.49910191101557666,0.0,Software—Application,Technology,TEAM
2015Q4,2015,Q4,2015-06-30,2015-06-30,-1171000.0,91810000.0,-4639000.0,-0.00561,76546000.0,0.833743600914933,397161000.0,190054000.0,238631000.0,188154000.0,207107000.0,0.0,14902000.0,4382177709.0,4195609709.0,0.9107649814846885,1.2682749237326871,0.0013243999284924754,0.0027676344617845457,-0.011266517474003122,0.9107649814846885,-0.006161406758079283,47.73094117198562,-935.5631317250214,23.05754000968146,0.0,0.0,0.0,0.23116569854542615,1.231198911529917,-0.0029484264567769744,621.8501077054066,0.833743600914933,-0.8067632850241546,0.0,0.0,0.0,0.0858358748847436,-0.8070987654320988,-2.096795727636849,0.0,0.0,0.0,Software—Application,Technology,TEAM
2015Q3,2015,Q3,2015-03-31,2015-03-31,-648000.0,83963000.0,-1498000.0,-0.003105,70495000.0,0.8395960125293284,,,,,,,,4382177709.0,,,0.0,0.0,0.0,0.0,,0.0,52.19177148267689,-1690.654980324074,0.0,0.0,0.0,0.0,0.0,0.0,0.0,150.10028117828395,0.8395960125293284,-1.1293049598134344,0.0,0.0,0.0,0.11064721451978825,-1.1293155058870485,-1.3635922330097088,0.0,0.0,0.0,Software—Application,Technology,TEAM
2015Q2,2015,Q2,2014-12-31,2014-12-31,5011000.0,75826000.0,4120000.0,0.024013,63472000.0,0.837074354443067,,,,,,,,4382177709.0,,,0.0,0.0,0.0,0.0,,0.0,57.79254752987102,218.62790406106566,0.0,0.0,0.0,0.0,0.0,0.0,0.0,170.333801414856,0.837074354443067,0.3985439720442631,0.0,0.0,0.0,0.13189243169983594,0.3985487022048563,0.9656488549618321,0.0,0.0,0.0,Software—Application,Technology,TEAM
2015Q1,2015,Q1,2014-09-30,2014-09-30,3583000.0,67922000.0,2096000.0,0.01717,56076000.0,0.8255940637790407,,,,,,,,4382177709.0,,,0.0,0.0,0.0,0.0,,0.0,64.51779554488972,305.7617714903712,0.0,0.0,0.0,0.0,0.0,0.0,0.0,1225.4411937919463,0.8255940637790407,0.0,0.0,0.0,0.0,0.0,0.0,0.0,0.0,0.0,0.0,Software—Application,Technology,TEAM
