Quarters,Year,Quarter,FillingDate,Date,NetIncome,Revenue,OperatingIncome,EPSDiluted,GrossProfit,GrossProfitRatio,TotalAssets,CommonStockEquity,CurrentAssets,CurrentLiability,TotalLiability,Inventory,RetainedEarnings,MarketCap,EnterpriseValue,bookValuePerShare,currentRatio,debtToAssets,debtToEquity,roic,shareholdersEquityPerShare,roe,priceToSalesRatio,peRatio,pbRatio,payoutRatio,inventoryTurnover,dividendYield,assetTurnover,quickRatio,returnOnAssets,priceToFreeCashFlowsRatio,grossProfitMargin,epsdilutedGrowth,fiveYNetIncomeGrowthPerShare,fiveYRevenueGrowthPerShare,fiveYShareholdersEquityGrowthPerShare,grossProfitGrowth,netIncomeGrowth,operatingIncomeGrowth,threeYNetIncomeGrowthPerShare,threeYRevenueGrowthPerShare,threeYShareholdersEquityGrowthPerShare,Industry,Sector,Symbol
2023Q1,2023,Q1,2023-05-10,2023-03-31,-16349000.0,830000.0,-13950000.0,-0.15,-2193000.0,-2.6421686747,117013000.0,88673000.0,51623000.0,8149000.0,24493000.0,0.0,-704841000.0,216002149.99999997,182373149.99999997,0.8333536957849725,6.334887716284206,0.08703306470221257,0.11484893936147418,-0.1278318833433219,0.8333536957849725,-0.18437404847022204,260.24355421686744,-3.3029871857605966,2.435940477935786,0.0,0.0,0.0,0.007093228957466264,5.8888207141980615,-0.1397195183441156,-25.04663149350649,-2.6421686746987953,-0.25,-0.5959475464678082,-0.3437787602319947,-0.13286099789103745,-0.027166276346604217,-0.30771076627739563,0.04024767801857585,-0.5959475464678082,-0.3437787602319947,-0.13286099789103745,Internet Content & Information,Communication Services,NN
2022Q4,2022,Q4,2023-03-30,2022-12-31,-12502000.0,803000.0,-14535000.0,-0.12,-2135000.0,-2.6587795766,123788000.0,100017000.0,61190000.0,8887000.0,19924000.0,0.0,-688492000.0,296014970.0,256606970.0,0.9899830741668234,6.8853381343535505,0.06318867741622775,0.07820670486017377,-0.12497920604767498,0.9899830741668234,-0.12499875021246389,368.63632627646325,-5.9193523036314195,2.959646560084786,0.0,0.0,0.0,0.006486896952854881,6.482952627433329,-0.1009952499434517,-21.946542852906287,-2.6587795765877957,0.3333333333333333,0.9182242270158452,-0.005428204042525529,945595.2529930294,0.08250966910184787,0.33251468232781634,0.18966382338183643,0.9182242270158452,-0.005428204042525529,945595.2529930294,Internet Content & Information,Communication Services,NN
2022Q3,2022,Q3,2022-11-10,2022-09-30,-18730000.0,503000.0,-17937000.0,-0.18,-2327000.0,-4.6262425447,113876000.0,92441000.0,74896000.0,9009000.0,21435000.0,0.0,-675990000.0,272757930.0,217530930.0,0.9116739154018364,8.313464313464314,0.07342196775439952,0.09044687963133241,-0.16444561285429946,0.9116739154018364,-0.20261572246081283,542.2622862823061,-3.6406557661505605,2.9506163931588794,0.0,0.0,0.0,0.004417085250623485,8.125541125541126,-0.1644771505848467,-28.338486233766233,-4.6262425447316105,-19.0,-207.50706407645882,0.0,297.9908372500369,-0.4727848101265823,-23.648125755743653,-0.05412552891396333,-207.50706407645882,0.0,297.9908372500369,Internet Content & Information,Communication Services,NN
2022Q2,2022,Q2,2022-08-10,2022-06-30,827000.0,1421000.0,-17016000.0,0.01,-1580000.0,-1.1118930331,123949000.0,104541000.0,85524000.0,7671000.0,19408000.0,0.0,-657260000.0,229431170.0,155776170.0,1.0343323010556935,11.149002737583105,0.07153748719231297,0.08481839660994252,-0.14052105871365736,1.0343323010556935,0.007910771850278837,161.4575439831105,69.35646009673518,2.194652528672961,0.0,0.0,0.0,0.011464392613090868,10.884239342980054,0.006672099008463158,-20.38663319708548,-1.1118930330752992,1.1038421599169261,0.0,0.0,0.0,0.14036996735582155,1.0851611574503142,-0.06031904287138584,0.0,0.0,0.0,Internet Content & Information,Communication Services,NN
2022Q1,2022,Q1,2022-05-12,2022-03-31,-9711000.0,1199000.0,-16048000.0,-0.0963,-1838000.0,-1.5329441201,136138000.0,96938000.0,96725000.0,9110000.0,39200000.0,0.0,-658087000.0,755501320.0,671467320.0,0.961038188523615,10.617453347969265,0.07159646828952974,0.10054880439043512,-0.13831579305223696,0.961038188523615,-0.10017743299841135,630.1095246038366,-19.449627226856144,7.793654913449834,0.0,0.0,0.0,0.008807239712644523,10.298353457738749,-0.0713320307335204,-119.82574464710547,-1.5329441201000833,0.9362251655629139,0.0,0.0,0.0,0.905301664176413,0.9327853431931165,0.8858787927105534,0.0,0.0,0.0,Internet Content & Information,Communication Services,NN
2021Q4,2021,Q4,2022-03-23,2021-12-31,-144477417.0,763000.0,-140622417.0,-1.51,-19409000.0,-25.4377457405,136.82299999999998,99.957,106.332,6.68,36.866,0.0,-647.861,836363925.84,836363825.764,1.0469405637271716e-06,15.917964071856288,0.0,0.0,-1406322.9457974005,1.0469405637271716e-06,-1445395.690146763,1096.151934259502,-1.4472225888423793,8367237.170383265,0.0,0.0,0.0,5576.547802635523,15.24191616766467,-1055943.9348647525,-17.084690236548596,-25.437745740498034,-1703.288939051919,0.0,0.0,0.0,0.0,-1707.1141245876831,-1661.5375902959224,0.0,0.0,0.0,Internet Content & Information,Communication Services,NN
2021Q3,2021,Q3,2021-10-22,2021-09-30,-84583.0,0.0,-84583.0,-0.000886,0.0,0.0,0.0,-293081.0,0.0,293081.0,293081.0,0.0,-293081.0,966210380.0799999,966210380.0799999,-0.0030697038462311112,0.0,0.0,0.0,0.28859939743620366,-0.0030697038462311112,0.28859939743620366,0.0,-2855.8054812432756,-3296.734964327268,,0.0,,0.0,0.0,0.0,0.0,0.0,0.0,0.0,0.0,0.0,0.0,0.0,0.0,0.0,0.0,0.0,Internet Content & Information,Communication Services,NN
