Quarters,Year,Quarter,FillingDate,Date,NetIncome,Revenue,OperatingIncome,EPSDiluted,GrossProfit,GrossProfitRatio,TotalAssets,CommonStockEquity,CurrentAssets,CurrentLiability,TotalLiability,Inventory,RetainedEarnings,MarketCap,EnterpriseValue,bookValuePerShare,currentRatio,debtToAssets,debtToEquity,roic,shareholdersEquityPerShare,roe,priceToSalesRatio,peRatio,pbRatio,payoutRatio,inventoryTurnover,dividendYield,assetTurnover,quickRatio,returnOnAssets,priceToFreeCashFlowsRatio,grossProfitMargin,epsdilutedGrowth,fiveYNetIncomeGrowthPerShare,fiveYRevenueGrowthPerShare,fiveYShareholdersEquityGrowthPerShare,grossProfitGrowth,netIncomeGrowth,operatingIncomeGrowth,threeYNetIncomeGrowthPerShare,threeYRevenueGrowthPerShare,threeYShareholdersEquityGrowthPerShare,Industry,Sector,Symbol
2023Q1,2023,Q1,2023-03-31,2023-03-31,68000000.0,612000000.0,154300000.0,1.56,364700000.0,0.5959150327,12727300000.0,1670500000.0,8051200000.0,7502600000.0,11056800000.0,1106000000.0,1558500000.0,7925658999.999999,9925659000.0,38.75870069605568,1.0731213179431132,0.2295616509393194,1.7489973061957498,0.02326711609014524,38.75870069605568,0.04070637533672553,12.950423202614378,29.13845220588235,4.74448308889554,0.0,0.22359855334538878,0.0,0.04808561124511876,0.9063924506171194,0.005342845693902085,-2264.4739999999997,0.5959150326797386,-0.2277227722772277,0.3965730257824323,0.722733552403815,-0.05196354371219357,-0.005665552459525926,-0.23329311880574127,-0.005472159021327885,5.2137402488262055,0.42811453270663896,-0.09861024319747604,Software—Infrastructure,Technology,WEX
2022Q4,2022,Q4,2023-02-28,2022-12-31,88691000.0,618610000.0,155149000.0,2.02,366778000.0,0.5929066779,11529229000.0,1649513000.0,6817149000.0,6294067000.0,9879716000.0,1080953000.0,1490527000.0,7144959000.0,8947825000.0,37.78087494273935,1.083107154722058,0.23634225671118164,1.6519081692596542,0.02527319141189569,37.78087494273935,0.053767990916106755,11.550021823119575,20.140033938054597,4.331556647325605,0.0,0.2329722013815587,0.0,0.053655799533516076,0.8886008045354459,0.007692708679825858,39.24852782843708,0.5929066778745898,3.02,0.09512011540045898,0.8399067409013438,-0.050211704650669584,0.007584810599504968,3.0090837014384415,-0.016637722311660982,0.6180398796967257,0.39635387360724006,-0.14972067024065655,Software—Infrastructure,Technology,WEX
2022Q3,2022,Q3,2022-10-28,2022-09-30,-44145000.0,616129000.0,157774000.0,-1.0,364017000.0,0.5908129629,11909148000.0,1631086000.0,7198727000.0,6414257000.0,10278062000.0,0.0,1401836000.0,5614429260.0,7656015260.0,36.87820208460512,1.122300992928721,0.23519407097804143,1.7172368593685434,0.03626300397171276,36.87820208460512,-0.027064789962025302,9.112424930493452,-31.795386000679578,3.4421417754796497,0.0,0.0,0.0,0.051735774884987575,0.9529109918732598,-0.0037068142909971393,9.997274303948034,0.5908129628697887,-2.3157894736842106,-2.2637928684990047,0.8493821866323764,-0.023532672989480752,-0.026510309416200892,-2.2934747575375782,-0.07805131741180733,-3.9596190780241245,0.31286695097343464,-0.1323206915641853,Software—Infrastructure,Technology,WEX
2022Q2,2022,Q2,2022-07-29,2022-06-30,34129000.0,598237000.0,171131000.0,0.76,373930000.0,0.6250532816,12322921000.0,1816367000.0,7426034000.0,6398878000.0,10506554000.0,-171415000.0,1445981000.0,6967532400.0,9466143400.0,40.55295824960929,1.160521266384513,0.2383659685881294,1.6171649231680603,0.025281806173454636,40.55295824960929,0.018789704943989842,11.646776110471269,51.03821090568139,3.8359716951475114,0.0,-1.3085610944199748,0.0,0.048546687915957586,1.0154191094126188,0.0027695543937999766,4882.643587946742,0.6250532815589808,-0.6122448979591837,0.9172956770762093,0.8900488454441887,0.10980681215165274,0.18581449628332952,-0.6156038114117091,0.3995698186041186,1.3912327056210891,0.30990041853794525,-0.04137878901270845,Software—Infrastructure,Technology,WEX
2022Q1,2022,Q1,2022-05-03,2022-03-31,88786000.0,517535000.0,122274000.0,1.96,315336000.0,0.6093037186,11333392000.0,1926450000.0,6337739000.0,5253445000.0,9406942000.0,0.0,1411852000.0,8014546399.999999,10368262400.0,42.89388136800855,1.2063967548913141,0.25863854351812765,1.521582184847777,0.017083633111730435,42.89388136800855,0.046087881855225936,15.485998821335754,22.567033090802603,4.160267019647538,0.0,0.0,0.0,0.04566461655963193,1.031409294282133,0.007834018270964244,-43.276724282235286,0.609303718589081,0.7345132743362833,1.8825948543515343,0.6955690774115214,0.19336249824159263,0.0345839006545383,0.7456940621313409,0.7645428963128653,4.295717445923699,0.30418658324799247,0.026152938615002844,Software—Infrastructure,Technology,WEX
2021Q4,2021,Q4,2022-03-01,2021-12-31,50860000.0,497538000.0,69295000.0,1.13,304795000.0,0.6126064743,10306828000.0,1838773000.0,5299512000.0,4399699000.0,8468055000.0,0.0,1287113000.0,6300703199.999999,8562914199.999999,40.97087789661319,1.2045169453637623,0.2766257475141722,1.550563337616987,0.007386003090005703,40.97087789661319,0.027659749191444514,12.663762767868985,30.970817931576875,3.426580224965235,0.0,0.0,0.0,0.0482726596388336,1.0066238622233021,0.00493459287377261,46.81961745953898,0.6126064742793516,0.05607476635514003,8.182771905123623,0.632978116161186,0.17235257537211782,0.00647549482554799,0.052609793451715715,-0.3126996092122751,1.1245992747336844,0.2463499675339984,-0.008845871244789546,Software—Infrastructure,Technology,WEX
2021Q3,2021,Q3,2021-11-09,2021-09-30,48318000.0,482764000.0,100822000.0,1.07,302834000.0,0.6272920101747438,9514131000.0,1844245000.0,4435754000.0,3604635000.0,7669886000.0,0.0,1300849000.0,7901816539.999999,10353547540.0,41.11020708410423,1.2305695306182178,0.313802805532108,1.618852701240887,0.015205347004348849,41.11020708410423,0.026199339024912633,16.367866162348474,40.88443509665135,4.284580703756822,0.0,0.0,0.0,0.050741786086401376,0.9952172688774314,0.005078551052113955,84.7989068821566,0.6272920101747438,2.4078947368421053,1.3398280917945458,0.60016042783206,0.1675521363891408,0.052120681508657826,2.427162098298677,0.22538224069617638,-0.1884562754639399,0.2145406983080086,-0.03474104379102226,Software—Infrastructure,Technology,WEX
2021Q2,2021,Q2,2021-08-04,2021-06-30,-33856000.0,459483000.0,82278000.0,-0.76,287832000.0,0.6264257872434889,9227610000.0,1794922000.0,4093922000.0,3515759000.0,7432688000.0,0.0,1252531000.0,8684393200.0,11272811200.0,40.07595784585157,1.1644489852688993,0.3266002789454691,1.6790367492292144,0.018459668697774385,40.07595784585157,-0.01886210097151854,18.900358011068963,-64.12743088374292,4.8383123054929404,0.0,0.0,0.0,0.049794367122147555,0.9348669803590064,-0.003668989044833928,113.44288532128068,0.6264257872434889,-11.666666666666666,-3.334217070202029,0.7018042267973779,0.38275896054510233,0.1378018120582515,-12.199220272904483,0.6279456283017748,-1.8306082182601158,0.19446036589192625,-0.028958129391610854,Software—Infrastructure,Technology,WEX
2021Q1,2021,Q1,2021-05-06,2021-03-31,-2565000.0,410757000.0,50541000.0,-0.06,252972000.0,0.6158677758382693,8316733000.0,1875149000.0,3708411000.0,3307745000.0,6428507000.0,0.0,1286387000.0,9277442460.0,11578852460.0,42.28737342985364,1.1211296517718263,0.344198737653355,1.5266034859096531,0.011494965009451349,42.28737342985364,-0.0013678912982381666,22.586206589297323,-904.2341578947368,4.9475761446157085,0.0,0.0,0.0,0.049389225312391295,0.9274227608234613,-0.00030841437376912304,-39.38211805157593,0.6158677758382693,0.988679245283019,-1.097107450840664,0.7433454283647793,0.4655251473425238,0.09787821316818492,0.9890478223740393,1.256385412597842,-1.0512028700265001,0.12383838594393276,0.03434766729002812,Software—Infrastructure,Technology,WEX
2020Q4,2020,Q4,2021-03-01,2020-12-31,-234200000.0,398990000.0,-197129000.0,-5.3,230419000.0,0.5775057018972907,8183361000.0,1904895000.0,3502847000.0,2740853000.0,6265444000.0,0.0,1286976000.0,8998061300.0,11172871300.0,43.087423659805474,1.2780134505571805,0.3698777311669374,1.588981544914549,-0.037190032556345856,43.087423659805474,-0.12294640911966276,22.552097295671572,-9.605103864218618,4.723652117308303,0.0,0.0,0.0,0.04875625064078195,1.0517291514721876,-0.028619047845988954,145.7341123690135,0.5775057018972907,-2.557046979865772,-10.820078869243236,0.6444024415518851,0.541132219240691,0.022975084796931326,-2.557108140947752,-107.84498644986449,-3.855829739205772,0.17193655718048179,0.083191713555213,Software—Infrastructure,Technology,WEX
2020Q3,2020,Q3,2020-11-09,2020-09-30,-65840000.0,382116000.0,1845000.0,-1.49,225244000.0,0.5894649792209695,8313912000.0,2084930000.0,4031089000.0,2672409000.0,6216909000.0,0.0,1521176000.0,6137749020.0,7622685020.0,47.206674817733095,1.5084102021808787,0.3616297598531233,1.4420426585065207,0.0005791189499013981,47.206674817733095,-0.03157899785604313,16.062528185158435,-23.30554761543135,2.9438633527264706,0.0,0.0,0.0,0.04596103494961217,1.3862481379160152,-0.007919256301967112,202.4523871095425,0.5894649792209695,-1.8975903614457832,-2.7956445085933996,0.4828760817308244,0.7343463812092376,0.2163253844824607,-1.9061631203721545,-0.9358974358974359,-2.8875708138042784,0.1486012762842585,0.2499463902978448,Software—Infrastructure,Technology,WEX
2020Q2,2020,Q2,2020-08-05,2020-06-30,72658000.0,347084000.0,28782000.0,1.66,185184000.0,0.5335423125237695,7906739000.0,1976945000.0,3560845000.0,2589622000.0,5918860000.0,0.0,1587016000.0,7190145740.0,8691883740.0,45.369830632946254,1.3750443114863868,0.3507464961218525,1.4028012918922883,-0.012771419882444603,45.369830632946254,0.036752666361481987,20.715866303258,24.739690536486002,3.636998368695133,0.0,0.0,0.0,0.043897237533703844,1.2412027701340196,0.009189376302923368,19.702808045378564,0.5335423125237695,5.486486486486486,1.4383142092062997,0.44426396391457973,0.6352808494408715,-0.24675102807843902,5.469611220472441,-0.6153630277031632,3.1956823636085345,0.1271662728474061,0.2416294464312132,Software—Infrastructure,Technology,WEX
2020Q1,2020,Q1,2020-05-11,2020-03-31,-16256000.0,431679000.0,74829000.0,-0.37,245847000.0,0.5695134579166464,7698155000.0,1866837000.0,3311692000.0,2485719000.0,5821181000.0,0.0,1514358000.0,4539142800.0,6497508800.0,42.99882531785517,1.3322873583055848,0.36626360472087144,1.5103375388424378,0.010898018183383176,42.99882531785517,-0.00870777684393442,10.51508829477459,-69.80719119094488,2.4314617719704503,0.0,0.0,0.0,0.05607564409913804,1.1888359062307525,-0.00211167481039288,14.204441134316776,0.5695134579166464,-1.2983870967741935,-1.6511411516050438,0.9100250092527039,0.6119255060883174,-0.05428912140329281,-1.2985710612349852,-0.27950663405804077,-1.5459657434916003,0.4630166563120577,0.19628217280053123,Software—Infrastructure,Technology,WEX
2019Q4,2019,Q4,2020-02-28,2019-12-31,54446000.0,440045000.0,103858000.0,1.24,259960000.0,0.5907577634105603,8298418000.0,1926947000.0,3842375000.0,3049943000.0,6361896000.0,0.0,1539201000.0,9083651820.0,11207763820.0,44.43348629141974,1.2598186261185864,0.3536871726635125,1.5231576166858767,0.015609742705333537,44.43348629141974,0.028255058390293037,20.64255205717597,41.70945441354737,4.714012279528187,0.0,0.0,0.0,0.05302757706348367,1.1383950454156029,0.006561009580380261,20.92182992415431,0.5907577634105603,2.7575757575757573,0.018993568586863727,0.8617331387769405,0.6289519525806408,-0.11663563088717022,2.7243313496135166,-0.12216108392288122,9.17318373097881,0.4946677625126582,0.2714326556037435,Software—Infrastructure,Technology,WEX
2019Q3,2019,Q3,2019-11-08,2019-09-30,14619000.0,459963000.0,118311000.0,0.33,294284000.0,0.6397992882036164,8541306000.0,1842424000.0,4054458000.0,3113314000.0,6689336000.0,0.0,1484753000.0,8759532430.0,11137826430.0,42.50211077533507,1.3022965238970434,0.34066265744372115,1.579280339378992,0.016868748095455924,42.50211077533507,0.007934655649296796,19.043993603833353,149.7970522949586,4.754352108960804,0.0,0.0,0.0,0.05385160068027067,1.192517683728657,0.0017115649527133204,92.21725302143429,0.6397992882036164,0.03125000000000003,-0.8239257948648874,0.8565634564050122,0.5937604698754345,0.047147320253065464,0.0588107481712175,0.2488362519395801,-0.2673736506448456,0.5777617159405455,0.20708295473359198,Software—Infrastructure,Technology,WEX
2019Q2,2019,Q2,2019-08-09,2019-06-30,13807000.0,441807000.0,94737000.0,0.32,281034000.0,0.6361012840448431,8573149000.0,1832965000.0,4307735000.0,3037054000.0,6729586000.0,0.0,1470134000.0,9170149560.0,11352331560.0,42.303422649957305,1.4183926265387445,0.34416467041456994,1.6097279544344818,0.014009028894600246,42.303422649957305,0.007532604277768534,20.75600784958138,166.0416737886579,5.002904889073168,0.0,0.0,0.0,0.05153380630617758,1.3076336476071877,0.0016104934137969606,-867.317654402724,0.6361012840448431,-0.13513513513513511,-0.7142672687658982,0.9654519083145693,0.6635799817693404,0.22913887588948711,-0.14422957729019462,0.374294625371727,-0.01601625722555358,0.6914366871257001,0.4596141895335936,Software—Infrastructure,Technology,WEX
2019Q1,2019,Q1,2019-05-10,2019-03-31,16134000.0,381876000.0,68935000.0,0.37,228643000.0,0.5987362389885722,7955242000.0,1806625000.0,3645164000.0,2616428000.0,6138354000.0,0.0,1456327000.0,8474577600.000001,11081021600.0,41.80067098565479,1.3931833782546281,0.3763201672557541,1.6570777001314605,0.010567233472351138,41.80067098565479,0.008930464263474712,22.191961788643436,131.3155076236519,4.690833792292258,0.0,0.0,0.0,0.04800306514874092,1.2298557422562364,0.0020280966939786368,203.1055146794488,0.5987362389885722,-0.24489795918367346,-0.6019379246047558,0.8909925025393638,0.7389184805723047,-0.0740911723138103,-0.29980036455168824,-0.3014076228503096,-0.37331753073622914,0.6628809113156742,0.44865782706713087,Software—Infrastructure,Technology,WEX
2018Q4,2018,Q4,2019-03-18,2018-12-31,23042000.0,384244000.0,98677000.0,0.49,246939000.0,0.6426619543831523,6770595000.0,1785697000.0,3398126000.0,2311571000.0,4974671000.0,0.0,1481593000.0,6050451940.0,7859393940.0,41.336535567952964,1.4700504548638134,0.34715412751759633,1.3162591413884885,0.012778475888940254,41.336535567952964,0.012903644907282703,15.746379748284944,65.64590682232446,3.3882858850073667,0.0,0.0,0.0,0.05675188074312523,1.3521977045048583,0.003403245948103527,32.997665466841184,0.6426619543831523,-0.6259541984732825,-0.3967384406877217,0.902227655847383,0.7849594983988426,0.035053819328012874,-0.598025191026133,-0.01997258859049738,-0.011230460938277169,0.6206902445075236,0.47850721589996126,Software—Infrastructure,Technology,WEX
2018Q3,2018,Q3,2018-11-08,2018-09-30,57322000.0,382690000.0,100688000.0,1.31,238576000.0,0.6234184326739659,7159742000.0,1839497000.0,3908678000.0,2612465000.0,5310485000.0,0.0,1550577000.0,8632585170.0,10478963170.0,42.58982195364775,1.496164733307432,0.33237775886337806,1.2936900685350397,0.017978768599356203,42.58982195364775,0.031161779551692664,22.557645012934753,37.64952884581836,4.692905272473943,0.0,0.0,0.0,0.05345025002297569,1.4000436369482463,0.008006154411709248,35.64282451888339,0.6234184326739659,0.4555555555555556,0.18004044960098595,0.8032167580151284,0.8824470839212328,-0.0022583181384767228,0.4586492951295231,-0.021601189377228866,0.598625304290878,0.5186285488964785,0.5647258330914526,Software—Infrastructure,Technology,WEX
2018Q2,2018,Q2,2018-08-08,2018-06-30,39298000.0,370876000.0,102911000.0,0.9,239116000.0,0.6447330104940735,6951977000.0,1782127000.0,3671259000.0,2549312000.0,5159981000.0,0.0,1493255000.0,8225116880.0,10418979880.0,41.27109145225909,1.4400979558406346,0.3602783783663266,1.4054256514827506,0.01773804773378825,41.27109145225909,0.022051178170803765,22.1775388000302,52.32528932770115,4.61533711121598,0.0,0.0,0.0,0.053348277763289494,1.3329627758391283,0.0056527804968284565,-44.957540351893655,0.6447330104940735,-0.19642857142857148,-0.1606162457732399,0.8756433164004764,0.9416961105653628,0.08719730105757077,-0.1919478543375897,0.31327684336795897,0.33079577079666866,0.5573113365784801,0.4875485437318999,Software—Infrastructure,Technology,WEX
2018Q1,2018,Q1,2018-05-10,2018-03-31,48633000.0,354829000.0,78362000.0,1.12,219938000.0,0.619842233864763,6755620000.0,1759978000.0,3421209000.0,2356889000.0,4985431000.0,0.0,1453957000.0,6742334380.0,8802158380.0,40.88313317382518,1.451578330587482,0.3601435545516178,1.3823996663594658,0.014201407938912053,40.88313317382518,0.027632731772783522,19.00164411589808,34.659255957888675,3.830919693314348,0.0,0.0,0.0,0.05252352855844467,1.333778552999314,0.00719889514211871,95.67258921856597,0.619842233864763,-0.3962127444394967,0.5313278835362003,0.9382728897987017,0.9225790445819284,0.2667999101470478,-0.39059445641822466,0.16585830332966348,0.9646231364436061,0.5833757168894614,0.5326131503487646,Software—Infrastructure,Technology,WEX
2017Q4,2017,Q4,2018-03-01,2017-12-31,79804000.0,331305000.0,67214000.0,1.854958,173617000.0,0.5240397820739198,6739175000.0,1711338000.0,3209505000.0,1134584000.0,5018617000.0,0.0,1404683000.0,6075997060.0,8016254060.0,39.77820649900051,2.828794518519563,0.35983202691724137,1.417002953244771,0.023363551515231288,39.77820649900051,0.046632517947944825,18.339587570365676,19.034124417322438,3.550436594056814,0.0,0.0,0.0,0.04916106199942871,2.6963803473343533,0.01184180556225354,39.08977309134891,0.5240397820739198,1.3480481012658228,1.4812368780309417,0.770846741784931,0.8899646314470999,0.06897804376470008,1.3491801830973478,0.05478398694348979,0.5055629130920585,0.41291850405451574,0.4582872638381136,Software—Infrastructure,Technology,WEX
2017Q3,2017,Q3,2017-11-08,2017-09-30,33971000.0,324002000.0,63723000.0,0.79,162414000.0,0.5012746834896081,6541128000.0,1624508000.0,3020918000.0,1167728000.0,4908174000.0,0.0,1324994000.0,4827031080.0,7040255080.0,37.76695959455061,2.587004850444624,0.37314022902471866,1.5024598216813951,0.010123118995587871,37.76695959455061,0.020911562146816144,14.898152110172159,35.523174766712785,2.9713803071453015,0.0,0.0,0.0,0.04953304689955616,2.4578266514119727,0.005193446757195395,174.670927447078,0.5012746834896081,0.975,1.1427750172235056,0.8153249499273347,0.8686537287798941,0.020970844491381587,0.9877706260971328,0.3392530631974948,-0.587659821751698,0.3179648976383617,0.4161999526881852,Software—Infrastructure,Technology,WEX
2017Q2,2017,Q2,2017-08-09,2017-06-30,17090000.0,303884000.0,47581000.0,0.4,159078000.0,0.5234826446933698,6343751000.0,1571317000.0,2819633000.0,1058422000.0,4764110000.0,0.0,1291022000.0,4483818540.0,6678161540.0,36.54055625319753,2.6639969690728273,0.37669999973201973,1.5208204327961832,0.007323152346631292,36.54055625319753,0.010876226757554331,14.755033302181095,65.591260093622,2.853541672367829,0.0,0.0,0.0,0.04790288900052981,2.548765048345556,0.0026939897231149203,-92.39842850371957,0.5234826446933698,-0.411764705882353,-0.49058799684624893,0.7951712583234726,0.877042203920104,0.040310239742600416,-0.41872725417502804,-0.21679944693178826,-0.6436368891023861,0.36215859369094877,0.43695554869240005,Software—Infrastructure,Technology,WEX
2017Q1,2017,Q1,2017-05-08,2017-03-31,29401000.0,291357000.0,60752000.0,0.68,152914000.0,0.5248337949663128,6175762000.0,1540943000.0,2575408000.0,964922000.0,4626544000.0,0.0,1273935000.0,4437148500.0,6648299500.0,35.943714865526815,2.669032315565403,0.38727739184249654,1.552122953282503,0.010299378697714365,35.943714865526815,0.019079875115432562,15.229249683378123,37.72957127308595,2.8795020321971676,0.0,0.0,0.0,0.04717749809659116,2.5641689172803606,0.004760708071327878,-54.86631343357404,0.5248337949663128,4.666666666666667,0.14575734875160778,0.882829726260221,0.8730736955794677,-0.022282751168485732,4.56099867599773,0.27104211561395064,-0.26870601532888383,0.4545010779503767,0.49526762528611024,Software—Infrastructure,Technology,WEX
2016Q4,2016,Q4,2017-03-06,2016-12-31,5287000.0,290839000.0,47797000.0,0.12,156399000.0,0.5377511269121404,5997097000.0,1497189000.0,2366573000.0,948697000.0,4491350000.0,0.0,1244271000.0,4781055600.0,6818553600.0,34.947573586050744,2.494550947246592,0.36766172032901917,1.472695164070802,0.004486055695277295,34.947573586050744,0.0035312842934325595,16.438839357857784,226.07601664459995,3.1933547467954946,0.0,0.0,0.0,0.04849663095327623,2.391865896065867,0.0008815932108485156,-52.51541173756879,0.5377511269121404,-0.7391304347826088,-0.8539043326714948,0.8846451085408137,0.9126407965579325,0.08093967709830809,-0.7315698619008936,-0.12408371206567952,-0.8604245989520392,0.4518512854789792,0.5090767177589796,Software—Infrastructure,Technology,WEX
2016Q3,2016,Q3,2016-11-08,2016-09-30,19696000.0,287756000.0,54568000.0,0.46,144688000.0,0.5028148848329835,6333690000.0,1506591000.0,2711920000.0,998624000.0,4815485000.0,0.0,1238984000.0,4624954920.0,6401575920.0,35.2105964289053,2.7156567436793027,0.36149716831736317,1.5197296412895072,0.010924131933126111,35.2105964289053,0.01307322292513363,16.0724882191857,58.70424096263201,3.069814515020998,0.0,0.0,0.0,0.04543259932203818,2.6262817637068605,0.0031097196105271964,-138.5920385963861,0.5028148848329835,0.43750000000000006,-0.6291920345281101,0.715716840069931,1.0662365188226202,0.28341183462394776,0.5672793825097477,0.05680255640553888,-0.5907159056125735,0.3686628555410386,0.5562893088132105,Software—Infrastructure,Technology,WEX
2016Q2,2016,Q2,2016-08-09,2016-06-30,12567000.0,233936000.0,51635000.0,0.32,112737000.0,0.4819138567813419,4262421000.0,1124699000.0,2316237000.0,769002000.0,3125670000.0,0.0,1219287000.0,3440928020.0,4405768020.0,28.982605782610936,3.0120038699509233,0.2952035943891981,1.1187722226124501,0.015744299973645765,28.982605782610936,0.011173656240469673,14.708843529854319,68.45165950505292,3.059421249596559,0.0,0.0,0.0,0.05488336323418076,2.89855683080148,0.0029483244381538097,-21.717683272426612,0.4819138567813419,-0.45762711864406774,-0.6912520669854317,0.6523417161568361,0.7563676189521882,0.13245472170043496,-0.45564411331542926,0.2555012522187371,-0.7013135353026817,0.3164743433541876,0.36355523786527943,Software—Infrastructure,Technology,WEX
2016Q1,2016,Q1,2016-04-28,2016-03-31,23086000.0,205928000.0,41127000.0,0.59,99551000.0,0.4834262460665864,4143777000.0,1118295000.0,2187932000.0,617159000.0,3012454000.0,0.0,1206720000.0,3230700160.0,3926122160.0,28.854757972959025,3.545167452795795,0.28755553206651807,1.065520278638463,0.011357245082147457,28.854757972959025,0.020643926691973048,15.688493842508061,34.98549077362904,2.8889516272539892,0.0,0.0,0.0,0.0496957244562147,3.4053687947514337,0.005571245749952278,49.00866431031083,0.4834262460665864,0.09259259259259246,0.8937711826666106,0.7041616489494097,0.9001218307701734,-0.0769323492322528,0.10454045260992297,-0.17564642212868312,-0.1925605923142421,0.24949734031393822,0.35693007625970663,Software—Infrastructure,Technology,WEX
2015Q4,2015,Q4,2016-02-26,2015-12-31,20901000.0,212642000.0,49890000.0,0.54,107848000.0,0.5071810836993632,3857946000.0,1083244000.0,1894880000.0,534991000.0,2762265000.0,0.0,1183634000.0,3425058000.0,4365450000.0,27.958291392437733,3.5418913589200565,0.31151783876705375,1.1094628726307276,0.013329987917678142,27.958291392437733,0.019294821849924856,16.10715662945232,40.96763312760155,3.1618527312406073,0.0,0.0,0.0,0.05511793062940746,3.3779185070403055,0.005417649702717456,18.90824275012283,0.5071810836993632,-0.3493975903614457,0.12505230086491284,0.8397959215764332,0.9263471678729097,-0.12414829252446502,-0.3502145122178698,-0.2635618864860875,-0.2784182122520046,0.26205117519963494,0.3283701438054252,Software—Infrastructure,Technology,WEX
2015Q3,2015,Q3,2015-10-30,2015-09-30,32166000.0,226057000.0,67745000.0,0.83,123135000.0,0.5447077507000446,4348504000.0,1054589000.0,2435801000.0,703819000.0,3281583000.0,0.0,1162733000.0,3364615800.0,4087589800.0,27.218712091882825,3.4608343906600987,0.2846638752085775,1.1737861858980134,0.01703147907888188,27.218712091882825,0.030500981899109512,14.883926620277187,26.150405707890318,3.1904522046029307,0.0,0.0,0.0,0.051985004498098654,3.3304656452866435,0.007397026655603859,19.209471664934856,0.5447077507000446,0.2205882352941175,0.5486848839612793,1.2338086504578412,0.9992589715046379,0.07450456818241315,0.21417786501585384,0.07671890397024698,1.252472337204638,0.4061084267563797,0.34674192439949947,Software—Infrastructure,Technology,WEX
2015Q2,2015,Q2,2015-07-31,2015-06-30,26492000.0,213653000.0,62918000.0,0.68,114597000.0,0.5363697209961947,4179773000.0,1074789000.0,2279404000.0,722391000.0,3091819000.0,0.0,1130567000.0,4415083830.0,5561515830.0,27.744366142646946,3.15536046268572,0.3139146551738575,1.2207903132614866,0.01624383124031387,27.744366142646946,0.02464855892644975,20.664740630835983,41.664312150837986,4.107861012719706,0.0,0.0,0.0,0.05111593380788861,3.0110355749171847,0.00633814324366419,-32.88482582173262,0.5363697209961947,0.19298245614035106,-0.11591985828403553,1.3421543437221506,1.1848350033948996,0.06904175528937646,0.18558961736406354,0.3042703150912106,-0.12343907550027552,0.401029553408516,0.42519303236395706,Software—Infrastructure,Technology,WEX
2015Q1,2015,Q1,2015-05-01,2015-03-31,22345000.0,202285000.0,48240000.0,0.57,107196000.0,0.5299256000197741,4252977000.0,1036581000.0,2334716000.0,645116000.0,3202752000.0,0.0,1104075000.0,4171902240.0,4946928240.0,26.675441982552304,3.6190638582828516,0.2979164947282809,1.222318371646789,0.012150945758315887,26.675441982552304,0.021556443731845364,20.623883332921373,46.676015215931976,4.024675582515983,0.0,0.0,0.0,0.04756315399777614,3.6190638582828516,0.005253966809601839,26.14416123028332,0.5299256000197741,-0.5365853658536586,0.1880516587440728,1.3799829691849075,1.1675454047425107,-0.079167096175652,-0.5334391247155117,-0.21994760842146113,-0.03931081420643142,0.44218595943720934,0.3900919502173055,Software—Infrastructure,Technology,WEX
2014Q4,2014,Q4,2015-02-26,2014-12-31,47893000.0,211864000.0,61842000.0,1.23,116412000.0,0.5494656949741343,4118347000.0,1060325000.0,2169243000.0,563183000.0,3040626000.0,0.0,1081730000.0,3845218240.0,4933934240.0,27.27734616176168,3.851755113346816,0.3289035625215651,1.277475302383703,0.015254638765148432,27.27734616176168,0.04516822672293872,18.149464939772685,20.07192199277556,3.6264524933393063,0.0,0.0,0.0,0.05144394097923269,3.851755113346816,0.011629180348329075,13.71714756601337,0.5494656949741343,-0.35602094240837695,2.893985216139914,1.4938140302287213,1.3693901598060625,-0.04397743230924635,-0.3566487110943944,-0.39683994928313665,0.45855490343671035,0.5130623336079677,0.49285800807763613,Software—Infrastructure,Technology,WEX
2014Q3,2014,Q3,2014-10-30,2014-09-30,74443000.0,222134000.0,102530000.0,1.91,121767000.0,0.5481691231418874,4579562000.0,1036498000.0,2629420000.0,778247000.0,3523793000.0,0.0,1033837000.0,4287807439.9999995,4868328440.0,26.667815884940953,3.3786445691406457,0.24860172217343057,1.0983976814234084,0.03532659529142249,26.667815884940953,0.07182165329793208,19.30279669028604,14.3996327391427,4.136821720833035,0.0,0.0,0.0,0.048505512099192016,3.3786445691406457,0.01625548469482453,27.856652893635818,0.5481691231418874,0.7207207207207205,2.133075276832776,1.5209378580591366,1.3802564370437918,0.017548697635939733,0.717928599450765,0.2763759040944117,0.5428931560248615,0.4580661578347313,0.5649270573976498,Software—Infrastructure,Technology,WEX
2014Q2,2014,Q2,2014-07-30,2014-06-30,43333000.0,201581000.0,80329000.0,1.11,119667000.0,0.5936422579508982,3886652000.0,988075000.0,2543520000.0,799758000.0,2897718000.0,0.0,959394000.0,4078714320.0,4486107320.0,25.429148651430925,3.1803620595230058,0.18206106438137504,0.716148065683273,0.030419163027677196,25.429148651430925,0.04385598259241454,20.233624795987716,23.531225163270484,4.12794000455431,0.0,0.0,0.0,0.05186494700323054,3.1803620595230058,0.011149184439461007,-38.18019919871195,0.5936422579508982,0.19354838709677424,-0.5402453749507621,1.5348955851493058,1.4009147973975877,0.190301884915701,0.18584095013956542,0.30537725270975186,0.06324167129681132,0.4219790301420093,0.5410254551953355,Software—Infrastructure,Technology,WEX
2014Q1,2014,Q1,2014-04-30,2014-03-31,36542000.0,182068000.0,61537000.0,0.93,100535000.0,0.5521837994595425,3700418000.0,936677000.0,2351439000.0,733144000.0,2763513000.0,0.0,916061000.0,3703718300.0,4046254300.0,24.038315454498793,3.2073358030618815,0.18410082320429746,0.727305143608736,0.024050259697090456,24.038315454498793,0.039012381002202466,20.342500054924535,25.338776613212193,3.9541040294573264,0.0,0.0,0.0,0.04920200907032665,3.2073358030618815,0.009875100596743396,-41.550385918463505,0.5521837994595425,0.05681818181818187,2.275394412447062,1.5896026471283962,2.0041233985593236,-0.10206141369393187,0.060171753510502496,-0.1361409419526918,1.9814274564983143,0.4985875787602316,0.5829530787552539,Software—Infrastructure,Technology,WEX
2013Q4,2013,Q4,2014-02-27,2013-12-31,34468000.0,182283000.0,71235000.0,0.88,111962000.0,0.6142207446662608,3433043000.0,902778000.0,2089510000.0,605213000.0,2529746000.0,0.0,879519000.0,3860486490.0,4199963490.0,23.15824846728061,3.4525200218765955,0.19953143610493665,0.7587690439953122,0.02720240496620178,23.15824846728061,0.03817992906340208,21.178532775958264,28.00051127132413,4.276230136312582,0.0,0.0,0.0,0.053096625937979806,3.4525200218765955,0.010040072320678769,69.55079613014809,0.6142207446662608,-0.21428571428571436,-0.47969197867586744,1.2168706754571392,2.013161140517173,-0.01492195885903324,-0.21374150280578494,-0.08547623021324124,0.8440051877575175,0.5674986602249679,0.5956206236519042,Software—Infrastructure,Technology,WEX
2013Q3,2013,Q3,2013-10-31,2013-09-30,43838000.0,191525000.0,77893000.0,1.12,113658000.0,0.5934368881347083,3657457000.0,881866000.0,2320993000.0,786681000.0,2775591000.0,0.0,845051000.0,3420319500.0,3734106500.0,22.624711375647802,2.950361073929585,0.18831390225503677,0.7810143491188004,0.03101514972668771,22.624711375647802,0.04971050023472954,17.85834486359483,19.505449039645967,3.878502516255304,0.0,0.0,0.0,0.0523656190626438,2.950361073929585,0.011985923552894812,-45.73047611407485,0.5934368881347083,0.03703703703703707,-0.39631937411343054,0.7580478445821927,2.6897794105349404,0.09395934395934397,0.03849525027835027,0.16117827700839285,1.0980355755689808,0.8812633446748014,0.661822096606702,Software—Infrastructure,Technology,WEX
2013Q2,2013,Q2,2013-08-01,2013-06-30,42213000.0,178285000.0,67081000.0,1.08,103896000.0,0.5827523347449308,3448927000.0,827549000.0,2148186000.0,799314000.0,2621378000.0,0.0,801213000.0,3043081440.0,3452757440.0,21.25517542507834,2.6875370630315496,0.2007870853746687,0.8368084548467825,0.02757569316929585,21.25517542507834,0.05100966830967109,17.068634153181705,18.022181792338852,3.677222061775194,0.0,0.0,0.0,0.05169288883180189,2.6875370630315496,0.012239458822990455,-839.9341540160088,0.5827523347449308,0.4794520547945207,2.7278232827166926,0.5995649392342163,3.971272813956367,0.08779093507554103,0.47140018822545227,0.10822732529324303,0.40165938132165063,0.9446466604827815,0.6738191470385385,Software—Infrastructure,Technology,WEX
2013Q1,2013,Q1,2013-05-02,2013-03-31,28689000.0,165370000.0,60530000.0,0.73,95511000.0,0.577559412227127,3480388000.0,826943000.0,2146952000.0,781635000.0,2653445000.0,0.0,759000000.0,3021986479.9999995,3384304479.9999995,21.264734622505657,2.7467449640817003,0.2000495347070499,0.8419564589095017,0.025122074968359154,21.264734622505657,0.034692838563238335,18.27409131039487,26.334017219143224,3.654407232421098,0.0,0.0,0.0,0.047514817313471944,2.7467449640817003,0.00824304646493437,131.35644962183775,0.577559412227127,-0.013513513513513526,0.9962692193190974,0.7986039926216324,3.428571226021468,18.35772192946899,-0.012528826627198569,0.22285298692902886,0.5242155524974035,0.9442088159264447,0.7278918131601657,Software—Infrastructure,Technology,WEX
2012Q4,2012,Q4,2013-03-01,2012-12-31,29053000.0,168998000.0,49499000.0,0.74,4934000.0,0.029195611782387956,3106684000.0,817931000.0,1769826000.0,588370000.0,2288753000.0,0.0,730311000.0,2929028940.0,3417116940.0,21.047063969944933,3.0080153644815337,0.21547090080613285,0.8184064425972362,0.02205091466232813,21.047063969944933,0.03552011110961682,17.331737298666255,25.204186658864835,3.581022042201604,0.0,0.0,0.0,0.05439819434483842,3.0080153644815337,0.009351771857066891,32.23069577560879,0.029195611782387956,1.0,10.023787442923721,0.8852339667980553,3.0507501690817795,-0.961046240812234,1.031962512239474,-0.03467441542991985,1.3627892110814863,0.9897577276672443,0.8282096054162301,Software—Infrastructure,Technology,WEX
2012Q3,2012,Q3,2012-11-01,2012-09-30,14298000.0,160967000.0,51277000.0,0.37,126663000.0,0.7868879956761323,3062433000.0,784037000.0,2082653000.0,1854773000.0,2256283000.0,0.0,701258000.0,2717837580.0,2969052580.0,20.210785450983426,1.1228613959767584,0.22417404723629872,0.8756193904114219,0.014178340136143374,20.210785450983426,0.018236384252273807,16.88443954350892,47.52128934116659,3.4664659703559906,0.0,0.0,0.0,0.052561802984751015,1.1226306399758892,0.004668836836593649,140.20312509672428,0.7868879956761323,-0.5256410256410257,-0.33741603666079095,0.893097830019045,2.8873250968420945,0.03283701360122639,-0.5286632602604252,-0.1845260814249364,-0.39709357831297576,0.8302550219356467,0.8039292147123217,Software—Infrastructure,Technology,WEX
2012Q2,2012,Q2,2012-08-02,2012-06-30,30335000.0,153064000.0,62880000.0,0.78,122636000.0,0.8012073381069357,2715638000.0,756939000.0,1768038000.0,1543578000.0,1958699000.0,0.0,686960000.0,2399858760.0,2921884760.0,19.46709358845768,1.1454153920307235,0.26882375338686526,0.9644475974946461,0.014149447665743282,19.46709358845768,0.04007588458250929,15.678792923221659,19.77796901269161,3.170478413716297,0.0,0.0,0.0,0.056363918902298464,1.1382871484304649,0.011170487377183557,-103.08228856148791,0.8012073381069357,0.3220338983050849,0.7023590499939126,0.8312891095439127,3.0215201470538715,0.06807176450095802,0.3055173007402307,0.08482997774442316,-0.6783750924246238,0.9234542606509292,0.838002274457651,Software—Infrastructure,Technology,WEX
2012Q1,2012,Q1,2012-05-03,2012-03-31,23236000.0,140122000.0,57963000.0,0.59,114820000.0,0.8194287834886742,2514041000.0,744944000.0,1602943000.0,1358087000.0,1769097000.0,0.0,656625000.0,2512818600.0,2787526600.0,19.189696032972694,1.1802947822930343,0.11471571068252268,0.38714319465624264,0.03537341205856194,19.189696032972694,0.03119160634893361,17.933076890138594,27.035834480977794,3.373164425782341,0.0,0.0,0.0,0.05573576564582678,1.1802947822930343,0.009242490476487853,-58.1590195806138,0.8194287834886742,-0.2976190476190476,1.8967251071043425,1.0277039639083692,3.3283746140775463,-0.05171701821905816,-0.2914125396438156,-0.045609470963067854,1.0905615258394477,1.0004888329401869,1.3981803123024323,Software—Infrastructure,Technology,WEX
2011Q4,2011,Q4,2012-02-28,2011-12-31,32792000.0,139836000.0,60733000.0,0.84,121082000.0,0.8658857518807747,2278060000.0,709315000.0,1374915000.0,1164518000.0,1568745000.0,0.0,633389000.0,2107149600.0,2393702600.0,18.271895929933024,1.1806730338217186,0.12962784123333013,0.4163171510541861,0.03862084013933596,18.271895929933024,0.04623051817598669,15.0687205011585,16.064509636496705,2.9706824189534977,0.0,0.0,0.0,0.06138380903049086,1.1803209568250554,0.014394704265910468,18.00736309564504,0.8658857518807747,-0.3170731707317073,0.7976626533152602,1.0540520121700867,3.025709944928971,-0.0393595836341566,-0.3182536382536382,-0.06914045736006376,-0.5029133849569183,0.707783882131037,1.3773890697059756,Software—Infrastructure,Technology,WEX
2011Q3,2011,Q3,2011-11-04,2011-09-30,48100000.0,151878000.0,65244000.0,1.23,126043000.0,0.8298963641870448,2474080000.0,660285000.0,1581595000.0,1352895000.0,1813795000.0,0.0,600596000.0,1473935880.0,2220971880.0,17.040932201202672,1.1690449000107177,0.31895209532432256,1.1951096874834353,0.029115454600015245,17.040932201202672,0.07284733107673201,9.70473590645123,7.660789397089397,2.2322722460755586,0.0,0.0,0.0,0.061387667334928536,1.1668954353442063,0.019441570199831858,54.87475353685778,0.8298963641870448,0.18269230769230763,0.45467538858193596,0.9853226065100887,3.2707612884504336,0.06607404149503937,0.18429151791210144,0.06651409889660809,-0.33367969064313496,0.4024311745087018,1.7791417856493716,Software—Infrastructure,Technology,WEX
2011Q2,2011,Q2,2011-08-08,2011-06-30,40615000.0,141272000.0,61175000.0,1.04,118231000.0,0.836903278781358,2563209000.0,638969000.0,1624928000.0,1435379000.0,1924240000.0,0.0,552497000.0,2016254540.0,2355142540.0,16.501446206290996,1.1320550182216682,0.1544548259622996,0.6195918737841742,0.037594623690829616,16.501446206290996,0.0635633340584598,14.272145506540575,12.410775206204603,3.1554810014257346,0.0,0.0,0.0,0.05511528712641068,1.1320550182216682,0.015845371953672135,-28.70276656322068,0.836903278781358,2.3548387096774195,3.292071741344563,0.9319129735840526,5.775393754667014,0.15804887604681914,2.352455633512175,0.32493719137139393,2.671517029757776,0.2744253700309471,2.859445489191747,Software—Infrastructure,Technology,WEX
2011Q1,2011,Q1,2011-05-05,2011-03-31,12115000.0,120090000.0,46172000.0,0.31,102095000.0,0.8501540511283204,2397126000.0,584894000.0,1465197000.0,1292419000.0,1812232000.0,0.0,511882000.0,1996669440.0000002,2384619440.0,15.185740990757088,1.1336857474240165,0.1723313668117571,0.7062818220053548,0.029428653747105446,15.185740990757088,0.020713154862248544,16.62644216837372,41.20242344201403,3.4137287098175055,0.0,0.0,0.0,0.050097491746366275,1.1336857474240165,0.005053968794297838,-39.18803242330868,0.8501540511283204,-0.35416666666666663,0.11531697108084384,0.9412867408710557,6.043821702238475,0.023909097291171487,-0.34400043318171974,0.0742671009771987,-0.1488589272128111,0.3187428002761465,2.162566417654982,Software—Infrastructure,Technology,WEX
2010Q4,2010,Q4,2011-02-28,2010-12-31,18468000.0,114896000.0,42980000.0,0.48,99711000.0,0.8678370004177691,2097951000.0,559007000.0,1187729000.0,1013910000.0,1538944000.0,0.0,499767000.0,1771736000.0,2170193000.0,14.513630698930315,1.1714343482163112,0.19414180788779148,0.728613416289957,0.027748238985296894,14.513630698930315,0.033037153380905786,15.420345355800027,23.983863980940004,3.169434372020386,0.0,0.0,0.0,0.054765816742145076,1.1714343482163112,0.008802874804988295,-74.18087422542288,0.8678370004177691,-0.09433962264150951,-0.3187758479106022,0.863464981548874,6.815211167910336,0.238492112781021,-0.10223129648534345,0.1875552608311229,6.070395078258608,0.2932204683251388,1.7933155945948454,Software—Infrastructure,Technology,WEX
2010Q3,2010,Q3,2010-11-08,2010-09-30,20571000.0,100229000.0,36192000.0,0.53,80510000.0,0.8032605333785631,2077684000.0,522439000.0,1182008000.0,1453051000.0,1555245000.0,0.0,481299000.0,1370335540.0,1931979540.0,13.614400375254078,0.8134662857669828,0.2828572583703778,1.124893049714895,0.017772600044383496,13.614400375254078,0.039374931810220906,13.672046413712598,16.65373025132468,2.6229579721268896,0.0,0.0,0.0,0.04824073343203297,0.8134662857669828,0.009900928148842653,93.03656324258266,0.8032605333785631,-0.3116883116883117,4.483692850003408,0.5577217241656788,12.18436835761866,0.0315050415753802,-0.3151218537754694,-0.08018400386306453,-0.036310056388272234,0.19164227021791355,1.6185820628067884,Software—Infrastructure,Technology,WEX
2010Q2,2010,Q2,2010-07-27,2010-06-30,30036000.0,91435000.0,39347000.0,0.77,78051000.0,0.8536227921474271,1639019000.0,493087000.0,1055139000.0,1042084000.0,1145932000.0,0.0,460728000.0,1153251000.0,1359909000.0,12.698609322688643,1.0125277808698723,0.13414487568478461,0.445896971528351,0.03449341265670362,12.698609322688643,0.06091419972540343,12.612795975282989,9.59890631242509,2.3388387850419905,0.0,0.0,0.0,0.05578641858331111,1.0068996357299411,0.018325595981498688,-38.44682624349913,0.8536227921474271,0.6041666666666667,1.074539558652244,0.6511322958591459,9.953599945083837,0.07087878164231323,0.6188422981567318,0.2222222222222222,0.6878802636566342,0.0954402600252181,1.6232839020734602,Software—Infrastructure,Technology,WEX
2010Q1,2010,Q1,2010-04-30,2010-03-31,18554000.0,83846000.0,32193000.0,0.48,72885000.0,0.8692722371967655,1564785000.0,471767000.0,974352000.0,985265000.0,1093018000.0,0.0,430692000.0,1154620080.0,1439001080.0,12.306751186935879,0.9889237920762435,0.18964650095700047,0.629030856333741,0.02618037240880236,12.306751186935879,0.03932873643133157,13.770723469217375,15.557562789694945,2.447437145879216,0.0,0.0,0.0,0.053583080103656415,0.9859448980731073,0.01185722000146985,-3366.239300291545,0.8692722371967655,0.5483870967741935,2.0528826184390283,0.6837400434107153,14.873753697545123,9.64014598540146,0.5297221535163658,0.06925069748903946,1.3423665664115148,0.22871727424391697,1.775876664631573,Software—Infrastructure,Technology,WEX
2009Q4,2009,Q4,2010-02-26,2009-12-31,12129000.0,83780000.0,30108000.0,0.31,6850000.0,0.0817617569825734,1499662000.0,441316000.0,900204000.0,940593000.0,1058346000.0,0.0,412138000.0,1221321240.0,1489493240.0,11.51239108885063,0.9570600674255496,0.2050302001384312,0.6967252490279074,0.02378057759828007,11.51239108885063,0.027483707819340338,14.577718309859154,25.173576552065295,2.767452890899038,0.0,0.0,0.0,0.055865921787709494,0.9505195126903985,0.008087822455993416,43.20966707942685,0.0817617569825734,-0.48333333333333334,-0.5504767006107258,0.36525483112011053,5.199122002847156,-0.9102098598749492,-0.48084578179172194,-0.17162823969625268,-0.32665648887152593,0.2462471913357428,1.5364388826435007,Software—Infrastructure,Technology,WEX
2009Q3,2009,Q3,2009-10-30,2009-09-30,23363000.0,86642000.0,36346000.0,0.6,76289000.0,0.8805082985157314,1555861000.0,428174000.0,958446000.0,1007227000.0,1127687000.0,0.0,400009000.0,1127783670.0,1428339670.0,11.203757490122197,0.9515690107592429,0.2033986326542024,0.7390920513622966,0.029495655520737452,11.203757490122197,0.054564265929271744,13.016593222686456,12.0680527971579,2.6339377682904614,0.0,0.0,0.0,0.05568749393422677,0.9315645827603907,0.015016122905580897,83.66347700296735,0.8805082985157314,-0.7457627118644067,4.972771080957953,0.35208945885014586,9.849869378580209,0.09528800321598806,-0.7492971348857174,0.12276041023106388,-0.2836403523793573,0.14827570845607654,1.8078612841745554,Software—Infrastructure,Technology,WEX
2009Q2,2009,Q2,2009-07-30,2009-06-30,93190000.0,78626000.0,32372000.0,2.36,69652000.0,0.8858647266807418,1567619000.0,406902000.0,963233000.0,1038363000.0,1160717000.0,0.0,376646000.0,978506460.0,1306495460.0,10.591441511791349,0.927645726976019,0.22474019516221735,0.8658276440027328,0.02672418667422282,10.591441511791349,0.2290232046045485,12.445074911606847,2.6250307436420215,2.4047718123774273,0.0,0.0,0.0,0.05015631987109113,0.908144839521439,0.059446842632042605,-6.274287198230259,0.8858647266807418,7.428571428571428,5.505513389581994,0.4350539332693128,8.135993573298856,0.1639511371801942,7.489569099025235,0.6752225212171393,8.925967642205393,0.08372895222586035,3.348781662818977,Software—Infrastructure,Technology,WEX
2009Q1,2009,Q1,2009-05-01,2009-03-31,10977000.0,69176000.0,19324000.0,0.28,59841000.0,0.8650543541112524,1434670000.0,306780000.0,778795000.0,807954000.0,1127890000.0,0.0,283456000.0,698536580.0,1122184580.0,8.001773650851613,0.9639100740883764,0.3112464887395708,1.4555577286654933,0.016194921498597133,8.001773650851613,0.03578134167807549,10.09796143171042,15.909095836749565,2.2769951756959386,0.0,0.0,0.0,0.04821736008977674,0.9109082942840805,0.007651236869802812,11.053668486430889,0.8650543541112524,-0.8313253012048193,1.6228298602133164,0.3889656176235276,9.32101666376094,0.0676550875127121,-0.8315144817424138,0.016303776164931102,0.015217168241630245,0.12341103756102817,2.711578311033645,Software—Infrastructure,Technology,WEX
2008Q4,2008,Q4,2009-02-27,2008-12-31,65151000.0,80867000.0,19014000.0,1.66,56049000.0,0.6931010177204546,1611855000.0,294662000.0,955072000.0,997827000.0,1317193000.0,0.0,272479000.0,483071400.0,779920400.0,7.68569863585383,0.9571518910592718,0.29777244231025746,1.628869687981484,0.015450411645838567,7.68569863585383,0.22110418038294724,5.973653035230687,1.8536607266196987,1.6394085426692278,0.0,0.0,0.0,0.05017014557761089,0.9077505419276087,0.040419888885786875,1.4592538666022232,0.6931010177204546,-0.08791208791208799,1.4143023343782195,0.3176135596415301,3.1385480351615276,-0.3702642577861669,-0.09942773415901802,-0.6504907907797507,1.4143023343782195,0.3176135596415301,3.1385480351615276,Software—Infrastructure,Technology,WEX
2008Q3,2008,Q3,2008-11-05,2008-09-30,72344000.0,108531000.0,54402000.0,1.82,89004000.0,0.8200790557536556,2145110000.0,238101000.0,1444749000.0,632432000.0,1907009000.0,0.0,207328000.0,1159105350.0,1357136350.0,6.131724652983441,2.2844337414931566,0.11359790407018755,1.0234312329641622,0.07544936122011725,6.131724652983441,0.30383744713377936,10.679947204024657,4.005533803770873,4.868124661383195,0.0,0.0,0.0,0.05059460820191039,2.2844337414931566,0.03372507703567649,8.424465433031951,0.8200790557536556,3.8888888888888893,13.107248800520184,0.6668970585228668,4.938044589857039,0.022305942891272888,3.966985194602797,0.06779461411635393,13.107248800520184,0.6668970585228668,4.938044589857039,Software—Infrastructure,Technology,WEX
2008Q2,2008,Q2,2008-08-05,2008-06-30,-24383000.0,111238000.0,50948000.0,-0.63,87062000.0,0.7826641974864704,2355494000.0,166137000.0,1640649000.0,724596000.0,2189357000.0,0.0,134984000.0,963653600.0,1220094600.0,4.275600277942198,2.264225858271368,0.12476830762464264,1.76896777960358,0.06853141550774437,4.275600277942198,-0.14676441731823736,8.662989266257933,-9.880383874010581,5.800355128598687,0.0,0.0,0.0,0.04722491333028231,2.264225858271368,-0.010351544092237127,-6.385490978245744,0.7826641974864704,-2.75,-2.682925483985725,1.0073388872195106,2.688058572365956,0.15265053222475242,-2.678345264317181,0.3744469623394842,-2.682925483985725,1.0073388872195106,2.688058572365956,Software—Infrastructure,Technology,WEX
2008Q1,2008,Q1,2008-05-02,2008-03-31,14528000.0,92946000.0,37068000.0,0.36,75532000.0,0.8126439007595808,2006367000.0,188765000.0,1316878000.0,562136000.0,1817602000.0,0.0,159367000.0,1208057760.0,1503377760.0,4.801714489214489,2.342632387891898,0.17104447989824395,1.818017111222949,0.04327668301683424,4.801714489214489,0.07696342012555293,12.997415273384545,20.788438876651984,6.399797420072577,0.0,0.0,0.0,0.04632552269848936,2.342632387891898,0.007240948440639225,227.54902241476736,0.8126439007595808,4.454545454545454,1.8039096362595521,0.8200461299743894,5.193448780262694,0.2527698533802163,4.449362340585147,-0.06251896813353566,1.8039096362595521,0.8200461299743894,5.193448780262694,Software—Infrastructure,Technology,WEX
2007Q4,2007,Q4,2008-02-28,2007-12-31,2666000.0,90681000.0,39540000.0,0.066,60292000.0,0.664880184382616,1785076000.0,204259000.0,1126106000.0,398499000.0,1580817000.0,0.0,144839000.0,1395182880.0,1569232880.0,5.195843508343509,2.8258690736990557,0.11628356439725816,1.016234290777885,0.003018734059337499,5.195843508343509,0.013052056457732584,15.385614185992656,130.83110277569392,6.830459759423086,0.0,0.0,0.0,0.05079951777963515,2.8258690736990557,0.0014934938344361808,-38.21057924574809,0.664880184382616,-0.88,-0.9036511899901951,0.4409491863071607,1.7978260612703476,-0.11012058506634392,-0.8801528433355811,-0.0805078833542626,-0.9036511899901951,0.4409491863071607,1.7978260612703476,Software—Infrastructure,Technology,WEX
2007Q3,2007,Q3,2007-11-01,2007-09-30,22245000.0,87652000.0,43002000.0,0.55,67753000.0,0.7729772281294209,1855604000.0,207914000.0,1119043000.0,450563000.0,1647690000.0,0.0,142173000.0,1497625500.0,1666509500.0,5.199149787446862,2.483654893988188,0.11139230137464674,0.9941610473561184,0.06264681093266314,5.199149787446862,0.10699135219369547,17.08603910920458,16.83103506405934,7.203100801292843,0.0,0.0,0.0,0.047236371553413335,2.483654893988188,0.01198801037290284,16.63399937801275,0.7729772281294209,0.2222222222222223,4.614951959493511,0.3072058310593672,4.034926552382585,-0.007747283325034416,0.21365049920890392,0.008324149412619879,4.614951959493511,0.3072058310593672,4.034926552382585,Software—Infrastructure,Technology,WEX
2007Q2,2007,Q2,2007-08-02,2007-06-30,18329000.0,85973000.0,42647000.0,0.45,68282000.0,0.7942260942388889,1879092000.0,193605000.0,1174646000.0,455015000.0,1685487000.0,0.0,119928000.0,1370628650.0000002,1535084650.0000002,4.840730091261408,2.581554454248761,0.10108605645705479,0.9811213553368973,0.07167148059307829,4.840730091261408,0.09467214173187675,15.942547660311961,18.694809454962083,7.0795106014824,0.0,0.0,0.0,0.04575241659269477,2.581554454248761,0.009754179146098222,-11.015967031553908,0.7942260942388889,1.25,0.22907981289973053,0.5072773533274514,3.1755297382894936,0.2974708799665571,1.19851265443205,0.5852135449578114,0.22907981289973053,0.5072773533274514,3.1755297382894936,Software—Infrastructure,Technology,WEX
2007Q1,2007,Q1,2007-05-03,2007-03-31,8337000.0,71822000.0,26903000.0,0.2,52627000.0,0.7327420567514132,1643764000.0,178877000.0,939659000.0,372236000.0,1464887000.0,0.0,101599000.0,1223724510.0,1469741510.0,4.433464693781446,2.5243635757960003,0.1571752392679241,1.44433884736439,0.03920913480328132,4.433464693781446,0.04660744533953499,17.038296204505585,36.69558924073407,6.841150678958166,0.0,0.0,0.0,0.04369362025205565,2.5243635757960003,0.005071895965600901,-32.36339019358934,0.7327420567514132,-0.5652173913043478,1.4494952385065993,0.3703234085699605,4.718465052787913,-0.4404478373665632,-0.5602616171739015,-0.05772127070855662,1.4494952385065993,0.3703234085699605,4.718465052787913,Software—Infrastructure,Technology,WEX
