Year,Date,FillingDate,NetIncome,Revenue,OperatingIncome,EPSDiluted,GrossProfit,GrossProfitRatio,TotalAssets,CommonStockEquity,CurrentAssets,CurrentLiability,TotalLiability,Inventory,RetainedEarnings,EnterpriseValue,bookValuePerShare,currentRatio,debtToAssets,debtToEquity,roic,shareholdersEquityPerShare,roe,priceToSalesRatio,peRatio,pbRatio,payoutRatio,inventoryTurnover,dividendYield,assetTurnover,quickRatio,returnOnAssets,priceToFreeCashFlowsRatio,grossProfitMargin,epsdilutedGrowth,fiveYNetIncomeGrowthPerShare,fiveYRevenueGrowthPerShare,fiveYShareholdersEquityGrowthPerShare,grossProfitGrowth,netIncomeGrowth,operatingIncomeGrowth,threeYNetIncomeGrowthPerShare,threeYRevenueGrowthPerShare,threeYShareholdersEquityGrowthPerShare,Industry,Sector,Price,MarketCap,AvgVolume,Symbol
2022,2022-12-31,2023-03-22,-89927000.0,575692000.0,122130000.0,-1.1,210582000.0,0.3657893457,433333000.0,177961000.0,161455000.0,99419000.0,254443000.0,73197000.0,-351514000.0,500823410.0,2.176121009061006,1.6239853549120389,0.3481294985611527,0.84769134810436,-0.19500547622875072,2.176121009061006,-0.5053185810374183,0.6804357364701958,-4.355993305681275,2.201164356235355,0.0,4.988045958167684,0.0,1.3285210219392476,0.7676601052112775,-0.20752400578769675,-5.85235321361341,0.36578934569179355,-2.666666666666667,-7.795000991113903,-0.8225606720102757,-0.9072981417671642,-0.286099791846061,-23.308856363185313,7.316851143064032,0.11116070676734707,-0.8355620646969383,10.249900941658636,"Furnishings, Fixtures & Appliances",Consumer Cyclical,3.095,325176175,1082926,PRPL
2021,2021-12-31,2022-03-01,4031000.0,726227000.0,-19334000.0,-0.3,294974000.0,0.4061732764,642470000.0,145773000.0,229502000.0,142014000.0,495929000.0,98690000.0,-261825000.0,965573560.0,2.2110939206406988,1.6160519385412706,0.2837875698476193,1.2507460229260563,-0.06773718182191235,2.2110939206406988,0.02765258312581891,1.2046709362224208,217.0341255271645,6.001554197279332,0.29149094517489454,4.369774039922992,0.0013430650339750876,1.1303671766775103,0.8241863478248623,0.006274222920914595,-9.945937563948068,0.4061732763998034,-2.0714285714285716,1.1465643207561007,0.0,-0.9291000844133016,-0.03317961173003996,-0.6293333333333333,-1.522823147647377,1.1190877406626083,-0.6755387302007774,29.11629701503535,"Furnishings, Fixtures & Appliances",Consumer Cyclical,3.095,325176175,1082926,PRPL
2020,2020-12-31,2021-03-11,10875000.0,648471000.0,36980000.0,0.28,305097000.0,0.4704867296,554732000.0,159905000.0,229071000.0,132208000.0,394483000.0,65726000.0,-4561000.0,1262499860.0,4.077232973813713,1.732656117632821,0.16869587476475126,0.5852287295581752,-0.04002296650245033,4.077232973813713,0.06800913042118759,1.9921844770236448,118.79299862068964,8.079008536318439,0.504551724137931,5.224325228980921,0.004247318697198502,1.1689806969852108,1.1502027108798256,0.019604061060115516,30.672725675483168,0.47048672955305637,1.2258064516129032,0.0,0.0,-0.8712679204191784,0.6145175714792217,1.878503917925519,1.2807450351548044,0.7134599760193241,-0.5832308844426036,-0.8263115554939592,"Furnishings, Fixtures & Appliances",Consumer Cyclical,3.095,325176175,1082926,PRPL
2019,2019-12-31,2020-03-09,-12379000.0,428358000.0,16214000.0,-1.24,188971000.0,0.441152027,147724000.0,-2354000.0,114119000.0,86865000.0,152456000.0,47628000.0,-8349000.0,89073260.00000001,-0.2352588446931841,1.3137512231623785,0.24021824483496249,-15.074766355140186,0.5043924904847871,-0.2352588446931841,5.258708581138488,0.2034565947175027,-7.0403312060748044,-37.02305012744265,0.0,5.02618207776938,0.0,2.8997183937613387,0.7157082829678236,-0.08379816414394411,7.181300263678314,0.44115202704280065,-0.4761904761904762,0.0,0.0,-1.0074279199917309,0.6782206355126907,-1.8641832484960665,1.9597490233218895,-1.9655853458380654,0.0,-1.0075437013661264,"Furnishings, Fixtures & Appliances",Consumer Cyclical,3.095,325176175,1082926,PRPL
2018,2018-12-31,2019-03-14,-4322000.0,285791000.0,-16894000.0,-0.84,112602000.0,0.3940012107,71709000.0,-662000.0,47697000.0,48577000.0,73720000.0,22940000.0,-4322000.0,58761020.0,-0.07864100736516988,0.981884430903514,0.2985817679789148,-32.342900302114806,-0.2923244686353313,-0.07864100736516988,6.528700906344411,0.17349048780402462,-11.472008329477092,-74.89731117824772,0.0,7.549651264167394,0.0,3.9854272127626937,0.462626345801511,-0.06027137458338563,-1.4885472394848238,0.39400121067493377,-17.8,0.0,0.0,-1.0024829634419885,0.32444894022442305,-6.382316313823163,-30.38086956521739,0.0,0.0,-1.0024829634419885,"Furnishings, Fixtures & Appliances",Consumer Cyclical,3.095,325176175,1082926,PRPL
2017,2017-12-31,2018-02-01,803000.0,196859000.0,575000.0,0.05,85018000.0,0.4318725585,122281000.0,116480000.0,230000.0,1801000.0,5801000.0,0.0,-1827000.0,50248100.0,23.47440548166062,0.12770682953914492,0.004906731217441794,0.005151098901098901,0.0032619280348982673,23.47440548166062,0.006893887362637362,0.25331887289887683,62.10224159402242,0.42812585851648355,0.0,0.0,0.0,1.6098903345572901,0.12215435868961688,0.006566841946009601,-5.336340288924559,0.431872558531741,1.119047619047619,0.0,0.0,-0.25883336714237115,0.0,1.4021031547320981,1.2164094843808806,0.0,0.0,-0.25883336714237115,"Furnishings, Fixtures & Appliances",Consumer Cyclical,3.095,325176175,1082926,PRPL
2016,2016-12-31,2017-03-14,-1997000.0,0.0,-2657000.0,-0.42,0.0,0.0,155821000.0,149288000.0,278000.0,1875000.0,6533000.0,0.0,-2630000.0,47345780.0,31.186129099644873,0.14826666666666666,0.0,0.0,-0.015273843490811689,31.186129099644873,-0.01337682868013504,0.0,-23.827130696044065,0.3187314452601682,0.0,0.0,0.0,0.0,0.1264,-0.012815987575487258,-58.67173859432799,0.0,0.0,0.0,0.0,-0.015348085611581875,0.0,0.0,0.0,0.0,0.0,-0.015348085611581875,"Furnishings, Fixtures & Appliances",Consumer Cyclical,3.095,325176175,1082926,PRPL
2015,2015-12-31,2016-03-11,0.0,0.0,0.0,0.0,0.0,0.0,156472000.0,151615000.0,1179000.0,199000.0,4857000.0,0.0,-303000.0,46343300.0,31.672237309379568,5.924623115577889,0.0,0.0,,31.672237309379568,0.0,0.0,0.0,0.31257659202585497,0.0,0.0,0.0,0.0,5.266331658291457,0.0,-170.47230215827338,0.0,0.0,0.0,0.0,0.0,0.0,0.0,0.0,0.0,0.0,0.0,"Furnishings, Fixtures & Appliances",Consumer Cyclical,3.095,325176175,1082926,PRPL
TTM,,,,,,,,,,,,,,,,400081175.0,2.164038047233852,1.8838156675855757,0.29650747253351417,0.6078187367926743,-0.21585822553864797,2.164038047233852,-0.4654585856652518,0.6000833663969293,-3.0545842777766636,1.4301966658840106,0.0,3.874339936816414,0.0003231017770597738,1.2413408409921838,0.7697853770689405,-0.22840479048500453,-12.422683947127139,0.37310314919217175,,,,,,,,,,,"Furnishings, Fixtures & Appliances",Consumer Cyclical,3.095,325176175,1082926,PRPL
