Quarters,Year,Quarter,FillingDate,Date,NetIncome,Revenue,OperatingIncome,EPSDiluted,GrossProfit,GrossProfitRatio,TotalAssets,CommonStockEquity,CurrentAssets,CurrentLiability,TotalLiability,Inventory,RetainedEarnings,MarketCap,EnterpriseValue,bookValuePerShare,currentRatio,debtToAssets,debtToEquity,roic,shareholdersEquityPerShare,roe,priceToSalesRatio,peRatio,pbRatio,payoutRatio,inventoryTurnover,dividendYield,assetTurnover,quickRatio,returnOnAssets,priceToFreeCashFlowsRatio,grossProfitMargin,epsdilutedGrowth,fiveYNetIncomeGrowthPerShare,fiveYRevenueGrowthPerShare,fiveYShareholdersEquityGrowthPerShare,grossProfitGrowth,netIncomeGrowth,operatingIncomeGrowth,threeYNetIncomeGrowthPerShare,threeYRevenueGrowthPerShare,threeYShareholdersEquityGrowthPerShare,Industry,Sector,Symbol
2023Q1,2023,Q1,2023-05-10,2023-03-31,-23407000.0,109372000.0,-21989000.0,-0.24,43223000.0,0.3951925539,436532000.0,212950000.0,168788000.0,89599000.0,222657000.0,87681000.0,-374814000.0,259786560.0,334691560.0,2.164038047233852,1.8838156675855757,0.29650747253351417,0.6078187367926743,-0.04674843568568443,2.164038047233852,-0.10991782108476168,2.3752565556083822,-2.7746674071858846,1.2199415825311108,0.0,0.7544279832574903,0.0,0.25054749709070584,0.7697853770689405,-0.05362035314707742,-15.648850069272935,0.3951925538529057,0.6883116883116883,-0.3973815014807192,-0.8470969403726772,8.904045378202282,-0.14799629417910154,0.6664101358188322,-1.146319228645005,-1.6104832389221735,-0.7940565459462334,6.612405014121563,"Furnishings, Fixtures & Appliances",Consumer Cyclical,PRPL
2022Q4,2022,Q4,2023-03-22,2022-12-31,-70167000.0,145124000.0,150281000.0,-0.77,50731000.0,0.3495700229,433333000.0,177961000.0,161455000.0,99419000.0,254443000.0,73197000.0,-351514000.0,437710200.0,546812200.0,1.9474830378638652,1.6239853549120389,0.3481294985611527,0.84769134810436,-0.1541535075239586,1.9474830378638652,-0.3942830170655368,3.016111738926711,-1.5595301209970498,2.459584965245194,0.0,1.2895747093460115,0.0,0.33490179607830467,0.7676601052112775,-0.1619239707107467,-182.30329029571013,0.34957002287698796,-26.666666666666668,-8.940699449997162,-0.6410377192123514,-0.859740425784341,-0.14612963492838268,-31.802019315188762,113.45620715917745,0.1408708597689281,-0.8180349675407055,12.78252057147713,"Furnishings, Fixtures & Appliances",Consumer Cyclical,PRPL
2022Q3,2022,Q3,2022-11-09,2022-09-30,2278000.0,143280000.0,1313000.0,0.03,59413000.0,0.4146635958,686692000.0,247592000.0,194713000.0,108546000.0,438389000.0,91393000.0,-281389000.0,346947300.0,453469300.0,2.890201480167161,1.7938293442411513,0.24125080822260928,0.6691048176031535,0.0033592611797573914,2.890201480167161,0.009200620375456397,2.421463567839196,38.075866988586476,1.4012863905134252,0.0,0.9176523366122132,0.0,0.2086524963156699,0.8214489709431946,0.0033173533403622,24.218016194331984,0.4146635957565606,1.3,-0.9224332553342282,-0.7386963858967454,-0.8769171499050279,0.217180201589773,1.2708680142687276,1.1086201191264065,-0.8527283209357248,-0.8742380923397527,15.387089702579123,"Furnishings, Fixtures & Appliances",Consumer Cyclical,PRPL
2022Q2,2022,Q2,2022-08-09,2022-06-30,-8410000.0,144109000.0,-12088000.0,-0.1,48812000.0,0.3387158332,625107000.0,218338000.0,168113000.0,88041000.0,405986000.0,84886000.0,-283667000.0,253071180.0,363729180.0,2.640025150236388,1.9094853534148863,0.24288161866688424,0.6953759766966813,-0.016706949347895707,2.640025150236388,-0.03851826067839771,1.7561094726908104,-7.522924494649227,1.1590798669952094,0.0,1.1226468440025446,0.0,0.23053493241956977,0.8262854806283436,-0.013453696727120316,-11.770752558139534,0.3387158331540709,0.5,-7.943295508277241,-0.6705230367630509,-0.9111949024469562,-0.05450741874249409,0.38302398943584476,0.34175560879982575,0.35726056103614373,-0.8569354341256878,3.875888337093062,"Furnishings, Fixtures & Appliances",Consumer Cyclical,PRPL
2022Q1,2022,Q1,2022-05-10,2022-03-31,-13631000.0,143179000.0,-18364000.0,-0.2,51626000.0,0.3605696366,640949000.0,225505000.0,210275000.0,111375000.0,414664000.0,105826000.0,-275327000.0,392289300.0,465109300.0,3.3628351576247426,1.8879910213243547,0.21143335897239873,0.6009534156670584,-0.03533021445111852,3.3628351576247426,-0.060446553291501295,2.7398522129641916,-7.194800454845573,1.7396035564621626,0.0,0.8651276623892049,0.0,0.22338594802394574,0.8233804713804714,-0.021266902670883332,-6.839193500584041,0.36056963660872055,0.375,-3.992675702983095,0.0,-0.8875333125672135,-0.20186138552633612,0.3734889920485361,0.3384011240407825,-12.192339467326791,-0.7846418975543742,40.46069572305974,"Furnishings, Fixtures & Appliances",Consumer Cyclical,PRPL
2021Q4,2021,Q4,2022-03-01,2021-12-31,-21757000.0,186431000.0,-27757000.0,-0.32,64683000.0,0.346954101,642470000.0,145773000.0,229502000.0,142014000.0,495929000.0,98690000.0,-261825000.0,882229410.0,975235410.0,2.1926357113848653,1.6160519385412706,0.28736283406229085,1.2665033991205505,-0.06016362325827754,2.1926357113848653,-0.1492526050777579,4.73220338892137,-10.137305350002299,6.05207692782614,-0.010019763754194052,1.2336406930793393,0.00024710126133745645,0.29017852973679703,0.8241863478248623,-0.033864616246672995,-18.933586788565542,0.34695410098106,-5.4,0.1950165923696004,0.0,-0.9267691866930702,0.05898821218074656,-11.021649009672961,-3.8390864714086472,-1.2799866770856267,-0.6984468482384686,28.944512835278115,"Furnishings, Fixtures & Appliances",Consumer Cyclical,PRPL
2021Q3,2021,Q3,2021-11-09,2021-09-30,2171000.0,170781000.0,-5736000.0,-0.05,61080000.0,0.3576510268,597940000.0,163938000.0,208286000.0,133375000.0,433090000.0,84045000.0,-240283000.0,1394361700.0,1433772700.0,2.4713650410793697,1.5616569821930646,0.20575141318526943,0.7504483402261831,0.09416522944183976,2.4713650410793697,0.013242811306713514,8.164618429450583,160.56675495163518,8.50542095182325,0.04790419161676647,1.3052650365875424,7.45860991448632e-05,0.2856156136067164,0.8336344892221181,0.0036307990768304514,-52.840749583143854,0.3576510267535616,-2.666666666666667,2.1633030670871167,0.0,-0.9222448975760069,-0.2522678027103456,-0.1578743211792087,-0.9630390143737166,1.349967839048697,-0.6932286432347765,66.69774951813845,"Furnishings, Fixtures & Appliances",Consumer Cyclical,PRPL
2021Q2,2021,Q2,2021-08-09,2021-06-30,2578000.0,182586000.0,-2922000.0,0.03,81687000.0,0.4473891755,579463000.0,160624000.0,216751000.0,120376000.0,417939000.0,64795000.0,-242454000.0,1750375570.0,1754885570.0,2.423525506585995,1.8006164019405861,0.1977537823812737,0.713411445363084,-0.01544766405421974,2.423525506585995,0.016049905369060664,9.586581501319927,169.7416185027153,10.897347656639107,0.11947245927075252,1.5572034879234509,0.00017596223649305162,0.3150951829538728,1.1230228617000066,0.004448946697200684,258.6634505689375,0.4473891755118136,-0.823529411764706,4.300718413412108,0.0,-0.9239934186858808,-0.0666902792376948,-0.8762005378409528,-1.171067267724372,1.4167219820231418,-0.6927113197096729,13.97564254988113,"Furnishings, Fixtures & Appliances",Consumer Cyclical,PRPL
2021Q1,2021,Q1,2021-05-17,2021-03-31,20824000.0,186429000.0,17081000.0,0.17,87524000.0,0.4694763154,566768000.0,156817000.0,217824000.0,114668000.0,409227000.0,63282000.0,-245032000.0,2044336800.0,2048014800.0,2.427808397324746,1.8996058185369937,0.1896596138102363,0.6854677745397502,0.04249602167585593,2.427808397324746,0.13279172538691597,10.965766055710217,24.543036880522475,13.036448854397163,0.026171724932769883,1.5629246863247053,0.0002665901235060681,0.3289335318860627,1.2682962988802455,0.03674166501990232,-94.01410899057255,0.4694763153801179,5.8022598870056505,41.28214020312113,0.0,-0.9239512968953212,0.06697549676947458,10.753629976580797,1.4924850430468408,2.893945205032719,-0.6029387437176111,10.111230030091267,"Furnishings, Fixtures & Appliances",Consumer Cyclical,PRPL
2020Q4,2020,Q4,2021-03-11,2020-12-31,-2135000.0,173889000.0,6853000.0,-0.0354,82030000.0,0.4717377177,554732000.0,159905000.0,229071000.0,132208000.0,394483000.0,65726000.0,-4561000.0,1988653679.9999998,1909112679.9999998,2.648661631219771,1.732656117632821,0.07826121442426252,0.271498702354523,0.005689155165091965,2.648661631219771,-0.01335167755855039,11.43633973396822,-232.86342857142856,12.436469653856976,-0.2252927400468384,1.3976052095061315,0.0002418721795742736,0.31346488033861397,1.1502027108798256,-0.003848705320767506,-98.15664758144125,0.4717377177394775,-0.34090909090909094,0.15356083946200225,0.0,-0.9163644905761936,-0.07052371563895121,-1.0890410958904109,-0.7109292613995866,0.5421771078981099,-0.3489755848375662,-0.8092408789122368,"Furnishings, Fixtures & Appliances",Consumer Cyclical,PRPL
2020Q3,2020,Q3,2020-11-10,2020-09-30,-1022000.0,187111000.0,23707000.0,-0.0264,88254000.0,0.4716665509,235558000.0,41520000.0,180955000.0,113522000.0,401066000.0,50775000.0,-2517000.0,1100452760.0,1046409760.0,0.9379659332218858,1.5940082098624055,0.1864169334091816,1.057610789980732,0.2544253335757002,0.9379659332218858,-0.024614643545279383,5.881283088647915,-269.190988258317,26.50416088631985,0.0,1.9469620876415559,0.0,0.7943309078868049,1.0557336903860044,-0.004338634221720341,2336.4177494692144,0.47166655087087345,0.7600000000000001,-0.05537117432531888,0.0,-0.9579065160133211,0.08113339295120726,0.4840989399293286,28.18692660550459,-1.067345867341587,-0.3396147375921422,-0.9600555459039268,"Furnishings, Fixtures & Appliances",Consumer Cyclical,PRPL
2020Q2,2020,Q2,2020-08-14,2020-06-30,-1981000.0,165096000.0,-872000.0,-0.11,81631000.0,0.4944456559,303395000.0,19095000.0,161622000.0,111218000.0,285926000.0,39821000.0,-1495000.0,526986000.0,469774000.0,0.6522184650066605,1.4532000215792407,0.12587550882512896,2.0,-0.0021484428998018936,0.6522184650066605,-0.10374443571615606,3.1919973833406017,-66.505047955578,27.598114689709348,0.0,2.096004620677532,0.0,0.5441619011519636,1.0288892085813448,-0.006529441816773513,7.635707661991423,0.4944456558608325,-1.141025641025641,0.0,0.0,176.6903986064146,0.5349366326952728,-1.224221844934918,-1.116189207195203,-4.950873957103025,0.06626509376888252,-0.978060692184835,"Furnishings, Fixtures & Appliances",Consumer Cyclical,PRPL
2020Q1,2020,Q1,2020-05-11,2020-03-31,8835000.0,122375000.0,7505000.0,0.78,53182000.0,0.4345822268,137910000.0,6446000.0,98480000.0,68200000.0,122796000.0,42112000.0,486000.0,128794000.0,139190000.0,0.28427783902976844,1.4439882697947215,0.2666521644550794,5.704933291964009,0.17614763127781477,0.28427783902976844,1.3706174371703381,1.0524535240040858,3.64442558007923,19.980452994104873,0.0,1.643070858662614,0.0,0.8873540714959032,0.7279765395894429,0.06406351968675222,-18.11703474468983,0.43458222676200203,1.8764044943820224,49.68401323043,0.0,-0.9910952771217708,-0.1022013640353839,1.6940843742634928,1.7142857142857142,10.570078372374688,0.0,-0.9904926095488987,"Furnishings, Fixtures & Appliances",Consumer Cyclical,PRPL
2019Q4,2019,Q4,2020-03-09,2019-12-31,-12729000.0,124300000.0,2765000.0,-0.89,59236000.0,0.4765567176,147724000.0,-2354000.0,114119000.0,86865000.0,152456000.0,47628000.0,-8349000.0,124047820.00000001,126055820.00000001,-0.16528577446987783,1.3137512231623785,0.24021824483496249,-15.074766355140186,0.08593597623106237,-0.16528577446987783,5.4073916737468135,0.9979711987127917,-2.436322963312122,-52.69661002548853,0.0,1.3660871756109851,0.0,0.8414340256153368,0.7157082829678236,-0.08616744740191168,56.51381321184511,0.4765567176186645,-45.596858638743456,-20.392263375930344,0.0,-1.0052191490922646,0.12013312406633511,-8.985570890840652,-0.7489330790883502,-1.1984765142559715,0.0,-1.0055203021777157,"Furnishings, Fixtures & Appliances",Consumer Cyclical,PRPL
2019Q3,2019,Q3,2019-11-06,2019-09-30,1594000.0,117406000.0,11013000.0,-0.0191,52883000.0,0.4504284278,125517000.0,1557000.0,97738000.0,67646000.0,117534000.0,34818000.0,-4196000.0,66474840.0,69776840.0,0.17637063887630267,1.4448452236643703,0.2756200355330354,22.219010918432883,-0.036437293606952414,0.17637063887630267,1.0237636480411048,0.5661962761698721,10.425790464240904,42.694181117533724,0.0,1.853150669194095,0.0,0.9353792713337635,0.8571090677941046,0.012699474971517802,6.016367092044529,0.4504284278486619,0.9745333333333334,9.25373658554386,0.0,-0.9920849421068433,0.2360750765490966,2.1913303437967113,5.664548919949174,7.418030486444083,0.0,-0.994450954487718,"Furnishings, Fixtures & Appliances",Consumer Cyclical,PRPL
2019Q2,2019,Q2,2019-08-13,2019-06-30,-1338000.0,103004000.0,-2361000.0,-0.75,42783000.0,0.4153528018,99736000.0,4579000.0,73631000.0,55904000.0,103099000.0,25057000.0,-5790000.0,55139640.0,68585640.0,0.5414449568404872,1.317097166571265,0.3379020614422074,7.35990390915047,-0.05301566663485044,0.5414449568404872,-0.29220353789036907,0.5353155217273116,-10.302623318385649,12.041851932736403,0.0,2.4033603384283833,0.0,1.0327665035694233,0.806740125930166,-0.013415416700088233,6.742435803374908,0.41535280183293855,-0.1194029850746268,0.0,0.0,146.51126404162235,0.25577504476210045,-9.292307692307693,-1.4921826141338337,-12.425429483606141,0.0,-0.9830192089881535,"Furnishings, Fixtures & Appliances",Consumer Cyclical,PRPL
2019Q1,2019,Q1,2019-05-07,2019-03-31,-130000.0,83648000.0,4797000.0,-0.67,34069000.0,0.4072900727,84440000.0,-719000.0,60179000.0,46824000.0,87098000.0,25341000.0,-4452000.0,40075750.0,60746750.0,-0.08521986488088183,1.285216982743892,0.38906916153481763,-45.692628650904034,1.169655459180501,-0.08521986488088183,0.1808066759388039,0.4790999187069625,-77.06875,-55.73817802503477,0.0,1.9564736987490627,0.0,0.9906205589767882,0.6806552195455322,-0.0015395547134059687,-4.315717208701271,0.4072900726855394,-3.7857142857142856,-0.925229097396805,0.0,-1.0026694282012074,0.26919494840368063,0.8926507018992568,1.9255257572834266,-0.925229097396805,0.0,-1.0026694282012074,"Furnishings, Fixtures & Appliances",Consumer Cyclical,PRPL
2018Q4,2018,Q4,2019-03-14,2018-12-31,-1211000.0,78457000.0,-5183000.0,-0.14,26843000.0,0.3421364569,71709000.0,-662000.0,47697000.0,48577000.0,73720000.0,22940000.0,-4322000.0,49693930.0,58872930.0,-0.07846390897238355,0.981884430903514,0.2985817679789148,-32.342900302114806,-0.055863703028863614,-0.07846390897238355,1.8293051359516617,0.6333906471060581,-10.258862510322048,-75.06635951661632,0.0,2.2499564080209242,0.0,1.094102553375448,0.462626345801511,-0.0168876988941416,11.99756880733945,0.3421364569127038,0.3,-2.4354966220220455,0.0,-1.0024776169673535,-0.045480406798947444,-0.5348542458808618,-0.5031902552204176,-2.4354966220220455,0.0,-1.0024776169673535,"Furnishings, Fixtures & Appliances",Consumer Cyclical,PRPL
2018Q3,2018,Q3,2018-11-14,2018-09-30,-789000.0,70806000.0,-3448000.0,-0.2,28122000.0,0.3971697314,70524000.0,308000.0,47392000.0,43106000.0,67294000.0,28680000.0,-3343000.0,45306690.0,58336690.0,0.03650586701434159,1.099429313784624,0.2934462027111338,67.19155844155844,-0.064139499429024,0.03650586701434159,-2.561688311688312,0.6398707736632488,-14.355731939163498,147.09964285714287,0.0,1.488284518828452,0.0,1.0039986387612727,0.37463462163039946,-0.011187680789518461,-16.427371283538797,0.3971697313786967,0.0,-3.274778003250305,0.0,-0.9983617111515878,-0.14882411695269226,-0.005095541401273885,0.0011587485515643105,-3.274778003250305,0.0,-0.9983617111515878,"Furnishings, Fixtures & Appliances",Consumer Cyclical,PRPL
2018Q2,2018,Q2,2018-08-09,2018-06-30,-785000.0,75397000.0,-3452000.0,-0.2,33039000.0,0.4382004589,76949000.0,1361000.0,56056000.0,43948000.0,66971000.0,33241000.0,-2213000.0,71485000.0,81073000.0,0.16183115338882284,1.275507417857468,0.26015932630703453,14.709037472446731,-0.062262815295411354,0.16183115338882284,-0.5767817781043351,0.948114646471345,-22.765923566878982,52.52387950036737,0.0,1.2742697271441894,0.0,0.9798307970214037,0.40204332392827885,-0.010201562073581203,-4.357512953367876,0.43820045890420045,0.19999999999999996,0.0,0.0,43.089279429250894,0.2514772727272727,0.45028011204481794,-0.18300205620287868,0.0,0.0,43.089279429250894,"Furnishings, Fixtures & Appliances",Consumer Cyclical,PRPL
2018Q1,2018,Q1,2018-05-15,2018-03-31,-1428000.0,60980000.0,-2918000.0,-0.25,26400000.0,0.4329288291,79250000.0,1833000.0,61799000.0,43517000.0,65244000.0,26579000.0,-1428000.0,68957580.0,61195580.0,0.21850041721301705,1.420111680492681,0.24114826498422712,10.42607746863066,-0.0724219986874471,0.21850041721301705,-0.779050736497545,1.1308228927517219,-12.072405462184875,37.620065466448445,0.0,1.301027126678957,0.0,0.7694637223974763,0.7067123193234828,-0.01801892744479495,-3.7706463254593174,0.432928829124303,-2.238341968911917,-20.268904768776157,0.0,-0.993155689973232,0.0,-1.2037037037037037,-2.6520650813516897,-20.268904768776157,0.0,-0.993155689973232,"Furnishings, Fixtures & Appliances",Consumer Cyclical,PRPL
2017Q4,2017,Q4,2018-02-01,2017-12-31,-648000.0,37115000.0,-799000.0,-0.0772,0.0,0.0,122281000.0,116480000.0,230000.0,1801000.0,5801000.0,0.0,-1827000.0,84309450.0,84689450.0,13.884849207295268,0.12770682953914492,0.004906731217441794,0.005151098901098901,-0.008069720872121875,13.884849207295268,-0.005563186813186813,2.2715734878081637,-32.52679398148148,0.7238105254120879,-0.7685185185185185,0.0,0.005906811158179776,0.303522215225587,0.12215435868961688,-0.005299269714837137,-21.087906453226612,0.0,-1.701818181818182,-0.8488353796638457,0.0,-0.5615648208751818,0.0,-1.3789473684210527,-1.4889840881272949,-0.8488353796638457,0.0,-0.5615648208751818,"Furnishings, Fixtures & Appliances",Consumer Cyclical,PRPL
2017Q3,2017,Q3,2017-11-09,2017-09-30,1710000.0,31927000.0,1634000.0,0.11,0.0,0.0,122142000.0,117127000.0,393000.0,1015000.0,5015000.0,0.0,-1179000.0,50029640.0,49655640.0,23.481756214915798,0.387192118226601,0.0,0.0,0.012965023844426025,23.481756214915798,0.014599537254433222,1.567000970965014,7.3142748538011695,0.4271401128689371,0.8192982456140351,0.0,0.02800339958472618,0.26139247760802997,0.36847290640394087,0.014000098246303484,-442.74017699115046,0.0,10.649122807017545,16.67091220270932,0.0,0.05380045714073027,0.0,31.0,7.642276422764228,16.67091220270932,0.0,0.05380045714073027,"Furnishings, Fixtures & Appliances",Consumer Cyclical,PRPL
2017Q2,2017,Q2,2017-08-08,2017-06-30,-57000.0,26512000.0,-246000.0,-0.0114,0.0,0.0,156002000.0,149028000.0,221000.0,2316000.0,6974000.0,0.0,-2890000.0,49879350.0,50931350.0,29.728306403351286,0.09542314335060449,0.007948616043384059,0.008320584051319215,-0.013330468610368521,29.728306403351286,-0.00038247846042354457,1.8813876735063368,-218.7690789473684,0.3346978420162654,0.0,0.0,0.0,0.169946539146934,0.08117443868739206,-0.0003653799310265253,-1187.6035714285715,0.0,0.7199017199017199,0.0,0.0,8098.179796529024,0.0,0.7192118226600985,0.21656050955414013,0.0,0.0,8098.179796529024,"Furnishings, Fixtures & Appliances",Consumer Cyclical,PRPL
2017Q1,2017,Q1,2017-05-09,2017-03-31,-203000.0,0.0,-314000.0,-0.0407,0.0,0.0,156017000.0,149085000.0,295000.0,2274000.0,6932000.0,0.0,-2833000.0,49860000.0,50848000.0,29.90072202166065,0.1297273526824978,0.007806841562137459,0.008169835999597546,-0.0027718300971036327,29.90072202166065,-0.0013616393332662575,0.0,-61.40394088669951,0.33444008451554486,0.0,0.0,0.0,0.0,0.1011433597185576,-0.0013011402603562432,-41.309030654515325,0.0,0.9007317073170731,-4.087107057656175,0.0,-0.06338937860727706,0.0,0.8998519980266404,0.855366190695532,-4.087107057656175,0.0,-0.06338937860727706,"Furnishings, Fixtures & Appliances",Consumer Cyclical,PRPL
2016Q4,2016,Q4,2017-03-14,2016-12-31,-2027000.0,0.0,-2171000.0,-0.41,0.0,0.0,155821000.0,149288000.0,278000.0,1875000.0,6533000.0,0.0,-2630000.0,49560840.0,49323840.0,29.941436020858404,0.14826666666666666,0.0,0.0,-0.014043528297660837,29.941436020858404,-0.013577782541128557,0.0,-6.112585101134681,0.33198140506939605,0.0,0.0,0.0,0.0,0.1264,-0.01300851618202938,-121.47264705882353,0.0,-13.590747330960852,-8.730494384275973,0.0,-0.054553731979886645,0.0,-14.126865671641792,-8.56387665198238,-8.730494384275973,0.0,-0.054553731979886645,"Furnishings, Fixtures & Appliances",Consumer Cyclical,PRPL
2016Q3,2016,Q3,2016-11-01,2016-09-30,-134000.0,0.0,-227000.0,-0.0281,0.0,0.0,156197000.0,151387000.0,717000.0,152000.0,4810000.0,0.0,-531000.0,47058440.0,46413440.0,31.783959689271466,4.717105263157895,0.0,0.0,-0.0004587925243290178,31.783959689271466,-0.0008851486587355585,0.0,-87.79559701492538,0.31084861976259526,0.0,0.0,0.0,0.0,4.243421052631579,-0.0008578909966260556,-361.988,0.0,-1.38135593220339,-0.28602327504942315,0.0,0.4263818661493977,0.0,-1.3928571428571428,-0.8760330578512396,-0.28602327504942315,0.0,0.4263818661493977,"Furnishings, Fixtures & Appliances",Consumer Cyclical,PRPL
2016Q2,2016,Q2,2016-08-01,2016-06-30,-56000.0,0.0,-121000.0,-0.0118,0.0,0.0,156276000.0,151521000.0,880000.0,97000.0,4755000.0,0.0,-397000.0,46569600.0,45794600.0,31.88573232323232,9.072164948453608,0.0,0.0,0.00012834147459050947,31.88573232323232,-0.00036958573399066796,0.0,-207.9,0.3073474963866395,0.0,0.0,0.0,0.0,7.989690721649485,-0.0003583403721620722,-394.6576271186441,0.0,-1.9007633587786257,0.0,0.0,8685.948914141414,0.0,-0.47368421052631576,0.12318840579710146,0.0,0.0,8685.948914141414,"Furnishings, Fixtures & Appliances",Consumer Cyclical,PRPL
2016Q1,2016,Q1,2016-05-04,2016-03-31,-38000.0,0.0,-138000.0,0.0131,0.0,0.0,156436000.0,151577000.0,1043000.0,201000.0,4859000.0,0.0,-341000.0,46625360.0,45732360.0,31.924389216512214,5.189054726368159,0.0,0.0,0.001485435750389849,31.924389216512214,-0.00025069766521306,0.0,-306.7457894736842,0.3076018129399579,0.0,0.0,0.0,0.0,4.442786069651741,-0.000242910838937329,-300.8087741935484,0.0,2.2718446601941746,0.0,0.0,0.0,0.0,0.81,0.31,0.0,0.0,0.0,"Furnishings, Fixtures & Appliances",Consumer Cyclical,PRPL
2015Q4,2015,Q4,2016-03-11,2015-12-31,-200000.0,0.0,-200000.0,-0.0103,0.0,0.0,156500000.0,151600000.0,1200000.0,200000.0,4900000.0,0.0,-300000.0,47391300.0,46391300.0,31.66910382285356,6.0,0.0,0.0,-0.0013192612137203166,31.66910382285356,-0.0013192612137203166,0.0,-59.239125,0.3126075197889182,0.0,0.0,0.0,0.0,5.0,-0.0012779552715654952,-592.3912499999999,0.0,0.5296803652968036,0.0,0.0,0.0,0.0,-0.3422818791946309,-0.3422818791946309,0.0,0.0,0.0,"Furnishings, Fixtures & Appliances",Consumer Cyclical,PRPL
2015Q3,2015,Q3,2015-11-03,2015-09-30,-149000.0,0.0,-149000.0,-0.0219,0.0,0.0,156522000.0,151769000.0,1272000.0,95000.0,4753000.0,0.0,-149000.0,64704500.0,63575500.0,22.282924680663633,13.389473684210527,0.0,0.0,-0.0009817551673925505,22.282924680663633,-0.0009817551673925505,0.0,-108.56459731543625,0.4263354176412838,0.0,0.0,0.0,0.0,11.884210526315789,-0.0009519428578730147,-323.5225,0.0,0.0,0.0,0.0,0.0,0.0,0.0,0.0,0.0,0.0,0.0,"Furnishings, Fixtures & Appliances",Consumer Cyclical,PRPL
2015Q2,2015,Q2,2015-09-10,2015-06-30,0.0,0.0,0.0,0.0,0.0,0.0,26000.0,25000.0,25000.0,1000.0,1000.0,0.0,0.0,64704500.0,64824500.0,0.003670532961385993,25.0,5.576923076923077,5.8,,0.003670532961385993,0.0,0.0,0.0,2588.18,0.0,0.0,,0.0,25.0,0.0,0.0,0.0,0.0,0.0,0.0,0.0,0.0,0.0,0.0,0.0,0.0,0.0,"Furnishings, Fixtures & Appliances",Consumer Cyclical,PRPL
