Quarters,Year,Quarter,FillingDate,Date,NetIncome,Revenue,OperatingIncome,EPSDiluted,GrossProfit,GrossProfitRatio,TotalAssets,CommonStockEquity,CurrentAssets,CurrentLiability,TotalLiability,Inventory,RetainedEarnings,MarketCap,EnterpriseValue,bookValuePerShare,currentRatio,debtToAssets,debtToEquity,roic,shareholdersEquityPerShare,roe,priceToSalesRatio,peRatio,pbRatio,payoutRatio,inventoryTurnover,dividendYield,assetTurnover,quickRatio,returnOnAssets,priceToFreeCashFlowsRatio,grossProfitMargin,epsdilutedGrowth,fiveYNetIncomeGrowthPerShare,fiveYRevenueGrowthPerShare,fiveYShareholdersEquityGrowthPerShare,grossProfitGrowth,netIncomeGrowth,operatingIncomeGrowth,threeYNetIncomeGrowthPerShare,threeYRevenueGrowthPerShare,threeYShareholdersEquityGrowthPerShare,Industry,Sector,Symbol
2023Q1,2023,Q1,2023-05-05,2023-03-31,14162000.0,84628000.0,53513000.0,0.15,-10727000.0,-0.1267547384,6170249000.0,1737506000.0,430324000.0,12109000.0,4346957000.0,0.0,-1079047000.0,909487440.0000001,3251115440.0,19.02781610705916,35.537534065571066,0.4164144753315466,1.4787753250924025,0.012387750353052226,19.02781610705916,0.008150763220386001,10.746885664319139,16.055067080920775,0.5234442010559964,3.4000847337946616,0.0,0.05294410662779466,0.013715491870749462,41.86877529110579,0.002295207211248687,-79.75161697649949,-0.12675473838445905,1.319148936170213,-0.4134307280953723,1.5478208366803476,1.2458952513161141,0.8240927502008822,1.3276951199759355,2.267209737384262,1.0924965056560016,0.5441509590552598,2.3363108427709367,REIT—Mortgage,Real Estate,NYMT
2022Q4,2022,Q4,2023-02-24,2022-12-31,-43217000.0,25829000.0,-42229000.0,-0.47,-60981000.0,-2.3609508692,6240745000.0,1767216000.0,409903000.0,97384000.0,4376634000.0,0.0,-1052768000.0,947694080.0,3342784080.0,19.095077432582464,4.209141132013473,0.43860019917493825,1.5488723506351232,-0.009535011041465527,19.095077432582464,-0.02445484875646214,36.69108676294088,-5.482183400050906,0.5362638636137291,-1.1097253395654487,0.0,0.050605993022558506,0.004138768688674189,4.303109340343383,-0.006924974502242921,-218.41301682415303,-2.3609508691780556,0.624,-2.7063003349623185,-0.19876496724017073,1.1980268941266872,-0.5453094115858294,0.6334249410487387,0.5926751162297201,-2.96195124540723,0.1493893171034866,1.381728340796243,REIT—Mortgage,Real Estate,NYMT
2022Q3,2022,Q3,2022-11-04,2022-09-30,-117894000.0,14221000.0,-103674000.0,-1.25,-39462000.0,-2.7749103439,6769469000.0,1917506000.0,457962000.0,97210000.0,4787563000.0,0.0,-965788000.0,882362520.0,3026861520.0,20.3406828295472,4.7110585330727295,0.3836320101325525,1.3543556056669444,-0.022856611469757083,20.3406828295472,-0.061482988840712884,62.04644680402222,-1.8710929309379611,0.46016154317118174,-0.4116579300049197,0.0,0.055002336227971245,0.0021007556131802953,5.504804032506944,-0.01741554618242583,-49.26647236180904,-2.7749103438576754,-0.31578947368421056,-6.025149943114147,-0.5519964868825286,1.7027249342579605,0.115796549406229,-0.29813473100046245,-0.11714060967856643,-8.073529430522278,-0.2857852156708146,1.576765259731333,REIT—Mortgage,Real Estate,NYMT
2022Q2,2022,Q2,2022-08-04,2022-06-30,-90818000.0,26129000.0,-92803000.0,-0.95,-44630000.0,-1.7080638371,7299536000.0,2092991000.0,547610000.0,97039000.0,5135364000.0,0.0,-802448000.0,1052111999.9999999,3855430000.0,21.962130115424973,5.643195004070528,0.45310564945497905,1.580255720163154,-0.017172748993193324,21.962130115424973,-0.043391490933310274,40.266064526005586,-2.896210002422427,0.5026834802443011,-0.5353344050738841,0.0,0.04620990921118664,0.0035795425901043575,6.520646338070261,-0.012441612727165124,-34.60894736842105,-1.7080638371158483,-0.02150537634408592,-8.435967842094046,0.2684111586153863,1.9303499973183837,-2.4936912212590783,-0.023658968202977942,-0.01613945187180414,-9.412246137173803,0.6696417312816338,1.884408947052934,REIT—Mortgage,Real Estate,NYMT
2022Q1,2022,Q1,2022-05-05,2022-03-31,-88719000.0,29879000.0,-91329000.0,-0.93,29879000.0,1.0,6541752000.0,2217618000.0,449542000.0,8125000.0,4238390000.0,0.0,-681915000.0,1389901750.0,4209499750.0,23.294612586824933,55.32824615384615,0.4774500775938923,1.4084301263788443,-0.01706575097486542,23.294612586824933,-0.04000643934167201,46.51767964121959,-3.916584243510409,0.6267543598581902,-0.5415750853819362,0.0,0.034569349955851196,0.004567430865615205,65.21156923076923,-0.013561963217193192,-21.402860332614722,1.0,-11.14176663031625,-6.4278310333932,0.15211629889861936,2.0791607315367524,-0.48687961531856433,-3.5435493119266055,-2.5509985734664764,-4.682660422161737,-0.06993494595201843,1.946164086133102,REIT—Mortgage,Real Estate,NYMT
2021Q4,2021,Q4,2022-02-25,2021-12-31,34880000.0,58230000.0,58884000.0,0.0917,58230000.0,1.0,5617339000.0,2341031000.0,529233000.0,137898000.0,3276308000.0,0.0,-559338000.0,5644668480.0,8004143480.0,6.1712289044829785,3.837858417090893,0.47158930589732967,1.1315856133472817,0.011419706781524002,6.1712289044829785,0.014899418247772028,96.93746316331787,40.45777293577982,2.4111891213743006,0.0,0.0,0.0,0.010366118192261495,3.556585302179872,0.006209345741818324,199.31738983050846,1.0,-0.08300000000000002,-0.2164018055795534,-0.16938503307739816,-0.20020524113948807,0.0,-0.32371645726694587,0.0,0.4257211859278322,-0.10668655800682708,-0.22102290402972605,REIT—Mortgage,Real Estate,NYMT
2021Q3,2021,Q3,2021-11-04,2021-09-30,51576000.0,74011000.0,0.0,0.1,0.0,0.0,4912809000.0,2357793000.0,0.0,0.0,2550390000.0,0.0,-543756000.0,6464890800.0,8150683800.0,6.2146127387024075,0.0,0.42635038325324676,0.8883638215907843,0.0,6.2146127387024075,0.021874693834446027,87.35040466957615,31.33672056770591,2.741924672776618,0.9419303552039708,0.0,0.007514589418896296,0.015064904823289487,0.0,0.010498270948453318,-989.8776297657326,0.0,-0.09090909090909087,-0.35984565584490563,-0.3357060243995077,-0.2082129987943068,0.0,-0.03125469571750564,0.0,-0.47015019330931257,-0.40020787647888717,-0.25710867851489366,REIT—Mortgage,Real Estate,NYMT
2021Q2,2021,Q2,2021-08-06,2021-06-30,53240000.0,61994000.0,0.0,0.11,0.0,0.0,4780927000.0,2321161000.0,0.0,0.0,2454568000.0,0.0,-542600000.0,6781866120.0,8366719120.0,6.119607486442095,0.0,0.3994580967247565,0.8227692951932244,0.0,6.119607486442095,0.022936797576729923,109.39552408297577,31.845727460555974,2.9217560177859268,0.9057663410969196,0.0,0.0071105797647329555,0.012966941348403772,0.0,0.011135915691663981,145.0728612988791,0.0,0.0,0.06465782424311481,-0.32958910418980886,-0.22447303648975186,0.0,0.019767085504137298,0.0,-0.45539504159585387,-0.4920285295110155,-0.30603444981925576,REIT—Mortgage,Real Estate,NYMT
2021Q1,2021,Q1,2021-05-07,2021-03-31,52208000.0,65166000.0,0.0,0.11,0.0,0.0,4726174000.0,2308853000.0,0.0,0.0,2411823000.0,0.0,-547491000.0,6774392280.0,8190479280.0,6.0938738020645005,0.0,0.36119364204534155,0.7393558619799528,0.0,6.0938738020645005,0.022612093537353828,103.95593223460087,32.43943591020533,2.9340942364022307,0.921410511798958,0.0,0.007101005966545534,0.01378832010840058,0.0,0.01104656747720249,278.59813620661293,0.0,-0.38888888888888884,-0.11066749278975031,-0.2722782366651134,-0.23808470129020481,0.0,-0.35080018403611085,0.0,-0.4788457124344619,-0.527164133389184,-0.2807265869518852,REIT—Mortgage,Real Estate,NYMT
2020Q4,2020,Q4,2021-02-26,2020-12-31,80419000.0,81099000.0,0.0,0.18,0.0,0.0,4655587000.0,2301202000.0,0.0,0.0,2348014000.0,0.0,-551268000.0,5575501440.0,7086303440.0,6.091961751874285,0.0,0.3874881942921483,0.7839316148690988,0.0,6.091961751874285,0.03494651925385081,68.74932415936078,17.332662181822705,2.4228648506302357,0.4803342493689302,0.0,0.006928166087963561,0.017419715279727348,0.0,0.017273654213743616,164.19299231380865,0.0,-0.21739130434782614,4.536226413748436,0.7227406286856901,-0.24309696751878934,0.0,-0.20879369545754173,0.0,-0.2220885487764456,-0.38363428550002143,-0.2987566656439648,REIT—Mortgage,Real Estate,NYMT
2020Q3,2020,Q3,2020-11-06,2020-09-30,101641000.0,106250000.0,0.0,0.23,0.0,0.0,4621113000.0,2253383000.0,0.0,0.0,2367730000.0,0.0,-583616000.0,3852988799.9999995,4818477800.0,5.965370727265026,0.0,0.34955020576211837,0.7168381939510505,0.0,5.965370727265026,0.04510595846334156,36.26342399999999,9.476955165730365,1.7098685842575363,0.3884259304808099,0.0,0.010246590906259578,0.022992296444601115,0.0,0.021994917674594845,101.0222548505506,0.0,-0.1785714285714286,0.14845536655947647,-0.22345714072386103,-0.28334165527816635,0.0,-0.13726838294585486,0.0,0.08118467179137182,-0.16467813257026384,-0.20736406236807572,REIT—Mortgage,Real Estate,NYMT
2020Q2,2020,Q2,2020-08-07,2020-06-30,117813000.0,130606000.0,0.0,0.28,0.0,0.0,4616730000.0,2164705000.0,0.0,0.0,2453789000.0,0.0,-646629000.0,3940734600.0,4982085600.0,5.734849588703589,0.0,0.30607118025095686,0.6527670052039424,0.0,5.734849588703589,0.054424505879554025,30.172691913082094,8.362266048738254,1.8204487909438005,0.0,0.0,0.0,0.028289720213224512,0.0,0.025518711295657318,215.51734208367515,0.0,1.1637426900584795,0.3844072929968114,0.07821141318573055,-0.3125849199845032,0.0,1.2002318217895487,0.0,1.4354263279243844,0.6007245516450087,-0.2348139097365642,REIT—Mortgage,Real Estate,NYMT
2020Q1,2020,Q1,2020-05-26,2020-03-31,-588383000.0,210613000.0,0.0,-1.71,0.0,0.0,4718301000.0,2001339000.0,0.0,1464477000.0,2717850000.0,0.0,-724962000.0,2175654400.0,4142934400.0,5.703250387561554,0.0,0.26545254319298406,0.6258235111592788,0.0,5.703250387561554,-0.2939946705680547,10.330104979274784,-0.9244209978874305,1.08709938696043,-0.11633408851037505,0.0,0.03146133871261906,0.0446374659013912,1.0586810171822432,-0.12470230279924914,107.88190608419696,0.0,-9.549999999999999,-8.512822914960847,0.8053202224820051,-0.27841921120720353,-1.0,-9.985415839467334,-1.0,-10.765687528728336,1.2031723003447703,-0.24612506131852763,REIT—Mortgage,Real Estate,NYMT
2019Q4,2019,Q4,2020-02-28,2019-12-31,65482000.0,66803000.0,215.0,0.2,66803000.0,1.0,23483369000.0,2205733000.0,23458147000.0,3281972000.0,21278340000.0,0.0,-148863000.0,6856015320.0,42550625320.0,8.017319652080358,7.1475768227151235,1.5250526021202495,16.236495078960147,5.669989144363235e-09,8.017319652080358,0.029687183353560926,102.63035073275152,26.175190586726124,3.108270729050161,0.9020646895330015,0.0,0.008615645858854352,0.0028446940470934984,0.6990056587929452,0.0027884414710683124,785.9698865069357,1.0,0.3333333333333335,-0.453830878198959,-0.5975688732678053,-0.055842048437896794,0.0,0.5824935353681819,0.0,1.028386229422965,0.31389510986178276,0.03904916461374793,REIT—Mortgage,Real Estate,NYMT
2019Q3,2019,Q3,2019-11-07,2019-09-30,41379000.0,49434000.0,0.0,0.15,0.0,0.0,19759249000.0,1847508000.0,1969918000.0,2713093000.0,17912250000.0,0.0,-145896000.0,5701287480.0,22738047480.0,7.893882748042026,0.7260783172563565,0.7691915821294625,8.226566813242487,0.0,7.893882748042026,0.02239719665625264,115.33129991503823,34.445536866526496,3.0859338525191773,1.1699654414074772,0.0,0.008491415346064957,0.002501815731964307,0.8018766772830861,0.0020941585381104313,293.6839993818575,0.0,0.8749999999999999,-0.5963956056796746,-0.6574517988668644,0.010559006018251728,0.0,0.8200571805586101,0.0,-0.1674449154231557,-0.2807402766006229,0.005738251398524156,REIT—Mortgage,Real Estate,NYMT
2019Q2,2019,Q2,2019-08-06,2019-06-30,22735000.0,32956000.0,0.0,0.08,0.0,0.0,18265484000.0,1528078000.0,1878869000.0,2738575000.0,16737802000.0,0.0,-128207000.0,4961081520.0,20568788520.0,7.614083342053206,0.6860754224368513,0.7664089820997899,9.161070966272664,0.0,7.614083342053206,0.014878167213977297,150.53651899502367,54.5533485814823,3.246615369110739,1.9129535957774357,0.0,0.008766435267122964,0.0018042774010258913,0.7356771313548104,0.0012446973756622052,-4039.968664495114,0.0,-0.6190476190476191,-0.6802934827727394,-0.6368672409864331,-0.01637933618046599,0.0,-0.4849226307800358,0.0,-0.14074758270618373,-0.3264347086353681,-0.03508077155948836,REIT—Mortgage,Real Estate,NYMT
2019Q1,2019,Q1,2019-05-07,2019-03-31,44139000.0,58860000.0,0.0,0.21,0.0,0.0,17555141000.0,1379105000.0,1649365000.0,2399307000.0,16175689000.0,0.0,-102530000.0,4283779760.0,19579114760.0,7.9067600804948945,0.6874339132091059,0.7847689175495657,9.989615729041661,0.0,7.9067600804948945,0.03200553982474141,72.77913285762827,24.263008677133598,3.106202761936183,0.8392351435238677,0.0,0.008647269952085493,0.0033528639844020622,0.7424889770254495,0.0025143062080788758,531.1568208307501,0.0,9.5,-0.16981882848072083,-0.2558995521944348,0.041091258332312024,0.0,3.597333611082179,0.0,0.6332537169470683,0.4278040573454533,-0.011420048358069375,REIT—Mortgage,Real Estate,NYMT
2018Q4,2018,Q4,2019-02-25,2018-12-31,9601000.0,25581000.0,0.0,0.02,0.0,0.0,14737638000.0,1179389000.0,1657876000.0,1645709000.0,13557345000.0,0.0,-103178000.0,3507400760.0,16240540760.0,7.922221251956392,1.0073931661065232,0.7684143144240617,9.602100748777545,0.0,7.922221251956392,0.00814065588198635,137.1096032211407,91.32904801583167,2.973913407705176,3.5587959587542963,0.0,0.009741686889524424,0.001735759827999575,1.05170294383758,0.0006514612450109034,708.5658101010101,0.0,-0.9,-0.8231016695799559,-0.6354626824153505,0.052772366817529295,0.0,-0.717393224030848,0.0,0.6771005970000361,0.378825745258449,-0.01569419936886228,REIT—Mortgage,Real Estate,NYMT
2018Q3,2018,Q3,2018-11-06,2018-09-30,33973000.0,43066000.0,0.0,0.2,0.0,0.0,12326911000.0,1107693000.0,1377159000.0,1219841000.0,11218222000.0,0.0,-75736000.0,3199098080.0,14250966080.0,8.365439949249696,1.128965988190264,0.7968055419561316,8.867214110768959,0.0,8.365439949249696,0.03067005027566302,74.28361305902568,23.541474700497453,2.888072850510024,0.9062490801518853,0.0,0.009623962513834525,0.003493657088949535,1.186480861030249,0.0027560027001087297,393.00959213759216,0.0,0.0,-0.1103272919100661,-0.1330152520684927,0.11651162792984965,0.0,0.14410318582878695,0.0,0.09508048841303117,-0.10207931269129716,0.004994093577117886,REIT—Mortgage,Real Estate,NYMT
2018Q2,2018,Q2,2018-08-06,2018-06-30,29694000.0,37070000.0,0.0,0.2,0.0,0.0,11640873000.0,1015967000.0,1406915000.0,83000000.0,10624672000.0,0.0,-75541000.0,2769672440.0,13144293440.0,8.818315959413598,16.95078313253012,0.7876834495144823,9.025217354500688,0.0,8.818315959413598,0.029227327265550947,74.71465983274885,23.318451875799823,2.7261440972000073,0.9546709773018118,0.0,0.010235145351700867,0.0031844690685999236,17.758373493975903,0.0025508396148639367,776.4711073731427,0.0,0.0,0.2769617995013752,0.10828408816379954,0.09843299076130366,0.0,0.0025660071578094404,0.0,0.14319972105089834,0.0026425336527439954,0.05701871986019452,REIT—Mortgage,Real Estate,NYMT
2018Q1,2018,Q1,2018-05-08,2018-03-31,29618000.0,40747000.0,0.0,0.2,0.0,0.0,11765879000.0,949046000.0,1499270000.0,83000000.0,10815092000.0,0.0,-74447000.0,2657066960.0,13289091960.0,8.472263386241497,18.063493975903615,0.7901789573052723,9.796311243079893,0.0,8.472263386241497,0.031208181689823256,65.2088978329693,22.42780538861503,2.7997241018875796,0.9577621716523735,0.0,0.010676057633112869,0.0034631496720304534,18.854180722891567,0.0025172789895255595,376.1952371513521,0.0,-0.04761904761904753,-0.14728312921106107,-0.08543474279894855,0.27970777369576594,0.0,-0.03259733472694016,0.0,0.1847021324349251,0.09414559800037837,0.07191900787618849,REIT—Mortgage,Real Estate,NYMT
2017Q4,2017,Q4,2018-02-27,2017-12-31,30616000.0,38967000.0,0.0,0.21,0.0,0.0,12056285000.0,971865000.0,1541881000.0,86000000.0,11080284000.0,0.0,-75717000.0,2760976280.0,13651043280.0,8.687372062464803,17.9288488372093,0.7939574255253588,9.849286680763274,0.0,8.687372062464803,0.03150231770873527,70.85421715810814,22.5452074078913,2.8409051462908943,0.8360334465638881,0.0,0.009270633791899147,0.0032320901504899724,18.90806976744186,0.002539422384258501,907.6187639710716,0.0,0.0,0.4053468875878632,0.3540537154020551,0.30089623634339224,0.0,0.0995151732806608,0.0,-0.3719996610419762,-0.42270367741826675,0.02306653182105159,REIT—Mortgage,Real Estate,NYMT
2017Q3,2017,Q3,2017-11-07,2017-09-30,27845000.0,37675000.0,0.0,0.21,0.0,0.0,10264922000.0,842053000.0,777322000.0,258000000.0,9418917000.0,0.0,-77966000.0,2752395600.0,11721124600.0,7.525990740575228,3.012875968992248,0.8179771848242003,9.971429351834148,0.0,7.525990740575228,0.03306798978211585,73.05628666224287,24.711757945771236,3.2686726369955337,0.9194828514993715,0.0,0.00930207852388661,0.0036702665641297617,3.4932945736434107,0.0027126362967005496,180.00102020796547,0.0,1.0999999999999999,-0.16526698535488943,-0.25919574758643826,-0.1002940344050055,0.0,0.9423130580357143,0.0,-0.4318761442283016,-0.45390385916348347,-0.03653778946935811,REIT—Mortgage,Real Estate,NYMT
2017Q2,2017,Q2,2017-08-07,2017-06-30,14336000.0,24180000.0,0.0,0.1,0.0,0.0,10406574000.0,838381000.0,822270000.0,246000000.0,9563131000.0,0.0,-80217000.0,2783151440.0,11939534440.0,7.4947122819877885,3.3425609756097563,0.8159141519581756,10.127699697392952,0.0,7.4947122819877885,0.01709962415655889,115.1013829611249,48.534309430803575,3.319673799859491,1.7852957589285714,0.0,0.009196050071928533,0.002323531260143828,4.0169349593495935,0.0013775907421597156,776.9825348967057,0.0,-0.28571428571428575,-0.6192469301718626,-0.575637746327126,0.012331060418065398,0.0,-0.25263267646752163,0.0,-0.6383187808653923,-0.5219991527776099,-0.031800213004060794,REIT—Mortgage,Real Estate,NYMT
2017Q1,2017,Q1,2017-05-09,2017-03-31,19182000.0,30435000.0,0.0,0.14,0.0,0.0,10449586000.0,845197000.0,908371000.0,214000000.0,9596840000.0,0.0,-68949000.0,2757274280.0,12033472280.0,7.5652473572560215,4.24472429906542,0.81488338389674,10.074803862294825,0.0,7.5652473572560215,0.0226953006222218,90.59550780351569,35.93569857157752,3.2622859286059938,1.5628714419768532,0.0,0.010872694173899886,0.0029125555787569,5.126957943925234,0.0018356708103077002,387.20324111782054,0.0,0.5555555555555558,-0.5883893660497665,-0.5474865554463186,0.15161960619067588,0.0,0.4873226331705048,0.0,-0.4367408777522937,-0.3993125313243152,-0.0038760743239988093,REIT—Mortgage,Real Estate,NYMT
2016Q4,2016,Q4,2017-02-28,2016-12-31,12897000.0,20312000.0,0.0,0.09,0.0,0.0,8951631000.0,848075000.0,0.0,0.0,8100469000.0,0.0,-62537000.0,2901650400.0,9738522400.0,7.716015685418202,0.0,0.7730910713366089,8.160158004893436,0.0,7.716015685418202,0.015207381422633611,142.8539976368649,56.24661549197488,3.4214549420746985,2.2890594711948515,0.0,0.010174209822106758,0.002269083701059617,0.0,0.0014407430333086787,314.0314285714286,0.0,-0.5,1.8681452587152823,0.14464042226280746,0.2665492573053306,0.0,-0.4457194430118618,0.0,-0.678141553629213,-0.6079458005518388,0.025370011413512982,REIT—Mortgage,Real Estate,NYMT
2016Q3,2016,Q3,2016-11-03,2016-09-30,23268000.0,32176000.0,0.0,0.18,0.0,0.0,9361326000.0,859990000.0,0.0,0.0,8498246000.0,0.0,-45456000.0,2638421520.0,9860421520.0,7.848844107366134,0.0,0.7784454894530967,8.473682252119211,0.0,7.848844107366134,0.027056128559634414,81.99967429139731,28.348176895306857,3.067967674042721,1.268738181193055,0.0,0.011188886906895757,0.0034371199122859306,0.0,0.0024855453169775306,128.1533670099087,0.0,0.7999999999999998,158.7971433525906,3.502243534856588,0.15968578311310014,0.0,0.6119154832005542,0.0,-0.26362616031045094,-0.2171980446575796,0.04756304089768297,REIT—Mortgage,Real Estate,NYMT
2016Q2,2016,Q2,2016-08-05,2016-06-30,14435000.0,26693000.0,0.0,0.1,0.0,0.0,9388142000.0,863967000.0,0.0,0.0,8521099000.0,0.0,-39202000.0,2671531600.0,9995016600.0,7.890902282421065,0.0,0.7853977922362061,8.534383836419678,0.0,7.890902282421065,0.01670781407160227,100.08360244258795,46.26829927260132,3.0921685666234935,2.0425355039833737,0.0,0.011036365806041748,0.002843267602897357,0.0,0.0015375779360814951,486.1749954504095,0.0,-0.23076923076923075,-0.7012497212212461,-0.7080564689314436,-0.08485024169768336,0.0,-0.14842782136747096,0.0,-0.34679508113742447,-0.16025127052305493,-0.017088134086165205,REIT—Mortgage,Real Estate,NYMT
2016Q1,2016,Q1,2016-03-31,2016-03-31,16951000.0,25857000.0,0.0,0.13,0.0,0.0,9252944000.0,875008000.0,0.0,0.0,8377936000.0,0.0,-24115000.0,2074261920.0,9230117920.0,7.998098755050182,0.0,0.777675407956646,8.223681383484493,0.0,7.998098755050182,0.01937239430953774,80.22051746142243,30.592028788862017,2.370563377706261,1.7391894283523095,0.0,0.014212766341484976,0.0027944619571889768,0.0,0.0018319574829373225,111.99513633173154,0.0,12.0,-0.4186273146135285,-0.5216744214822419,0.05947206971378539,0.0,3.029236985975755,0.0,-0.5003026992849332,-0.40576291963690947,0.20808675143948077,REIT—Mortgage,Real Estate,NYMT
2015Q4,2015,Q4,2016-02-25,2015-12-31,4207000.0,13634000.0,0.0,0.01,0.0,0.0,9059564000.0,880526000.0,830879000.0,289000000.0,8179038000.0,0.0,-11583000.0,2332450640.0,10134084640.0,8.048536589824684,2.8750138408304498,0.7834967554730007,8.061248617303749,0.0,8.048536589824684,0.004777825981288457,171.07603344579726,138.60533872117898,2.648928753949344,7.007844069408129,0.0,0.012639924504468828,0.0015049289347699294,3.6212560553633217,0.0004643711330920561,303.30957607282187,0.0,-0.95,-0.6436725277970338,-0.6510631375992932,0.1085584950693743,0.0,-0.8358692259675405,0.0,-0.8025305767695692,-0.5155438538639077,0.20523339883342687,REIT—Mortgage,Real Estate,NYMT
2015Q3,2015,Q3,2015-11-05,2015-09-30,25632000.0,39627000.0,0.0,0.2,0.0,0.0,9361810000.0,910648000.0,858508000.0,353000000.0,8451162000.0,0.0,13692000.0,2402467920.0,10378888920.0,8.323869764720937,2.4320339943342777,0.7825823211537085,8.04524580298864,0.0,8.323869764720937,0.028146989835809225,60.62704519645696,23.432310393258426,2.6381960098742874,1.2728230337078652,0.0,0.013579785906152702,0.004232835317102141,3.2185099150141645,0.002737932087918896,177.605375914837,0.0,0.0,0.40025424664948295,-0.16429070717303554,0.16282734570226676,0.0,0.04063984409889976,0.0,-0.21416141475641987,-0.20312190868278024,-0.004910377609257166,REIT—Mortgage,Real Estate,NYMT
2015Q2,2015,Q2,2015-08-06,2015-06-30,24631000.0,35060000.0,0.0,0.2,0.0,0.0,9405444000.0,911449000.0,876514000.0,370000000.0,8493995000.0,0.0,17541000.0,3268819840.0,11239934840.0,8.342629883205799,2.3689567567567567,0.7763630297517055,8.011461968799132,0.0,8.342629883205799,0.0270240024400707,93.23502110667427,33.17790426698064,3.5863990634692677,1.242336892533799,0.0,0.009361176662461765,0.003727628382030662,3.1062675675675675,0.002618802472270315,358.1483335159417,0.0,-0.04761904761904753,0.3771240770217077,-0.2407319327270246,0.20978601250004497,0.0,0.046213311812428326,0.0,-0.3301855202668214,-0.3699871194661858,0.12686158435173508,REIT—Mortgage,Real Estate,NYMT
2015Q1,2015,Q1,2015-05-07,2015-03-31,23543000.0,35070000.0,0.0,0.21,0.0,0.0,9584793000.0,833759000.0,915434000.0,403000000.0,8751034000.0,0.0,25536000.0,3274347520.0,11516512520.0,7.903827923555286,2.2715483870967743,0.7814837524399327,8.983843052968544,0.0,7.903827923555286,0.028237176450269203,93.36605417735957,34.769862804230556,3.9272110046188407,1.2670008070339378,0.0,0.009109906574608183,0.0036589209594823802,2.823684863523573,0.0024562867450554225,546.4531909212283,0.0,-0.5,-0.2121716495574449,-0.2571625087105757,0.14756962636887871,0.0,-0.4391318848866019,0.0,-0.4649599917156163,-0.4477627436069961,0.203160025163414,REIT—Mortgage,Real Estate,NYMT
2014Q4,2014,Q4,2015-02-27,2014-12-31,41976000.0,58118000.0,0.0,0.42,0.0,0.0,10540005000.0,817927000.0,922045000.0,360000000.0,9722078000.0,0.0,32593000.0,2970601320.0,12221716320.0,8.491502548716298,2.561236111111111,0.8037445902539895,10.3572470403838,0.0,8.491502548716298,0.05131998332369515,51.113275061082625,17.69226057747284,3.6318660711775013,0.6179245283018868,0.0,0.00873156550001129,0.005514039129962462,3.2036944444444444,0.003982540805246297,333.8129362849758,0.0,0.0,-0.020941904040579794,-0.1369230379927782,0.2696742344263117,0.0,0.056664568911264944,0.0,4.224154968904285,2.737130041538889,0.3938419366886035,REIT—Mortgage,Real Estate,NYMT
2014Q3,2014,Q3,2014-11-06,2014-09-30,39725000.0,55917000.0,0.0,0.42,0.0,0.0,10052252000.0,708377000.0,949864000.0,280000000.0,9343875000.0,0.0,20445000.0,2622610200.0,11960451200.0,7.811402106191763,3.3923714285714284,0.8391874775920858,11.908523286329173,0.0,7.811402106191763,0.05607889584218573,46.901840227480015,16.504784140969164,3.702280282956674,0.6529137822529893,0.0,0.00988976554731618,0.005562634124174364,4.041721428571429,0.00395185078925598,215.76389962978197,0.0,0.23529411764705868,0.43216666552638633,0.1502984611132287,0.26354792362447715,0.0,0.25003933415148366,0.0,326.50392383892967,8.453508816702222,0.15415363648625202,REIT—Mortgage,Real Estate,NYMT
2014Q2,2014,Q2,2014-08-07,2014-06-30,31779000.0,40557000.0,0.0,0.34,0.0,0.0,10238064000.0,694248000.0,989453000.0,271000000.0,9543816000.0,0.0,6658000.0,2801790640.0,12328847640.0,7.7408737149610864,3.6511180811808117,0.8404595829836579,12.394243843698506,0.0,7.7408737149610864,0.04577470874961109,69.08278817466775,22.0412114918657,4.035720146114933,0.6889455300670254,0.0,0.007814288365243451,0.003961393482205229,4.621649446494465,0.003104004819661217,473.6755097210482,0.0,0.17241379310344845,0.2965896170612995,-0.019630853205941285,0.5832022432670746,0.0,0.39927788296420236,0.0,-0.197070170998824,-0.45848171313328157,-0.10224984979513867,REIT—Mortgage,Real Estate,NYMT
2014Q1,2014,Q1,2014-05-08,2014-03-31,22711000.0,33789000.0,0.0,0.29,0.0,0.0,10071964000.0,565842000.0,1018032000.0,265000000.0,9506122000.0,0.0,817000.0,2318595600.0,11722612600.0,7.594684920475136,3.8416301886792454,0.8412537018599352,14.97428080630282,0.0,7.594684920475136,0.040136645918825396,68.619834857498,25.52282594337546,4.097602510948286,0.8255030601910969,0.0,0.008085929258211307,0.0033547578208182635,4.754777358490566,0.0022548730317145695,219.1075033075033,0.0,-0.14705882352941188,0.38314054192268115,0.0023103872802612076,0.704903135073061,0.0,-0.02473483059217589,0.0,0.14376130405518645,-0.08217337625064326,0.006033658491552742,REIT—Mortgage,Real Estate,NYMT
2013Q4,2013,Q4,2014-03-10,2013-12-31,23287000.0,30109000.0,0.0,0.34,0.0,0.0,9898675000.0,480666000.0,974441000.0,247000000.0,9418009000.0,0.0,0.0,1785945000.0,11138562000.0,7.525103718199609,3.945105263157895,0.8465167307745733,17.432882708575185,0.0,7.525103718199609,0.04844736261770127,59.31598525357867,19.173197492163013,3.7155634057744877,0.8016060462919226,0.0,0.010452169579690305,0.003041720230232834,4.745364372469636,0.0023525370819831946,217.50639386189258,0.0,0.25925925925925924,1.6609231111234612,1.2431348497859749,0.7869437080518842,0.0,0.2665615141955836,0.0,2.3781947796800442,0.3198185923340414,0.03646390371569651,REIT—Mortgage,Real Estate,NYMT
2013Q3,2013,Q3,2013-11-08,2013-09-30,18386000.0,23917000.0,0.0,0.27,0.0,0.0,8450046000.0,477683000.0,981049000.0,242000000.0,7972363000.0,0.0,-5916000.0,1591324800.0,9529764800.0,7.492479021253235,4.053921487603306,0.8208351765185657,14.520288559567748,0.0,7.492479021253235,0.03848996091550254,66.53530125015679,21.637724355487872,3.3313406589725822,0.9722071141085609,0.0,0.011232779128434373,0.0028303987930953277,4.800842975206612,0.0021758461433227703,93.98882523182328,0.0,0.42105263157894746,1.6120022294407974,0.6023361083593595,0.8313638730154773,0.0,0.5450420168067227,0.0,0.7235451760855091,-0.13447074542453152,0.04668378281695848,REIT—Mortgage,Real Estate,NYMT
2013Q2,2013,Q2,2013-08-08,2013-06-30,11900000.0,17117000.0,0.0,0.19,0.0,0.0,8562526000.0,473328000.0,1050610000.0,1181000000.0,8089198000.0,0.0,-24301000.0,1594251360.0,9504161360.0,8.028087314913753,0.8895935647756139,0.8067486160042024,14.594120778825676,0.0,8.028087314913753,0.02514112835074198,93.13847987380966,33.4926756302521,3.3681746273197444,1.1336974789915966,0.0,0.008462279122659806,0.0019990596232934065,1.0072201524132092,0.0013897768018456237,97.9570728110599,0.0,-0.3870967741935484,0.4893933633470777,0.08274752089475361,0.7848279806062876,0.0,-0.22641877397126697,0.0,0.23286997412015892,-0.3131053068230236,0.16417339336401154,REIT—Mortgage,Real Estate,NYMT
2013Q1,2013,Q1,2013-05-10,2013-03-31,15383000.0,19732000.0,0.0,0.31,0.0,0.0,7069690000.0,328448000.0,1069605000.0,1161000000.0,6741242000.0,0.0,-36201000.0,1456578960.0,8131375960.0,6.620467235088992,0.9212790697674419,0.7893360246347435,16.990089755455962,0.0,6.620467235088992,0.046835419914263446,73.81811068315427,23.671893648833127,4.434732316835541,0.8700513553923162,0.0,0.009188653940188727,0.0027910700469186062,1.0461593453919036,0.0021759087032104663,122.54576476527006,0.0,0.631578947368421,1.0739517772287592,0.582820465671907,-0.1835331448541464,0.0,0.6382321618743344,0.0,0.09455079257251088,-0.11130193857200725,-0.03876359849430933,REIT—Mortgage,Real Estate,NYMT
2012Q4,2012,Q4,2013-03-18,2012-12-31,9390000.0,12404000.0,0.0,0.19,0.0,0.0,7160401000.0,322006000.0,1084788000.0,1175000000.0,6838395000.0,0.0,-51584000.0,1218976320.0,7956212320.0,6.677990003940355,0.923223829787234,0.7908974651000691,17.587072911684874,0.0,6.677990003940355,0.02916094731154078,98.27284101902612,32.454108626198085,3.785570206766334,0.9789137380191694,0.0,0.00754075353982266,0.0017323052158671002,1.041312340425532,0.0013113790694124533,91.81112600738119,0.0,-0.36666666666666664,1.063228570559407,1.1346780242857784,0.8382782777705288,0.0,0.18665487173006445,0.0,-0.5624932025306295,-0.6320299921603633,-0.0014874520597859,REIT—Mortgage,Real Estate,NYMT
2012Q3,2012,Q3,2012-11-09,2012-09-30,7913000.0,12064000.0,0.0,0.3,0.0,0.0,5159548000.0,222014000.0,732512000.0,817000000.0,4937534000.0,0.0,-60974000.0,754826040.0,5415097040.0,8.364944802381222,0.8965875152998776,0.9111864062510903,21.175736665255343,0.0,8.364944802381222,0.03564189645698019,62.56847148541114,23.847657020093518,3.3999028890069996,0.5926955642613421,0.0,0.006213352151973983,0.0023381893142577605,0.13678947368421052,0.001533661475772684,278.739305760709,0.0,-0.11764705882352951,1.0052328930166436,-0.38560787413287356,-0.8782964295087906,0.0,0.540393225618065,0.0,-0.025259533465952545,-0.15203841179702957,0.35308725534743113,REIT—Mortgage,Real Estate,NYMT
2012Q2,2012,Q2,2012-08-09,2012-06-30,5137000.0,7774000.0,0.0,0.34,0.0,0.0,4577906000.0,112991000.0,178007000.0,435000000.0,4464915000.0,0.0,-68887000.0,430083160.0,4590130160.0,7.40342025946796,0.40921149425287356,0.9106058534185717,36.89380570133905,0.0,7.40342025946796,0.045463798001610746,55.323277591973245,20.930657971578743,3.806348824242639,0.6898968269417948,0.0,0.00824026683583705,0.0016981563186312693,0.16332413793103448,0.0011221287636749204,62.54845258871437,0.0,-0.19047619047619038,1.0429459795485772,7.2376901314188355,-0.7593616065037089,0.0,-0.12022606610721014,0.0,0.2316436834709659,0.10428596959872995,0.5141845732458772,REIT—Mortgage,Real Estate,NYMT
2012Q1,2012,Q1,2012-05-04,2012-03-31,5839000.0,8427000.0,0.0,0.42,0.0,0.0,1841449000.0,91956000.0,190897000.0,378000000.0,1748413000.0,0.0,-74024000.0,366187680.0,520697680.0,6.569224174882126,0.5050185185185185,0.08872632367228199,1.7767736743660012,,6.569224174882126,0.06349775979816434,43.45409754360983,15.678527145059086,3.9822054025838445,0.8354170234629217,0.0,0.01332103799887533,0.004576287477958934,0.12982539682539682,0.0031708725031211835,58.79699421965318,0.0,4.10737843551797,1.1590570461161187,5.301667770720492,-0.8176313964472987,0.0,4.08615221987315,0.0,0.8927269203710141,0.3305135938150044,0.47470119011251816,REIT—Mortgage,Real Estate,NYMT
2011Q4,2011,Q4,2012-03-12,2011-12-31,-1892000.0,2260000.0,0.0,-0.13516216602371767,0.0,0.0,682705000.0,85278000.0,216928000.0,352000000.0,596398000.0,0.0,-79863000.0,403702320.0,744552320.0,6.092156022288899,0.6162727272727273,0.5235584915886071,4.191420999554398,0.0,6.092156022288899,-0.02218626140387908,178.62934513274337,-53.34332980972516,4.73395623724759,-1.4772727272727273,0.0,0.006923418225587606,0.0033103609904717264,0.1517159090909091,-0.0027713287583949146,67.95191381922236,0.0,-99.43450016669048,0.9744006114470742,1.013426822498242,-0.8461213930434546,0.0,-125.13333333333334,0.0,0.7549676352186251,1.083276841387752,0.4466697443878041,REIT—Mortgage,Real Estate,NYMT
2011Q3,2011,Q3,2011-11-04,2011-09-30,-15000.0,727000.0,0.0,-0.0013457742687959806,0.0,0.0,524539000.0,75437000.0,182072000.0,201000000.0,448118000.0,0.0,-77971000.0,310621186.40000004,658496186.4000001,6.768078234344159,0.9058308457711443,0.6854666669208581,4.7662817980566565,0.0,6.768078234344159,-0.00019884141734162282,427.2643554332875,-5177.019773333333,4.117623797340828,0.0,0.0,0.0,0.0013859789262571514,0.23216915422885573,-2.8596539056199826e-05,76.11398833619212,0.0,-1.0030585778836272,0.9993728650156399,-0.9698619814939766,-0.848909985789414,0.0,-1.003597985128328,0.0,-1.0121891313752949,-0.7214029341086221,0.6543007905609117,REIT—Mortgage,Real Estate,NYMT
2011Q2,2011,Q2,2011-08-04,2011-06-30,4169000.0,7889000.0,0.0,0.44,0.0,0.0,455578000.0,81457000.0,24885000.0,119000000.0,373189000.0,0.0,-77936000.0,281520600.0,529309600.0,8.622525669524716,0.20911764705882352,0.5590129461914315,3.1264839117571235,0.0,8.622525669524716,0.051180377377021004,35.685207250602105,16.8817822019669,3.45606393557337,0.9062125209882466,0.0,0.013419977081606105,0.01731646392055806,0.251109243697479,0.009151012559869002,59.910746967439884,0.0,0.6296296296296295,1.4891166095723942,-0.9320377209107723,-0.8278164081426366,0.0,0.658313444709626,0.0,2.2564959438249526,2.1144237095706284,0.9169852637096052,REIT—Mortgage,Real Estate,NYMT
2011Q1,2011,Q1,2011-05-05,2011-03-31,2514000.0,4661000.0,0.0,0.27,0.0,0.0,482217000.0,71211000.0,0.0,151000000.0,411006000.0,0.0,-82125000.0,266765240.0,565152240.0,7.549136011873211,0.0,0.6362757845534271,4.308646136130654,,7.549136011873211,0.035303534566288916,57.233477794464704,26.527967382657124,3.7461240538680824,0.6750198886237072,0.0,0.006361398509041132,0.009665772878185546,0.6901920529801324,0.005213420514000958,-204.10500382555472,0.0,1.5018762278978388,1.2666150582103248,-0.9072428235658304,-0.8552497500343362,0.0,1.469548133595285,0.0,1.0635625036971383,0.9663815913304791,-0.06900538590165226,REIT—Mortgage,Real Estate,NYMT
2010Q4,2010,Q4,2011-03-04,2010-12-31,1018000.0,3369000.0,0.0,0.10791900773878936,0.0,0.0,374294000.0,68487000.0,0.0,41000000.0,305807000.0,0.0,-84639000.0,262614720.0,543864720.0,7.260362556980812,0.0,0.8031787845917915,4.389519178822258,,7.260362556980812,0.014864134799304977,77.95034728406056,64.4928094302554,3.834519251828814,1.6669941060903732,0.0,0.00646193785329322,0.00900094578058959,0.8279024390243902,0.002719787119216445,-182.75206680584552,0.0,-0.3651823074188862,1.022266468904354,-0.8321989097628651,-0.8707908892199981,0.0,-0.3544705136334813,0.0,1.0350399852216243,1.186983960839842,0.9985904095934801,REIT—Mortgage,Real Estate,NYMT
2010Q3,2010,Q3,2010-11-05,2010-09-30,1577000.0,4085000.0,0.0,0.17,0.0,0.0,404042000.0,67467000.0,0.0,44000000.0,336575000.0,0.0,-85657000.0,236002000.0,526581000.0,7.158302387267905,0.0,0.8194519381648443,4.907480694265344,,7.158302387267905,0.023374390442734965,57.77282741738066,37.41312618896639,3.498036076896853,1.0748256182625238,0.0,0.007182142524215897,0.010110335064176497,1.3329772727272726,0.0039030595829146475,-1255.3297872340424,0.0,0.06250000000000006,-0.894921330209353,-0.9529657327661711,-0.8799200053562278,0.0,0.022697795071335927,0.0,1.0029367589884266,-0.41415558163154625,-0.8958521568560438,REIT—Mortgage,Real Estate,NYMT
2010Q2,2010,Q2,2010-08-04,2010-06-30,1542000.0,3981000.0,0.0,0.16,0.0,0.0,438909000.0,64953000.0,0.0,68000000.0,373956000.0,0.0,-87234000.0,249415120.0,581681120.0,6.895954984605584,0.0,0.834580744527909,5.639539359228981,,6.895954984605584,0.02374024294489862,62.65137402662648,40.43695201037614,3.8399322587101445,1.527237354085603,0.0,0.00944208995829924,0.0090702172887774,1.036485294117647,0.003513256734311668,464.4601862197393,0.0,-0.4285714285714286,-0.4661533855670019,-0.9544788337205145,-0.8898642126880093,0.0,-0.42203898050974514,0.0,1.0208883421820447,5.835334070192467,-0.7758560947561982,REIT—Mortgage,Real Estate,NYMT
2010Q1,2010,Q1,2010-05-06,2010-03-31,2668000.0,4215000.0,0.0,0.28,0.0,0.0,463868000.0,64866000.0,0.0,84000000.0,399002000.0,0.0,-88776000.0,284423600.0,652126600.0,6.88744956466341,0.0,0.8417394603637242,6.019424660068449,,6.88744956466341,0.04113094687509635,67.47890865954923,26.651386806596697,4.384787099559091,0.8826836581709145,0.0,0.008279903636688376,0.009086636715617375,0.32594047619047617,0.005751636241344521,363.2485312899106,0.0,-0.3709351145038167,14.423240917455551,-0.9349180748616485,-0.8930922422388605,0.0,-0.36354961832061067,0.0,1.1080208439107995,4.197928531438831,-0.8087971234183275,REIT—Mortgage,Real Estate,NYMT
2009Q4,2009,Q4,2010-03-08,2009-12-31,4192000.0,6584000.0,0.0,0.44510511785941814,0.0,0.0,488814000.0,62987000.0,0.0,95000000.0,425827000.0,0.0,-91444000.0,270861680.0,662942680.0,6.687937991080909,0.0,0.8522730527358054,6.614110848270278,,6.687937991080909,0.06655341578420944,41.13938031591738,16.153487595419847,4.300279105212187,0.5617843511450382,0.0,0.008694474611543426,0.013469335984648558,0.2796842105263158,0.008575859120237964,115.06443500424808,0.0,0.48368372619806055,-0.7231955500154561,-0.9140914811711434,-0.9003804014015477,0.0,0.4570733402850191,0.0,1.0843018367801212,1.0581382471429819,-0.8310728455223263,REIT—Mortgage,Real Estate,NYMT
2009Q3,2009,Q3,2009-11-06,2009-09-30,2877000.0,5042000.0,0.0,0.3,0.0,0.0,608114000.0,58149000.0,0.0,205000000.0,549965000.0,0.0,-95636000.0,285942400.0,803144400.0,6.182117797150755,0.0,0.8873418470878816,9.279695265610759,,6.182117797150755,0.04947634525099314,56.71209837366125,24.847271463329857,4.9174087258594295,0.7448731317344456,0.0,0.007494516378123706,0.008291208556290432,0.12207804878048781,0.00473102082833153,72.00765550239234,0.0,0.111111111111111,-0.7779793068900451,-0.9126389481773554,-0.9089351402112044,0.0,0.12956419316843346,0.0,1.1425357139637375,-0.7523164349981846,-0.8619909177344881,REIT—Mortgage,Real Estate,NYMT
2009Q2,2009,Q2,2009-08-07,2009-06-30,2547000.0,4299000.0,0.0,0.27,0.0,0.0,611495000.0,45569000.0,0.0,199000000.0,565926000.0,0.0,-98513000.0,192364800.0,731574800.0,4.889377682403434,0.0,0.9076231203852853,12.179486054115737,,4.889377682403434,0.0558932607693827,44.74640614096302,18.88150765606596,4.221396124558362,0.0,0.0,0.0,0.007030310959206535,0.09327638190954773,0.004165201677855093,61.37996171027441,0.0,0.22727272727272735,2.0046773292544837,-0.9005780229423512,-0.9286626773797266,0.0,0.2400194741966894,0.0,1.302891763529393,-0.9624602456489919,-0.9023638034179537,REIT—Mortgage,Real Estate,NYMT
2009Q1,2009,Q1,2009-05-11,2009-03-31,2054000.0,4217000.0,0.0,0.22,0.0,0.0,726147000.0,41517000.0,0.0,297000000.0,684630000.0,0.0,-101060000.0,141664000.0,760927000.0,4.454613733905579,0.0,0.9147638150402053,15.999542356143266,,4.454613733905579,0.04947370956475661,33.59354991700261,17.24245374878286,3.4121925958041284,0.0,0.0,0.0,0.005807364073665525,0.2221986531986532,0.002828628363127576,61.22039757994814,0.0,1.3988329118848473,1.0403527214900656,-0.9875404734738588,-0.9935307963657908,0.0,1.3995331647539389,0.0,1.2204721627460164,-0.9150612353663136,-0.9145853975250722,REIT—Mortgage,Real Estate,NYMT
2008Q4,2008,Q4,2009-03-31,2008-12-31,-5141000.0,-18069000.0,0.0,-0.5516094420600859,0.0,0.0,853300000.0,39248000.0,853261000.0,414000000.0,814052000.0,0.0,-103114000.0,82016000.0,874924000.0,4.211158798283262,2.0610169082125602,0.940226180710184,20.44167855686914,,4.211158798283262,-0.13098756624541377,-4.539044772815319,-3.988329118848473,2.089686098654709,-17.156195292744602,0.0,1.0753999219664454,-0.021175436540489864,0.03014975845410628,-0.0060248447204968945,0.09638112473632565,0.0,-6.014631291455326,-1.0382644382802522,-1.2084948452962574,2.5824176612443743,0.0,-5.996112730806608,0.0,0.8861887748383707,-1.9108813438462,-0.9250560726948281,REIT—Mortgage,Real Estate,NYMT
2008Q3,2008,Q3,2008-11-13,2008-09-30,1029000.0,2182000.0,0.0,0.11,0.0,0.0,864471000.0,38130000.0,0.0,416000000.0,826341000.0,0.0,-97973000.0,118177600.0,921564600.0,4.0912017167381975,0.0,0.9447326746646215,21.418672960923157,,4.0912017167381975,0.026986624704956726,54.16021998166819,28.711758989310006,3.0993338578547074,82.81632653061224,0.0,0.7211011223785218,0.0025240869849885075,0.04030769230769231,0.0011903233306843144,-0.1397519464915849,0.0,-0.21428571428571436,-0.9943351508989242,-0.9333570004649427,0.0,0.0,-0.18527315914489312,0.0,-0.9306632159858741,-0.9745936361004298,-0.9313703929151815,REIT—Mortgage,Real Estate,NYMT
2008Q2,2008,Q2,2008-08-11,2008-06-30,1263000.0,2499000.0,0.0,0.14,0.0,0.0,897311000.0,41921000.0,0.0,425000000.0,855390000.0,0.0,-99002000.0,231132272.00000003,1073970272.0,4.497961373390558,0.0,0.9447961743475785,20.223181698909855,,4.497961373390558,0.030128098089263138,92.48990476190477,45.75064766429137,5.513520001908352,0.0,0.0,0.0,0.0027849875907015515,0.019331764705882354,0.0014075387463209524,2784.7261686746992,0.0,1.0333333333333332,-0.9949367418707418,-0.9628215452201285,0.0,0.0,1.059412926898109,0.0,-0.5580996411578806,-0.9711213861577203,-0.9281627391328418,REIT—Mortgage,Real Estate,NYMT
2008Q1,2008,Q1,2008-05-15,2008-03-31,-21258000.0,1274000.0,0.0,-4.2,0.0,0.0,931774000.0,41111000.0,931719000.0,440000000.0,890663000.0,0.0,-100265000.0,109512000.0,984273000.0,8.108678500986194,2.117543181818182,0.9474110674906147,21.472914791661598,,8.108678500986194,-0.5170878840213081,85.95918367346938,-1.287891617273497,2.663812604898932,0.0,0.0,0.0,0.0013672843414819474,0.024522727272727272,-0.022814545157946026,129.14150943396226,0.0,-0.36368876080691653,0.23228019124450475,-0.9930804903547202,-0.9882241883223345,0.0,-0.36138328530259367,0.0,-197.6756713046109,-0.9634587864139712,-0.8741361909357581,REIT—Mortgage,Real Estate,NYMT
2007Q4,2007,Q4,2008-03-31,2007-12-31,-15615000.0,-9684000.0,0.0,-3.0798816568047336,0.0,0.0,809261000.0,18418000.0,809199000.0,329000000.0,790843000.0,0.0,-79007000.0,174408000.0,946641000.0,3.632741617357002,2.4595714285714285,0.9610508846960375,42.227223368443916,,3.632741617357002,-0.8478119231186882,-18.00991325898389,-2.7923150816522573,9.469432077315668,-26.373615113672752,0.0,2.361267831750837,-0.011966473115595587,0.027334346504559272,-0.019295381836020763,-139.6381104883907,0.0,0.94596698847711,-1.2136474334579075,-1.2054111141002257,2.365067139331492,0.0,0.24623479436184592,0.0,-2.915333960052514,-1.2347209837283315,-0.9458888132312802,REIT—Mortgage,Real Estate,NYMT
2007Q3,2007,Q3,2007-11-14,2007-09-30,-20716000.0,269000.0,0.0,-57.0,0.0,0.0,854276000.0,24991000.0,854200000.0,340000000.0,829285000.0,0.0,-10930000.0,12216960.0,819754960.0,68.73212321232123,2.5123529411764705,0.9583343088182273,32.75907326637589,,68.73212321232123,-0.828938417830419,45.41620817843866,-0.14743386754199653,0.4888543875795287,-19.87951341957907,0.0,33.709204253758706,0.00031488652379324717,0.04723235294117647,-0.024249774077698544,-3.2149894736842106,0.0,-6.215189873417722,-3.9232833373261817,-0.789406914566587,0.0,0.0,-0.4592843054381516,0.0,-42.35619690559124,-0.8794274647545977,0.012449352906374469,REIT—Mortgage,Real Estate,NYMT
2007Q2,2007,Q2,2007-08-10,2007-06-30,-14196000.0,112000.0,0.0,-7.9,0.0,0.0,1004684000.0,55726000.0,1004595000.0,438000000.0,948958000.0,0.0,-42676000.0,138383320.0,1071002320.0,30.765748357533262,2.293595890410959,0.9301451998837446,16.769586907368193,,30.765748357533262,-0.25474643792843554,1235.5653571428572,-2.437012538743308,2.4832810537271652,-0.06403212172442942,0.0,0.00656871073768139,0.0001114778378077087,0.014636986301369862,-0.014129815942127076,1.30794616358859,0.0,-2.0384615384615388,-1.2928317979494792,-0.9914262932054242,0.0,0.0,-1.9943049989453703,0.0,-27.813046052497327,-0.9866721990530107,-0.5511195373320715,REIT—Mortgage,Real Estate,NYMT
2007Q1,2007,Q1,2007-05-15,2007-03-31,-4741000.0,-253000.0,0.0,-2.6,0.0,0.0,1162579000.0,65120000.0,0.0,550000000.0,1097459000.0,0.0,-28480000.0,183672480.0,1163685480.0,36.02168381458126,0.0,0.8444561616887971,15.075967444717445,,36.02168381458126,-0.07280405405405406,-725.9781818181818,-9.685323771356254,2.8205233415233413,-0.19341910989242775,0.0,0.004992582448933015,-0.00021761961982798587,0.03637454545454546,-0.004078002441124431,2.7833802603464215,0.0,0.5075662650602409,0.5198157884893527,-1.0038537540087047,-0.9476875837583981,0.0,0.5033001571503405,0.0,0.5198157884893527,-1.0038537540087047,-0.9476875837583981,REIT—Mortgage,Real Estate,NYMT
