Quarters,Year,Quarter,FillingDate,Date,NetIncome,Revenue,OperatingIncome,EPSDiluted,GrossProfit,GrossProfitRatio,TotalAssets,CommonStockEquity,CurrentAssets,CurrentLiability,TotalLiability,Inventory,RetainedEarnings,MarketCap,EnterpriseValue,bookValuePerShare,currentRatio,debtToAssets,debtToEquity,roic,shareholdersEquityPerShare,roe,priceToSalesRatio,peRatio,pbRatio,payoutRatio,inventoryTurnover,dividendYield,assetTurnover,quickRatio,returnOnAssets,priceToFreeCashFlowsRatio,grossProfitMargin,epsdilutedGrowth,fiveYNetIncomeGrowthPerShare,fiveYRevenueGrowthPerShare,fiveYShareholdersEquityGrowthPerShare,grossProfitGrowth,netIncomeGrowth,operatingIncomeGrowth,threeYNetIncomeGrowthPerShare,threeYRevenueGrowthPerShare,threeYShareholdersEquityGrowthPerShare,Industry,Sector,Symbol
2023Q1,2023,Q1,2023-05-04,2023-03-31,39208000.0,1015848000.0,66625000.0,0.21,229005000.0,0.2254323481,3130402000.0,1350219000.0,1029536000.0,618566000.0,1780183000.0,249643000.0,229631000.0,5758693740.0,6518704740.0,7.448990963356909,1.6643915119809365,0.3458450384327636,0.8018210379205151,0.019102649792266408,7.448990963356909,0.029038252313143276,5.6688537458359916,36.71886949092022,4.265007187722881,0.0,3.1518728744647357,0.0,0.3245103983450049,1.1203089080227493,0.012524908941407526,68.5624076102486,0.22543234814657312,-0.19230769230769237,1.530802205316579,0.06189434897857067,3.374397460808184,-0.00898386280135537,-0.17507206126785751,-0.0229792351008916,2.919275618814085,0.4034681629036996,0.511725186276736,Medical Care Facilities,Healthcare,OPCH
2022Q4,2022,Q4,2023-02-23,2022-12-31,47529000.0,1027213000.0,68192000.0,0.26,231081000.0,0.2249591857,3112936000.0,1386103000.0,994339000.0,565351000.0,1726833000.0,224281000.0,190423000.0,5474123250.0,6263521250.0,7.619090284457881,1.7587994007262744,0.3480906770971199,0.7817485424964812,0.019539719281973584,7.619090284457881,0.0342896595707534,5.329102386749389,28.793595752067155,3.949290384625096,0.0,3.5497077327103055,0.0,0.3299820491009131,1.188160983176823,0.015268222668246312,217.15817399238338,0.22495918568008777,0.2380952380952382,3.7273998091794183,-0.014357367135732149,3.86524973506515,0.05999972477190472,0.22424851247971564,0.12309364603577193,3.917949363778348,0.3833650364173277,0.4837115380746159,Medical Care Facilities,Healthcare,OPCH
2022Q3,2022,Q3,2022-10-27,2022-09-30,38823000.0,1020918000.0,60718000.0,0.21,218001000.0,0.2135342897,3073263000.0,1337335000.0,951964000.0,586800000.0,1735928000.0,236020000.0,142894000.0,5723889480.0,6624137480.0,7.352680829539707,1.6222972051806408,0.37605502685582065,0.8641933397391081,0.01751490021559342,7.352680829539707,0.029030123342318866,5.606610403577957,36.85888184838884,4.280071545274744,0.0,3.4019023811541396,0.0,0.3321935024760328,1.0559901158827538,0.012632501676556806,71.47535625983367,0.21353428972748056,0.1052631578947368,1.5435051452015098,-0.09962111900421486,4.0044955434638005,0.005076071922544952,0.14424238851719767,0.02779470512560092,1.8124877108035518,0.48458596723778674,0.2994802882632416,Medical Care Facilities,Healthcare,OPCH
2022Q2,2022,Q2,2022-07-27,2022-06-30,33929000.0,980820000.0,59076000.0,0.19,216900000.0,0.2211414939,2985912000.0,1284994000.0,877139000.0,555308000.0,1700918000.0,231766000.0,104071000.0,5019457590.0,5972777590.0,7.114311181977732,1.5795540492843612,0.38760887795755533,0.9006781354621111,0.016599710523222618,7.114311181977732,0.026404014337810137,5.117613415305561,36.98500979987621,3.9062109161599197,0.0,3.2960831183176134,0.0,0.3284825540739312,1.0207272360563868,0.011363027443541538,50.407800897797685,0.22114149385208295,0.11764705882352934,1.1949184385363216,-0.2456781842001189,4.395089773625701,0.07944818250587252,0.1206936416184971,0.13074935400516796,1.3860377290889376,-0.08715130822857427,2.312374488190743,Medical Care Facilities,Healthcare,OPCH
2022Q1,2022,Q1,2022-04-28,2022-03-31,30275000.0,915784000.0,52245000.0,0.17,200936000.0,0.219414185,2878276000.0,1221764000.0,805712000.0,508139000.0,1656512000.0,217184000.0,70142000.0,5139686160.0,6153703160.0,6.789048738337751,1.585613385313861,0.40288596368103685,0.9491333841887631,0.0154826015229957,6.789048738337751,0.02477974469701186,5.612334524298306,42.44166936416185,4.206774925435681,0.0,3.2914395167231474,0.0,0.318171016261123,1.0073719986066805,0.01051844923836352,188.11529756240392,0.21941418500432416,-0.5853658536585366,1.2571413724780947,-0.30620504563913087,5.2125850238516716,-0.05306861077206558,-0.5988312772470086,-0.14706218470932036,1.5240158390625649,-0.08928047061102688,2.3907514547769835,Medical Care Facilities,Healthcare,OPCH
2021Q4,2021,Q4,2022-02-23,2021-12-31,75467000.0,927194000.0,61253000.0,0.41,212197000.0,0.2288593326,2790918000.0,1175886000.0,710256000.0,459695000.0,1615032000.0,183095000.0,39867000.0,5110193990.52,6150251990.52,6.544212979397482,1.5450592240507293,0.41544789205558885,0.986048817657494,0.0405203709137364,6.544212979397482,0.06417884046582747,5.511461453072389,16.928571397166973,4.345824332052597,0.0,3.905060214642672,0.0,0.3322182880328265,0.9955840285406629,0.027040206842336465,99.37758139551165,0.22885933256686303,1.0499999999999998,1.9908359412174752,-0.3677587948330915,7.100042898761476,0.04547022190690158,1.127269139700079,0.15827392545808672,1.8753348971520645,-0.09994961137145246,2.455069881953545,Medical Care Facilities,Healthcare,OPCH
2021Q3,2021,Q3,2021-11-04,2021-09-30,35476000.0,891937000.0,52883000.0,0.2,202968000.0,0.2275586728659087,2786144000.0,1097480000.0,811184000.0,485664000.0,1688664000.0,189830000.0,-35600000.0,4363694720.0,5383013720.0,6.101449919943071,1.6702576266719378,0.43794398279485913,1.1117970259139118,0.020201405916376883,6.101449919943071,0.03232496264168823,4.892379977509623,30.751033938437253,3.9761040930130847,0.0,3.6293999894642575,0.0,0.3201331302330389,1.1458662779205377,0.012733010210527525,94.27066300849013,0.2275586728659087,0.11111111111111122,1.5026418970298703,-0.3660525273377207,8.213808571945872,0.020103735274013913,0.11503645964294694,0.0996215586791982,1.7692756868740023,-0.1263674908229939,2.5354763383084826,Medical Care Facilities,Healthcare,OPCH
2021Q2,2021,Q2,2021-08-03,2021-06-30,31816000.0,860272000.0,48092000.0,0.18,198968000.0,0.2312849889337326,2718758000.0,1056611000.0,735764000.0,459516000.0,1662147000.0,173853000.0,-71076000.0,3933166410.0,4995003410.0,5.8751855785323865,1.6011716675806718,0.44850001360915537,1.1540320893876743,0.019885699607211635,5.8751855785323865,0.030111365488339606,4.572003285007533,30.905569603344233,3.722435607806468,0.0,3.803811265839531,0.0,0.31642095397972164,1.0788133601441516,0.011702402346954013,56.21298589375295,0.2312849889337326,9.999999999999998,1.393105569392198,-0.6235057920658796,6.946525028357461,0.20241973010702652,12.120587207270185,0.6529868701450471,1.374053515570175,-0.1289773589913248,2.607832641759421,Medical Care Facilities,Healthcare,OPCH
2021Q1,2021,Q1,2021-05-06,2021-03-31,-2861000.0,759237000.0,29094000.0,-0.02,165473000.0,0.2179464383321677,2640470000.0,1018080000.0,664734000.0,420164000.0,1622390000.0,173622000.0,-102892000.0,3189793919.9999995,4300496920.0,5.662039508809396,1.5820822345560306,0.4620635720155881,1.1983979647964798,0.022613244579647595,5.662039508809396,-0.00281019173345906,4.201315162459152,-278.73068157986717,3.133146628948609,0.0,3.4198661459953232,0.0,0.2875385821463603,1.031149741529498,-0.0010835192219566972,209.0708474798453,0.2179464383321677,-1.2,0.9713128137446628,-0.6955650423647145,2.063612055472693,-0.09952547316637825,-1.1603789450081283,-0.3438874230430959,0.9609542612612638,-0.19993052450635665,2.804799106193854,Medical Care Facilities,Healthcare,OPCH
2020Q4,2020,Q4,2021-03-11,2020-12-31,17839000.0,804713000.0,44343000.0,0.1,183762000.0,0.22835719070028693,2647439000.0,1015724000.0,657012000.0,434023000.0,1631715000.0,158601000.0,-100031000.0,2790019600.0,3815107600.0,5.693839340770222,1.513772311605606,0.42469458219811673,1.1069473597158284,0.019275503240645385,5.693839340770222,0.017562841874367446,3.467098953291422,39.1,2.746828469151069,0.0,3.9151770795896623,0.0,0.3039590336170163,0.9852127652221195,0.0067382100210807505,239.281269296741,0.22835719070028693,9.0,1.09320609445318,-0.6818655701350462,2.2101819811053702,0.055175621436323236,9.726999398677089,0.28322143766639657,2.0439567638388474,-0.21255202852232538,3.1412361651527814,Medical Care Facilities,Healthcare,OPCH
2020Q3,2020,Q3,2020-11-03,2020-09-30,1663000.0,781609000.0,34556000.0,0.01,174153000.0,0.22281345276218673,2668490000.0,993496000.0,676475000.0,433173000.0,1674994000.0,155478000.0,-117870000.0,2223431000.0,3255470000.0,5.97411906193626,1.561673973216244,0.4392319251711642,1.179759153534589,0.010547575560319445,5.97411906193626,0.0016738869607929978,2.844684490582887,334.25,2.2379868665802376,0.0,3.9070222153616587,0.0,0.29290310250366314,1.064163740584016,0.0006231988877604937,49.701157904148786,0.22281345276218673,1.25,1.010240436181623,-0.6732851719102868,2.679231650947098,0.047095959595959594,1.2168753260302556,0.4889693209238194,1.02546297036031,-0.2460783104183258,3.4411795525786877,Medical Care Facilities,Healthcare,OPCH
2020Q2,2020,Q2,2020-08-04,2020-06-30,-7668000.0,740848000.0,23208000.0,-0.04,166320000.0,0.22449949247348983,2626265000.0,867966000.0,637543000.0,394611000.0,1758299000.0,149115000.0,-119533000.0,2452748680.0,3619284680.0,4.911782514953795,1.6156239942627042,0.48914903865375353,1.4800522140268166,0.01112737824466652,4.911782514953795,-0.008834447432272692,3.3107313241042697,-79.96702790818988,2.8258580174799475,0.0,3.852918888106495,0.0,0.28209186810927306,1.110767312619263,-0.002919735822546468,78.94012680634675,0.22449949247348983,0.6363636363636365,0.9969557731218199,-0.7255602327281673,2.9484780524570136,0.05246505388251523,0.6148669010547464,1.6836262719703978,0.9549734547671271,-0.4176271423928196,3.343999603086992,Medical Care Facilities,Healthcare,OPCH
2020Q1,2020,Q1,2020-05-07,2020-03-31,-19910000.0,705440000.0,8648000.0,-0.11,158029000.0,0.22401479927421183,2612531000.0,870493000.0,601272000.0,379023000.0,1742038000.0,139128000.0,-111865000.0,1672979670.0,2881314670.0,4.9274769190709895,1.5863733863116487,0.49208181644543164,1.4768401354175162,0.0040920413140081565,4.9274769190709895,-0.02287209661651501,2.3715406980040825,-21.00677636865897,1.9218760748219688,0.0,3.9345854177448105,0.0,0.2700216762978124,1.0934455164989987,-0.0076209622010226866,128.19767586206896,0.22401479927421183,-0.2285819853266713,0.9016989209028758,-0.7381542628568154,-0.585993064988303,-0.10027783787476799,-0.2592498893175637,-0.3810921062048236,0.827735106842502,-0.4555777321030109,4.05748511679348,Medical Care Facilities,Healthcare,OPCH
2019Q4,2019,Q4,2020-03-05,2019-12-31,-15811000.0,720779000.0,13973000.0,-0.0895341143804512,175642000.0,0.24368357013730976,2589547000.0,906827000.0,558654000.0,330004000.0,1682720000.0,115876000.0,-91955000.0,2634751252.44,3854191252.44,5.1351560521966615,1.692870389449825,0.4968034949742175,1.4186785351560993,0.0065632373785305155,5.1351560521966615,-0.01743551967464577,3.655421776217121,-41.66009822971349,2.90546184932738,0.0,4.704485829680003,0.0,0.2783417331293852,1.1862644089162555,-0.006105701112974586,339.74871082398454,0.24368357013730976,0.6802353057841029,0.9758536093392205,-0.7239124485746806,-0.5935729042750142,0.2748651767762914,0.6305323176146189,2.191727078891258,0.7887770992174917,-0.49990638754112576,5.786621754036845,Medical Care Facilities,Healthcare,OPCH
2019Q3,2019,Q3,2019-11-06,2019-09-30,-42794000.0,615880000.0,-11725000.0,-0.28,137773000.0,0.2237010456582451,2581925000.0,921682000.0,545246000.0,319668000.0,1660243000.0,109235000.0,-76144000.0,2085043200.0,3298652200.0,5.658170343904625,1.705663375752343,0.49048597461196586,1.3740075210321998,-0.005631104072871341,5.658170343904625,-0.04643033063464405,3.38546989673313,-12.180698228723653,2.26221538448185,0.0,4.376866388977891,0.0,0.23853520144853163,1.2171753193938712,-0.016574455106170782,196.9065256398149,0.2237010456582451,0.5,0.8835837248590455,-0.7341520932705088,-0.651528076140719,1.130960666945076,-1.7316481552406486,-2.200839819746006,0.330477159134684,-0.5166367015123979,7.689714455407666,Medical Care Facilities,Healthcare,OPCH
2019Q2,2019,Q2,2019-07-31,2019-06-30,-15666000.0,191517000.0,9764000.0,-0.56,64653000.0,0.33758360876580146,600577000.0,-174526000.0,177640000.0,116165000.0,775103000.0,27801000.0,-787152000.0,321947500.0,832820500.0,-5.4209459616863,1.5292041492704342,0.874597262299422,-3.0096547219325487,0.02630224650021464,-5.4209459616863,0.08976312984884774,1.6810387589613454,-5.13767873100983,-1.8446964922131945,0.0,4.563289090320492,0.0,0.318888335717152,1.1403693022855421,-0.02608491500673519,236.5521675238795,0.33758360876580146,0.22222222222222213,0.579717901787058,-0.5879658225221006,-1.2945519107433272,0.12120213651498335,-0.523633534331842,2.9107632093933464,-0.08126021275633054,-0.531792546389379,-4.486769806272799,Medical Care Facilities,Healthcare,OPCH
2019Q1,2019,Q1,2019-05-03,2019-03-31,-10282000.0,178956000.0,-5110000.0,-0.72,57664000.0,0.322224457408525,597190000.0,-156342000.0,171085000.0,115588000.0,753532000.0,27470000.0,-771486000.0,249810600.0,755362600.0,-4.8815686764292625,1.4801276949164273,0.8561010733602371,-3.270106561256732,-0.013487528701431412,-4.8815686764292625,0.06576607693390132,1.395933078522095,-6.073978797899241,-1.597847027670108,0.0,4.415435020021842,0.0,0.2996634237009997,1.0946378516801052,-0.017217301026473987,-29.28611957796014,0.322224457408525,-0.28571428571428553,0.7838574666765312,-0.6026209842200065,-1.2500942552072254,-0.07176201667686166,0.3307296751936471,-1.9252217997465146,0.4211841095092166,-0.5971381245636868,0.08299910557144347,Medical Care Facilities,Healthcare,OPCH
2018Q4,2018,Q4,2019-03-15,2018-12-31,-15363000.0,183568000.0,5523000.0,-0.56,62122000.0,0.33841410267584765,583938000.0,-144004000.0,174705000.0,107316000.0,727942000.0,26689000.0,-761204000.0,457224180.0,947359180.0,-4.497524868435436,1.627949234037795,0.8642595618027942,-3.5045832060220548,0.015697961136971042,-4.497524868435436,0.10668453654065164,2.4907618974984747,-7.440346611989845,-3.175079720007777,0.0,4.55041402825134,0.0,0.3143621411862218,1.2058127399455814,-0.026309299959927254,-105.64329482439926,0.33841410267584765,-1.1842329336921948,0.5598624062982043,-0.5991853244001792,-1.215935303557875,-0.05748661073265464,-0.8794959628089063,-0.41555555555555557,0.5527819138672313,-0.5956698238665743,0.04408550547237635,Medical Care Facilities,Healthcare,OPCH
2018Q3,2018,Q3,2018-11-06,2018-09-30,-8174000.0,180962000.0,9450000.0,-0.2563829119879556,65911000.0,0.3642256385318465,579172000.0,-126688000.0,171941000.0,95995000.0,705860000.0,23105000.0,-745841000.0,399162640.0,879064640.0,-3.973652844865441,1.7911453721547996,0.8613089030547056,-3.9375947208891136,0.025716154001646833,-3.973652844865441,0.06452071230108614,2.205781545296803,-12.20830193295816,-3.150753346804749,0.0,4.979484959965376,0.0,0.3124494968679425,1.381030261992812,-0.014113251331210762,-167.85645079899075,0.3642256385318465,0.5421733714500794,0.8723011975318593,-0.5386467550403639,-1.1821720280290156,0.09930450155945093,0.4600700178347315,1.487496709660437,0.7374527151728631,-0.605439710772494,-0.11693181166887529,Medical Care Facilities,Healthcare,OPCH
2018Q2,2018,Q2,2018-08-07,2018-06-30,-15139000.0,175789000.0,3799000.0,-0.56,59957000.0,0.34107367355181495,566146000.0,-116966000.0,156556000.0,82161000.0,683112000.0,25286000.0,-737667000.0,375151340.0,847597340.0,-3.6541026882644214,1.9054782682781368,0.8712699550999212,-4.217174221568661,0.010124453824095212,-3.6541026882644214,0.12943077475505702,2.1341001996711966,-6.195114274390646,-3.2073537609219778,0.0,4.580874792375227,0.0,0.3105011781413275,1.4330034931415148,-0.026740452109526518,-19.302873166966812,0.34107367355181495,-0.16666666666666682,0.13418381019064016,-0.5319337417563949,-1.1481705221115792,0.089176718500218,-0.16301759237919644,3.70199146514936,0.9668199684169753,-0.6405037873690183,-0.44956314084162485,Medical Care Facilities,Healthcare,OPCH
2018Q1,2018,Q1,2018-05-10,2018-03-31,-13017000.0,168584000.0,-1406000.0,-0.48,55048000.0,0.32653158069567695,586882000.0,-100212000.0,175950000.0,103694000.0,687094000.0,41549000.0,-722528000.0,314319120.0,765404120.0,-3.1372131609429297,1.6968194881092444,0.8203301515466482,-4.804185127529637,-0.0037017925346733214,-3.1372131609429297,0.12989462339839541,1.8644659042376501,-6.0367043097487905,-3.136541731529158,0.0,2.7325808082023633,0.0,0.2872536557604425,1.1431423226030435,-0.022179927140379155,-40.101954580250066,0.32653158069567695,-3.0,0.28496989443209747,-0.6219010477760547,-1.155643275371967,-0.19251305521328405,-3.263675073698002,-1.1630333951762524,0.6445627721126338,-0.6539277603030861,-1.2635888562386643,Medical Care Facilities,Healthcare,OPCH
2017Q4,2017,Q4,2018-03-26,2017-12-31,-3053000.0,182582000.0,8624000.0,-0.12,68172000.0,0.3733774413688096,603092000.0,-84752000.0,187691000.0,105130000.0,687844000.0,38044000.0,-709511000.0,370990080.0,812121080.0,-2.659136546184739,1.7853229335108913,0.796873445510801,-5.670521049650746,0.008009266625757199,-2.659136546184739,0.03602274872569379,2.0319093886582467,-30.379141827710452,-4.37736077024731,0.0,3.0073073283566396,0.0,0.3027431967262043,1.188804337486921,-0.005062245892832271,57.09296398891967,0.3733774413688096,0.75,-1.1898511372264826,-0.5489555630440962,-1.1289696042741768,0.014826723829939265,0.7560917152672365,0.45798816568047335,0.97416662381913,-0.6125067515373464,-1.2104600391140448,Medical Care Facilities,Healthcare,OPCH
2017Q3,2017,Q3,2017-11-02,2017-09-30,-12517000.0,198692000.0,5915000.0,-0.48,67176000.0,0.33809111589797275,590248000.0,-77998000.0,170175000.0,89026000.0,668246000.0,27775000.0,-704562000.0,350592000.0,796160000.0,-2.44722640562249,1.9115202300451553,0.8108134207993928,-6.135811174645504,0.014837751003188288,-2.44722640562249,0.16047847380702068,1.7644998288808809,-7.002316849085243,-4.494884484217544,0.0,4.735049504950495,0.0,0.3366246052506743,1.3729472288994227,-0.021206340385736166,-52.99954648526077,0.33809111589797275,0.5384615384615385,0.5179423919673145,-0.4818518637694617,-1.1222227838629748,-0.016600790513833993,0.5713062538530036,1.1223537854323646,0.8259689099088812,-0.561657786426923,-1.1507182784988415,Medical Care Facilities,Healthcare,OPCH
2017Q2,2017,Q2,2017-08-08,2017-06-30,-29198000.0,218106000.0,2787000.0,-1.04,68310000.0,0.313196335726665,613383000.0,-63487000.0,190497000.0,102882000.0,676870000.0,28822000.0,-692045000.0,329634080.0,766506080.0,-2.0954707110381303,1.8516066950486965,0.7783146908212324,-7.519728448343756,0.006906018573391072,-2.0954707110381303,0.45990517743790066,1.5113480601175575,-2.8224029043085146,-5.192150834029015,0.0,5.197279855665811,0.0,0.3555788145416485,1.3959876363212225,-0.04760158008943841,97.2085166617517,0.313196335726665,-0.44444444444444453,-1.1871478628641716,-0.35646937309400456,-1.0990289135072786,0.04156501585752623,-0.5028824377187564,0.15883575883575884,0.16762750620626987,-0.5013734827793971,-1.1138592611336342,Medical Care Facilities,Healthcare,OPCH
2017Q1,2017,Q1,2017-05-04,2017-03-31,-19428000.0,217810000.0,2405000.0,-0.72,65584000.0,0.30110646894082,602417000.0,-47858000.0,176023000.0,121732000.0,650275000.0,30549000.0,-662847000.0,201931100.0,658460100.0,-1.6116110891289157,1.4459879078631748,0.7843370954006942,-9.872915708972377,0.005854442926853238,-1.6116110891289157,0.4059509381921518,0.9270974702722556,-2.598454550133827,-4.219380249905972,0.0,4.983010900520475,0.0,0.3615601817345792,1.0305096441362993,-0.03225008590395025,-15.878831485413226,0.30110646894082,-0.5,-2.3466312435374577,-0.34836869794080616,-1.103800366258825,-0.12144675150703282,-0.5578542217945633,0.032188841201716736,0.5595336920500631,-0.4783749464226133,-1.0825666300600374,Medical Care Facilities,Healthcare,OPCH
2016Q4,2016,Q4,2017-03-07,2016-12-31,-12471000.0,240123000.0,2330000.0,-0.48,74650000.0,0.31088233946768945,607740000.0,-31563000.0,176052000.0,130350000.0,639303000.0,36165000.0,-643419000.0,122390320.0,564755320.0,-1.0728142552450226,1.3506098964326811,0.7436304998848192,-14.31847416278554,0.007630051384392536,-1.0728142552450226,0.3951145328390837,0.5096984462129825,-2.4534985165584158,-3.8776516807654535,0.0,4.575501175169363,0.0,0.3951081054398262,0.9311852704257767,-0.02052028828117287,-20.996795333676445,0.31088233946768945,0.0,-1.8735944337137362,-0.7665043235489507,-1.0689037690797019,0.19277782216185987,-0.10715553977272728,-0.46473696301401335,0.6111689339384215,-0.42940542059986925,-1.051507991316152,Medical Care Facilities,Healthcare,OPCH
2016Q3,2016,Q3,2016-11-08,2016-09-30,-11264000.0,224542000.0,4353000.0,-0.48,62585000.0,0.2787229115265741,595401000.0,-24280000.0,159365000.0,140914000.0,619681000.0,33380000.0,-630948000.0,331847140.0,765253140.0,-0.8458014735338686,1.1309380189335339,0.732684358944644,-17.967092257001646,0.01098349089861824,-0.8458014735338686,0.4639209225700165,1.4778844937695397,-7.365215287642046,-13.667509884678749,0.0,4.851917315757939,0.0,0.37712734778745755,0.7559433413287537,-0.018918342428044292,-16.994271521483075,0.2787229115265741,0.14285714285714296,-10.775076501023891,-0.7648041105187101,-1.0559353107669756,-0.02460881491178854,-0.36798639786252124,2.3254392666157373,0.8045614888807635,-0.3642167365721828,-1.0387757501118122,Medical Care Facilities,Healthcare,OPCH
2016Q2,2016,Q2,2016-08-08,2016-06-30,-8234000.0,232462000.0,1309000.0,-0.56,64164000.0,0.276019306381258,543247000.0,-18077000.0,199014000.0,101661000.0,561324000.0,32446000.0,-619683000.0,186624300.0,534658300.0,-0.9880031700051922,1.9576238675598312,0.7353174522822952,-22.09763788239199,0.0034949265653159652,-0.9880031700051922,0.45549593405985506,0.8028163742891311,-5.66627094972067,-10.323853515516955,0.0,5.18701843062319,0.0,0.42791216518452935,1.4760724368243476,-0.015157009610729558,-13.658101580796252,0.276019306381258,0.1764705882352941,-1.6263764414297317,-0.6092764756778669,-1.0659152742998186,-0.0010586623489849296,0.13653523489932887,2.02827965435978,0.1761460155944757,0.0828753798351472,-1.0400626249551561,Medical Care Facilities,Healthcare,OPCH
2016Q1,2016,Q1,2016-05-06,2016-03-31,-9536000.0,238462000.0,-1273000.0,-0.68,64232000.0,0.26935947865907356,503494000.0,-91524000.0,158845000.0,135692000.0,595018000.0,29116000.0,-611449000.0,147169940.0,563048940.0,-5.323406668508528,1.170629071721251,0.8419762698264528,-4.631899829552904,-0.003838691861320475,-5.323406668508528,0.10419125038241335,0.6171630700069612,-3.8582723364093963,-1.6079928761854816,0.0,5.983995054265696,0.0,0.4736143826937362,0.8093402706128585,-0.018939649727702814,-10.990212829512359,0.26935947865907356,0.4333333333333333,-3.5522779846527888,-0.5727149467488547,-1.352894176785549,-0.1163814450008254,0.4829474597408231,0.8016206950288297,0.026782255888165667,-0.006338060713412427,-1.2641046073434823,Medical Care Facilities,Healthcare,OPCH
2015Q4,2015,Q4,2016-03-03,2015-12-31,-18443000.0,243745000.0,-6417000.0,-1.2,72692000.0,0.2982297072760467,546505000.0,-80878000.0,186971000.0,156049000.0,627383000.0,42983000.0,-601913000.0,120330000.0,538737000.0,-4.704944735311227,1.1981557075021307,0.7941080136503783,-5.365909147110463,-0.019323894890022533,-4.704944735311227,0.22803481787383467,0.4936716650597961,-1.6311066529306513,-1.4877964341353644,0.0,3.9795500546727776,0.0,0.44600689838153357,0.7942505238739114,-0.033747175231699615,248.10309278350516,0.2982297072760467,-0.111111111111111,0.7835044799001195,-0.5739205766036073,-1.3182052730328717,0.15122816464216143,-0.09897509236086283,0.6672198309391693,-3.126431538547546,0.11642750229198941,-1.2281924414583274,Medical Care Facilities,Healthcare,OPCH
2015Q3,2015,Q3,2015-11-04,2015-09-30,-16782000.0,247224000.0,-19283000.0,-1.08,63143000.0,0.25540805099828495,562656000.0,-61140000.0,199413000.0,146837000.0,623796000.0,26886000.0,-583470000.0,128547540.0,548020540.0,-3.5576503447673913,1.3580568930174275,0.797849840755275,-7.342410860320576,-0.041866613054066505,-3.5576503447673913,0.27448478900883216,0.5199638384622852,-1.9149615659635326,-2.102511285574092,0.0,6.846723201666295,0.0,0.4393874765398396,1.0258790359378085,-0.029826394813171814,-5.180652883569097,0.25540805099828495,0.925414364640884,-7.637484644986309,-0.5644642997518305,-1.1787591648977653,-0.04279477306491223,0.931448318682396,0.9240841715714257,-0.19864216402475535,0.19566999944445626,-1.1776811202059327,Medical Care Facilities,Healthcare,OPCH
2015Q2,2015,Q2,2015-08-10,2015-06-30,-244808000.0,262363000.0,-254005000.0,-14.48,65966000.0,0.2514302702743908,577149000.0,-43294000.0,185403000.0,134021000.0,620443000.0,42364000.0,-566687000.0,249373740.0,667058740.0,-2.520830300736557,1.3833876780504548,0.7257346023297276,-9.67471243128378,-0.6251189404543674,-2.520830300736557,5.654547974315148,0.9504912659178314,-0.25466257230155875,-5.760006929366655,0.0,4.635940893211217,0.0,0.4545845180360704,0.9897180292640706,-0.42416776257084393,-11.41559807736324,0.2514302702743908,-10.67741935483871,-61.73282044939789,-0.5058732803064067,-1.1283994795936116,-0.0076271568907676805,-11.443857062979719,-51.76381387619443,-3.768066261055729,0.3655993585571372,-1.1191307921905975,Medical Care Facilities,Healthcare,OPCH
2015Q1,2015,Q1,2015-05-08,2015-03-31,-19673000.0,261681000.0,-4814000.0,-1.24,66473000.0,0.2540230280379546,845423000.0,204228000.0,212353000.0,145159000.0,641195000.0,41881000.0,-321879000.0,304061892.84075004,699643892.84075,11.901918790156913,1.4628993035223445,0.4954064415091617,2.050786376011125,-0.008792223342072006,11.901918790156913,-0.09632861311867129,1.1619563240768342,-3.8639492304268543,1.4888354821119045,0.0,4.661015735058857,0.0,0.3095267102976853,1.1015989363387733,-0.023270008031482464,-10.09736302728888,0.2540230280379546,0.6630434782608696,-0.6322245734392155,-0.5354770902778347,-0.5260255702489427,0.013184367760029264,0.6908025021217741,0.8982628175324401,-4.864707477279266,0.3548534154892133,-0.23342328807824808,Medical Care Facilities,Healthcare,OPCH
2014Q4,2014,Q4,2015-03-02,2014-12-31,-63626000.0,253678000.0,-47318000.0,-3.68,65608000.0,0.25862707842225185,824713000.0,216805000.0,188215000.0,162313000.0,607908000.0,37215000.0,-302206000.0,479772612.84075,902835612.84075,12.63487623293559,1.1595805634792038,0.5138793737942775,1.9547658033716935,-0.0775015465272587,12.63487623293559,-0.29347109153386686,1.8912661438546108,-1.8851279855748828,2.2129222704308016,0.0,5.053607416364369,0.0,0.3075954907949796,0.8720804864675041,-0.07714926283446484,-219.97827273762036,0.25862707842225185,-0.6140350877192985,-1.9300682771415802,-0.5582310944818326,-0.1722689366505629,0.009322790067997909,-0.6436579695169207,-0.8142013649260026,-8.641852274683236,-0.5770555545619395,-0.18849829777292645,Medical Care Facilities,Healthcare,OPCH
2014Q3,2014,Q3,2014-11-07,2014-09-30,-38710000.0,243959000.0,-26082000.0,-2.28,65002000.0,0.2664464110772712,858843000.0,278527000.0,215558000.0,135519000.0,580316000.0,33777000.0,-238580000.0,474129632.84625,897409632.84625,16.237091015084165,1.5906109106472155,0.49284910047587277,1.5197090407752212,-0.039176313387128375,16.237091015084165,-0.1389811400690059,1.9434808014717637,-3.0620616949512396,1.7022753013038234,0.0,5.298191076768215,0.0,0.2840554094287314,1.259107579011061,-0.045072265827398025,-91.86778392680682,0.2664464110772712,-0.9655172413793103,-4.824661478995007,-0.5846030642891255,0.40330011055512843,-0.005416488157169962,-0.9532748006862448,-3.0670513020427257,-57.21754330068706,-0.5723680418289693,0.0738060411336355,Medical Care Facilities,Healthcare,OPCH
2014Q2,2014,Q2,2014-08-11,2014-06-30,-19818000.0,247125000.0,-6413000.0,-1.16,65356000.0,0.26446535154274153,883822000.0,315022000.0,238793000.0,125580000.0,568800000.0,34478000.0,-199870000.0,571023137.117,988220137.117,18.404042764503124,1.9015209428252906,0.47378770838472,1.3292531950149513,-0.010461617393615308,18.404042764503124,-0.06290989200754234,2.3106651982478503,-7.203339604362196,1.8126452664163137,0.0,5.272028539938511,0.0,0.27960946887495447,1.5291129160694379,-0.022423067088169338,-64.47139405182341,0.26446535154274153,0.21621621621621626,-3.562388204904975,-0.5745839303070964,0.7035016220891669,0.0032851309447054127,0.2171130599668168,0.4390307907627712,-5.756881537218608,-0.5560085148556737,0.2278376870404568,Medical Care Facilities,Healthcare,OPCH
2014Q1,2014,Q1,2014-05-12,2014-03-31,-25314000.0,239643000.0,-11432000.0,-1.48,65142000.0,0.2718293461524017,900076000.0,332656000.0,251349000.0,127565000.0,567420000.0,34754000.0,-180052000.0,475833580.0,885249580.0,19.518915667952648,1.970360208521146,0.46514849857123175,1.258564402866625,-0.01763785042181866,19.518915667952648,-0.07609662834880478,1.9855934869785472,-4.699312435806274,1.430407327689866,0.0,5.021033550094953,0.0,0.2662475168763527,1.6018735546584095,-0.02812429172647643,-16.382069131722098,0.2718293461524017,-0.3214285714285713,-5.375600760617488,-0.5822716564666613,0.8971278011338686,-0.1300829293698169,-0.3639743520663829,-1.39213224523959,-7.834837325867605,-0.5668194568332114,0.2939292647199847,Medical Care Facilities,Healthcare,OPCH
2013Q4,2013,Q4,2014-03-03,2013-12-31,-18559000.0,243512000.0,-4779000.0,-1.12,74883000.0,0.3075125661158382,936858000.0,354583000.0,236956000.0,174306000.0,582275000.0,34341000.0,-154738000.0,503917800.0,938495800.0,20.82811283903843,1.359425378357601,0.46493598816469517,1.2284260666755034,-0.007261246597111046,20.82811283903843,-0.05234035472653793,2.0693756365189393,-6.788051619160515,1.4211561185956463,0.0,4.910427768556536,0.0,0.2599241293771308,1.0802955721547165,-0.019809832439921526,-22.917855193742042,0.3075125661158382,0.4716981132075471,0.8622471799920668,-0.6223896701535715,1.109746537693089,0.09028566436620948,0.4555402352803121,-94.70588235294117,0.7800217169792921,-0.5701834818027083,0.40864892268862635,Medical Care Facilities,Healthcare,OPCH
2013Q3,2013,Q3,2013-11-12,2013-09-30,-34087000.0,208879000.0,51000.0,-2.12,68682000.0,0.32881237462837337,926300000.0,370335000.0,222118000.0,133538000.0,555965000.0,30326000.0,-136179000.0,596267343.022,1011874343.022,21.812639886912475,1.6633317857089367,0.4486742955845838,1.1222460745001148,6.323625712388019e-05,21.812639886912475,-0.09204369017241147,2.8546064612622617,-4.373128634244727,1.6100755883780902,0.0,4.622996768449515,0.0,0.22549821871963727,1.336578352229328,-0.03679909316636079,-23.736757285907643,0.32881237462837337,-2.7857142857142856,-14.670622777160931,-0.6713734001694952,0.22018378349846732,0.0564511167169138,-2.838626126126126,1.0389016018306636,-14.646592904093515,-0.6275194902468784,0.09600689009113383,Medical Care Facilities,Healthcare,OPCH
2013Q2,2013,Q2,2013-08-08,2013-06-30,-8880000.0,190733000.0,-1311000.0,-0.56,65012000.0,0.34085344434366366,746712000.0,400903000.0,274411000.0,99382000.0,345809000.0,25921000.0,-102092000.0,1066409967.4875,1210263967.4875,24.661468665897733,2.7611740556640036,0.3019838974062289,0.5624677291015533,-0.002226218654760174,24.661468665897733,-0.022149996383165005,5.591114109710957,-30.02280313872466,2.660019923740905,0.0,4.850160101847923,0.0,0.25543047386408685,2.398643617556499,-0.011892135120367691,-64.36564265376026,0.34085344434366366,0.0,-4.225717670711056,-0.6780725044556258,0.39220786742749075,0.028069010231351898,-0.09251968503937008,-0.40364025695931477,-3.3274188267152804,-0.6204881655939264,0.25614157438134966,Medical Care Facilities,Healthcare,OPCH
2013Q1,2013,Q1,2013-05-09,2013-03-31,-8128000.0,199071000.0,-934000.0,-0.56,63237000.0,0.3176605331766053,665714000.0,287466000.0,190027000.0,133157000.0,378248000.0,22819000.0,-93212000.0,724496885.73825,977860885.73825,20.156432415376795,1.4270898262952756,0.38058986291410424,0.8813703185768056,-0.0017404890420521417,20.156432415376795,-0.028274648132300864,3.6393893924190364,-22.28398393633889,2.5202872191433072,0.0,5.952671019764232,0.0,0.2990338193278195,1.1875229991663976,-0.012209447300191974,-43.90092018046719,0.3176605331766053,-2.166666666666667,-10.403398551174417,-0.593178272699838,0.15475086634489196,0.04709155034523869,-2.132033426183844,-1.2966963151207116,0.1886308378413032,-0.5748243077307947,-0.19730307958453225,Medical Care Facilities,Healthcare,OPCH
2012Q4,2012,Q4,2013-03-15,2012-12-31,7180000.0,180738000.0,3148000.0,0.48,60393000.0,0.3341466653387777,642376000.0,293409000.0,235427000.0,108269000.0,348967000.0,34034000.0,-85084000.0,613049968.461,777327968.461,20.618319806050383,2.1744636045405423,0.352408869571715,0.7715475667072244,0.002673898993112548,20.618319806050383,0.024470960331823496,3.3919262604488263,21.345750990981895,2.0894041030132002,0.0,3.536022800728683,0.0,0.2813585812670461,1.7660087374964208,0.011177254442880804,-171.3866280293542,0.3341466653387777,1.5999999999999999,0.9139714463811215,-0.6067557344090497,0.18401231511402547,0.041186814702434314,1.6223994452149793,-0.07028942705256941,-0.8734439833845747,-0.6204753805981175,0.35073929201248916,Medical Care Facilities,Healthcare,OPCH
2012Q3,2012,Q3,2012-11-09,2012-09-30,-11536000.0,170365000.0,3386000.0,-0.8,58004000.0,0.34046899304434597,656820000.0,283521000.0,254785000.0,130597000.0,373299000.0,36596000.0,-92264000.0,524486414.15999997,683751414.16,20.022669491525424,1.9509253658200418,0.34476264425565606,0.798695687444669,0.0012912174657169356,20.022669491525424,-0.04068834407327852,3.0786042565080853,-11.366297116851594,1.8499032317182853,0.0,3.070308230407695,0.0,0.25937852075149964,1.6028009831772552,-0.01756341158917207,345.51147177865613,0.34046899304434597,-1.1550387596899225,-5.5970528889521916,-0.6206242409446958,0.16069822790228416,0.09356912577063027,-1.1607446423097287,0.1835022719328906,-2.3807685955531697,-0.6485830989654224,0.730470949812606,Medical Care Facilities,Healthcare,OPCH
2012Q2,2012,Q2,2012-08-09,2012-06-30,71766000.0,155901000.0,2861000.0,5.16,53041000.0,0.3402223205752368,674918000.0,294899000.0,311859000.0,138997000.0,380019000.0,21242000.0,-80727000.0,414192766.06350005,533215766.06350005,21.160190865712337,2.243638351906876,0.3814478203278028,0.8729971956500361,0.0056596072008869205,21.160190865712337,0.2433578954150404,2.6567678594973736,1.4428586171149986,1.4045241457702469,0.0,4.842293569343753,0.0,0.23099250575625482,2.049626970366267,0.10633291748034576,24.394414633576773,0.3402223205752368,26.8,99.15616303825011,-0.6445103407590346,0.2438644301375516,-0.008986958633832816,27.550499445061043,-0.29253214638971314,10.396664795111146,-0.6703750772196952,0.9586141982337719,Medical Care Facilities,Healthcare,OPCH
2012Q1,2012,Q1,2012-05-10,2012-03-31,-2703000.0,155633000.0,4044000.0,-0.2,53522000.0,0.3438987875322072,674036000.0,214675000.0,294569000.0,218367000.0,459361000.0,13783000.0,-152494000.0,375534530.0,666905530.0,15.526063608584808,1.3489629843337134,0.43227809790574984,1.3572656340980551,0.006402589393998268,15.526063608584808,-0.0125911261208804,2.412949245982536,-34.733123381428044,1.7493165482706416,0.0,7.408474207356889,0.0,0.2308971627628198,1.1090183040477728,-0.004010171563536666,383.9821370143149,0.3438987875322072,-1.4121851244596808,-0.3602345087914421,-0.6440050641209694,-0.08048964227921136,-0.34535269151265335,-1.4028916380980772,-0.7279515640766903,-1.575893957786314,-0.6656121814777752,0.5090452469334645,Medical Care Facilities,Healthcare,OPCH
2011Q4,2011,Q4,2012-03-14,2011-12-31,6709000.0,483305000.0,14865000.0,0.4852188692208943,81757000.0,0.1691623302055638,677102000.0,215279000.0,292469000.0,220774000.0,461823000.0,56745000.0,-149791000.0,301976220.0,595435220.0,15.569747048294067,1.3247438557076467,0.4334044206042812,1.3631566478848378,0.025064915291044966,15.569747048294067,0.031164210164484226,0.6248150132938828,11.252653897749292,1.4027202839106463,0.0,7.076359150585954,0.0,0.7137846291991458,1.0210079085399548,0.009908403756007218,-19.45848443843031,0.1691623302055638,11.130471730522357,1.162215582371066,0.12102930972794505,-0.09828369856496427,0.060897435897435896,11.242700729927007,0.8752365333669736,1.0613128630284119,-0.07723170462628377,0.577109754577847,Medical Care Facilities,Healthcare,OPCH
2011Q3,2011,Q3,2011-11-09,2011-09-30,548000.0,454021000.0,7927000.0,0.04,77064000.0,0.16973664213769848,650861000.0,206429000.0,263806000.0,204179000.0,444432000.0,37977000.0,-156500000.0,347300533.65174997,626225533.65175,15.121065064918417,1.2920329710695027,0.42854772370751976,1.3511909663855368,0.01035898158488062,15.121065064918417,0.0026546657688599953,0.7649437661512353,158.4400244761633,1.6824212375768424,0.0,9.925928851673381,0.0,0.6975698344193307,1.0424627410262564,0.0008419616477250903,836.8687557873493,0.16973664213769848,1.25,1.110702660086418,0.10649264677803288,-0.25314829537386774,0.01107320913146156,1.235597592433362,0.7533731475337315,-0.7266756775395875,-0.11165415114090795,-0.15413822090792006,Medical Care Facilities,Healthcare,OPCH
2011Q2,2011,Q2,2011-08-09,2011-06-30,-2326000.0,441406000.0,4521000.0,-0.16,76220000.0,0.17267549602859952,644641000.0,203468000.0,259977000.0,204047000.0,441173000.0,40502000.0,-157048000.0,352394006.4255,625704006.4254999,14.988986703009319,1.2741035153665576,0.42397241255210266,1.3432579078774058,0.008263793116691068,14.988986703009319,-0.011431773055222442,0.7983443959200826,-37.87553809388435,1.7319382233348732,0.0,9.01649301269073,0.0,0.6847315017195618,0.9881399873558543,-0.0036082098408261342,93.57249241250663,0.17267549602859952,-1.7999999999999998,0.7207523842447197,0.08228150380794823,-0.2693709101702782,-0.013512114309380823,-1.7908874532471948,-0.566497267235593,-2.011858130335621,-0.10779019609379456,-0.15383039447476535,Medical Care Facilities,Healthcare,OPCH
2011Q1,2011,Q1,2011-05-05,2011-03-31,2941000.0,439297000.0,10429000.0,0.2,77264000.0,0.17588100988625008,650455000.0,204149000.0,264682000.0,209208000.0,446306000.0,42883000.0,-154722000.0,252801110.0,530434110.0,15.084994365728853,1.2651619440939161,0.42682891206924384,1.3599527795874582,0.02002610984083444,15.084994365728853,0.014406144531690089,0.5754674172598493,21.489383713022782,1.2383166706670128,0.0,8.442343119651143,0.0,0.6753687803153178,0.9770324270582387,0.004521450369356835,8.758656757786786,0.17588100988625008,1.0403574037902397,2.7484023554187345,0.007278592318592652,-0.2843983856731689,0.06435970905884945,1.0438516707173424,3.875379101185553,5.348268440944098,-0.053926030369716084,-0.13578901495760667,Medical Care Facilities,Healthcare,OPCH
2010Q4,2010,Q4,2011-03-16,2010-12-31,-67067000.0,450372000.0,-3627000.0,-4.955720170690706,72592000.0,0.16118231151137283,663986000.0,200101000.0,276927000.0,226790000.0,463885000.0,66509000.0,-157663000.0,283115590.0,589584590.0,14.785879223394232,1.2210723576877287,0.46155943046991954,1.5315715563640362,-0.022523183177920177,14.785879223394232,-0.3351657413006432,0.6286260913200643,-1.0553461091147658,1.4148634439607999,0.0,5.680133515764783,0.0,0.6782853855352372,0.8541911019004366,-0.10100664773052444,-8.937857999747443,0.16118231151137283,-31.973251066816914,-1.0380577248511567,0.017310559561449144,-0.2975451703972719,-0.037037037037037035,-35.130788804071244,-1.297197640117994,-19.79913840982304,0.030391727731739007,-0.15091708466224796,Medical Care Facilities,Healthcare,OPCH
2010Q3,2010,Q3,2010-11-03,2010-09-30,1965000.0,441153000.0,12204000.0,0.16,75384000.0,0.17087949078890996,743881000.0,265815000.0,340254000.0,159518000.0,478066000.0,66322000.0,-90596000.0,275672986.64375,543309986.64375,19.901918577445016,2.1330132022718438,0.4283158193313178,1.1986381505934578,0.010052139550473425,19.901918577445016,0.00739235934766661,0.6248920139809772,35.07289906409033,1.0370858929847826,0.0,5.515047797111064,0.0,0.5930424355508476,1.4885655537306135,0.002641551538485322,11.37077159890076,0.17087949078890996,-0.3333333333333333,1.1191554784325208,0.03737471105813155,-0.15482570636222798,0.025297861922637506,-0.3718030690537084,-0.09720372836218376,-0.16983289338196667,0.041494906985647124,0.15369839343715302,Medical Care Facilities,Healthcare,OPCH
2010Q2,2010,Q2,2010-08-03,2010-06-30,3128000.0,412030000.0,13518000.0,0.24,73524000.0,0.17844331723418197,718706000.0,261655000.0,317944000.0,133919000.0,457051000.0,54088000.0,-92562000.0,279344386.6725,565980386.6725,19.632714312511723,2.3741515393633463,0.44692683795599314,1.227605052454568,0.013703389973673813,19.632714312511723,0.01195467313829279,0.677970989181613,22.32611786065377,1.0676057658844662,0.0,6.258430705516935,0.0,0.5732942260117488,1.699699071827,0.004352266434397375,-117.96637950696791,0.17844331723418197,1.3333333333333333,1.6104424499277756,-0.006865345145352287,-0.16508097377474062,0.8892029395138497,1.4363230576091506,1.145033322754681,3.564894132884382,-0.01754665091944838,0.15407441999761268,Medical Care Facilities,Healthcare,OPCH
2010Q1,2010,Q1,2010-05-05,2010-03-31,-7169000.0,335068000.0,6302000.0,-0.72,38918000.0,0.11614955770172025,714563000.0,256288000.0,313460000.0,134694000.0,458275000.0,60406000.0,-95690000.0,326191739.79375,610514739.79375,25.110887936313535,2.327200914665835,0.45002050204110766,1.2547134473717068,0.008255084357342258,25.110887936313535,-0.027972437258084654,0.9735090781386166,-11.375078106909958,1.2727546346054048,0.0,4.902658676290435,0.0,0.468913167908218,1.6070277814898957,-0.010032705303801064,-14.348820648121674,0.11614955770172025,-1.1805971983288277,-3.6952507942991932,0.11463549144799819,-0.26846779515947367,-0.07223228759416421,-1.1761857950356354,10.5052790346908,-3.887426414463022,0.03831467658085571,0.48715876291008636,Medical Care Facilities,Healthcare,OPCH
2009Q4,2009,Q4,2010-03-02,2009-12-31,40690000.0,341551000.0,-663000.0,3.9867728107777096,41948000.0,0.12281621192735492,287220000.0,155793000.0,219281000.0,128203000.0,131427000.0,51256000.0,-88521000.0,341296989.79375,374122989.79375,15.264470300061237,1.7104201929752034,0.11428869855859619,0.2107026631491787,0.12862073676671726,15.264470300061237,0.2611798989685031,0.9992563037255051,2.0969340734440283,2.1907081177828913,0.0,5.845227875760886,0.0,1.1891616182717082,1.1787009664360428,0.14166840749251444,45.21088750745132,0.12281621192735492,6.119237162103052,20.520162265096726,0.28301455196944236,-0.15597638136682396,0.01089261615577405,6.080215764746824,-1.0995346044137517,2.3328349623333007,0.07326050747408067,-0.11596369166162684,Medical Care Facilities,Healthcare,OPCH
2009Q3,2009,Q3,2009-11-02,2009-09-30,5747000.0,333476000.0,6661000.0,0.56,41496000.0,0.12443474193045377,240180000.0,112701000.0,199025000.0,122872000.0,127479000.0,47833000.0,-129211000.0,263376369.74025,302960369.74025,11.570647570647571,1.6197750504590143,0.16480972603880423,0.35123024640420225,0.04045314155941348,11.570647570647571,0.05099333635016548,0.7897910786390925,11.457124140431963,2.336947939594591,0.0,6.104154035916626,0.0,1.3884420018319594,1.199020118497298,0.023927887417770004,-33.25459213892045,0.12443474193045377,0.2727272727272728,0.9103031528505784,0.18192978631291604,-0.4357478734834915,0.08096280087527352,0.3129997715330135,0.2849151234567901,2.6271849472400275,0.1390830710722303,-0.42850865169443814,Medical Care Facilities,Healthcare,OPCH
2009Q2,2009,Q2,2009-08-04,2009-06-30,4377000.0,328749000.0,5184000.0,0.44,38388000.0,0.11676993694277397,231932000.0,104655000.0,189744000.0,123050000.0,127277000.0,48504000.0,-134958000.0,229388160.0,265825160.0,10.80365438216166,1.5420073140999593,0.15710208164461997,0.34816301180067843,0.03382828434276112,10.80365438216166,0.04182313315178444,0.6977607840632215,13.10190541466758,2.1918509387989107,0.0,5.986331024245423,0.0,1.4174370073987204,1.1151076798049573,0.018871910732456063,75.28328191663931,0.11676993694277397,0.375,0.2894698354487229,0.22283772191240314,-0.465457719825602,0.06662961933870519,0.3324200913242009,0.21036656549147795,1.7363611242033261,0.12953836597381715,-0.4733824023948931,Medical Care Facilities,Healthcare,OPCH
2009Q1,2009,Q1,2009-05-05,2009-03-31,3285000.0,325749000.0,4283000.0,0.32,35990000.0,0.11048383878384892,227177000.0,99566000.0,186862000.0,123652000.0,127611000.0,39040000.0,-139335000.0,90579060.0,126693060.0,10.288666718334238,1.5111927020994405,0.15896855755644276,0.36271417953920015,0.028109877833513198,10.288666718334238,0.03299319044653797,0.27806396949798773,6.8933835616438355,0.9097388666813973,0.0,7.422105532786885,0.0,1.4338995584940377,1.1695079739915246,0.014460090590156575,6.32093928820656,0.11048383878384892,1.0404356001253525,-0.1373848411613258,0.2595256554123949,-0.4808103347340856,-0.05267036929799163,1.0428940770918207,-0.9444883675717711,3.731063991716741,0.044538859992445314,-0.5119264658369671,Medical Care Facilities,Healthcare,OPCH
2008Q4,2008,Q4,2009-03-05,2008-12-31,-76584000.0,366573000.0,77155000.0,-7.913818491823607,37991000.0,0.10363829305486219,246957000.0,95537000.0,206642000.0,147798000.0,151420000.0,45227000.0,-142620000.0,85933980.00000001,136344980.0,9.872329432431734,1.398137999161017,0.20412865397619828,0.5276594408449082,0.4465736038757303,9.872329432431734,-0.8016161277829532,0.23442528500462395,-0.2805219758696334,0.8994837602185543,0.0,7.265173458332412,0.0,1.4843596253598805,1.073417772906264,-0.31011066703920115,17.0166297029703,0.10363829305486219,-50.461365573897545,-46.430186915653714,0.536260683864331,-0.4930165331999888,0.05293644854632632,-55.314893617021276,26.467070131719474,-2.25458628711941,0.15795794785028788,-0.5309805129296281,Medical Care Facilities,Healthcare,OPCH
2008Q3,2008,Q3,2008-11-06,2008-09-30,1410000.0,359427000.0,2809000.0,0.16,36081000.0,0.1003847791067449,336963000.0,171628000.0,203053000.0,147757000.0,165335000.0,36155000.0,-66036000.0,114440940.0,169464940.0,17.876520063536702,1.3742360768017758,0.16329389280128678,0.3206003682382828,0.008165777136871364,17.876520063536702,0.008215442701657073,0.31839828393526365,20.29094680851064,0.6667964434707624,0.0,8.943327340616788,0.0,1.0666660731296909,1.1067766670952983,0.0041844356798817674,-3.2499627978303467,0.1003847791067449,0.0,-0.3531836575267557,0.5897548568226633,-0.0006731036465366687,0.009936740749034317,-0.12909203211859172,-0.16597387173396674,1.115430480823639,0.17580823152850056,-0.24083825593960712,Medical Care Facilities,Healthcare,OPCH
2008Q2,2008,Q2,2008-08-05,2008-06-30,1619000.0,348440000.0,3368000.0,0.16,35726000.0,0.10253128228676386,318438000.0,169354000.0,185279000.0,132268000.0,149084000.0,36302000.0,-67446000.0,99046780.0,118857780.0,17.713927095863188,1.4007847703148153,0.062213052462331754,0.11697981742385771,0.01071184917447497,17.713927095863188,0.009559856867862584,0.2842577775226725,15.294437924644841,0.5848505497360558,0.0,8.614236130240759,0.0,1.0942161425458017,1.1051577101037289,0.005084192213240882,3.463537433996573,0.10253128228676386,5.0,-0.7354744207581928,0.24151463325595582,0.006187919167808675,0.1036080563449895,4.39412997903564,17.205405405405404,1.4404462496790438,0.17078025298456587,-0.24668109940977384,Medical Care Facilities,Healthcare,OPCH
2008Q1,2008,Q1,2008-05-06,2008-03-31,-477000.0,327471000.0,185000.0,-0.04,32372000.0,0.09885455505983735,315101000.0,166597000.0,181960000.0,132619000.0,148504000.0,34515000.0,-69065000.0,258076529.54425,306585529.54425,17.455221730361213,1.3720507619571856,0.1539474644637751,0.291175711447385,0.0010255990070011992,17.455221730361213,-0.0028631968162692004,0.7880897225838319,-135.26023561019392,1.5491067038677167,0.0,8.549876865131102,0.0,1.0392572540233131,1.0897684343872296,-0.001513800337034792,-17.624566656030186,0.09885455505983735,-1.1517368839427662,-1.082782504261682,0.19340494675400213,0.06321630515192388,-0.07682655563793989,-1.1895866454689985,-0.939522719843086,-1.1917711960135673,0.16492282712954234,-0.49149321717430283,Medical Care Facilities,Healthcare,OPCH
2007Q4,2007,Q4,2008-03-07,2007-12-31,2516000.0,308254000.0,3059000.0,0.26361421798465046,35066000.0,0.11375683689424955,296822000.0,166203000.0,164001000.0,114788000.0,130619000.0,33598000.0,-68588000.0,295108210.0,328886210.0,17.413940330565524,1.4287294839181797,0.11379884240386494,0.20323339530574058,0.01566376726016892,17.413940330565524,0.015138114233798428,0.9573540327132819,29.323152821939587,1.7755889484546008,0.0,8.131079230906602,0.0,1.038514665354994,1.123540788235704,0.008476460639709995,135.18470453504352,0.11375683689424955,0.6475888624040653,-0.6549312746782394,0.22945262554231077,0.06027472970579825,-0.017263606300095286,0.5102040816326531,-0.030120481927710843,0.42296062897790426,0.23825228269135446,-0.037124993953628706,Medical Care Facilities,Healthcare,OPCH
2007Q3,2007,Q3,2007-11-05,2007-09-30,1666000.0,298133000.0,3154000.0,0.16,35682000.0,0.11968483864583927,291992000.0,162168000.0,160153000.0,113699000.0,129824000.0,33383000.0,-71103000.0,242163320.0,278321320.0,17.250538520862698,1.4085699962180847,0.1238321597851996,0.22296630654629768,0.010921096303180456,17.250538520862698,0.010273296827980859,0.812266069170471,36.33903361344538,1.493286715011593,0.0,7.861815894317467,0.0,1.0210313981204964,1.1020061741967828,0.005705635770843037,44.82015917083102,0.11968483864583927,3.0,-0.7736509993988279,0.3131455168814035,0.1428895210754283,0.07085621680021607,2.4564315352697097,0.2600878945265681,-0.42622226344594116,0.0948250984217388,-0.15876332897356044,Medical Care Facilities,Healthcare,OPCH
2007Q2,2007,Q2,2007-08-06,2007-06-30,482000.0,295004000.0,2503000.0,0.04,33321000.0,0.1129510108337514,298555000.0,159480000.0,166762000.0,123508000.0,139075000.0,34800000.0,-72769000.0,179995209.37475,221860209.37475,17.011653644097176,1.3502121320076432,0.140225419102008,0.2625094055680963,0.0036380900074201965,17.011653644097176,0.0030223225482819164,0.6101449789655394,93.35851108648859,1.128638132522887,0.0,7.519626436781609,0.0,0.988106044112475,1.0577290539884057,0.00161444289996818,21.50223502266754,0.1129510108337514,1.25,-0.9359939963943736,0.32907339399992425,0.18910865740237134,0.011320869248512808,1.3578322197475872,17.404411764705884,-0.8532725792180768,0.13386642671649943,-0.15829886751399955,Medical Care Facilities,Healthcare,OPCH
2007Q1,2007,Q1,2007-05-07,2007-03-31,-1347000.0,296342000.0,136000.0,-0.16,32948000.0,0.11118235012249361,310233000.0,158256000.0,177557000.0,137244000.0,151977000.0,36616000.0,-73252000.0,117343700.0,167527700.0,16.885142704721257,1.293732330739413,0.16176551172828166,0.317112779294308,0.0009260984207871382,16.885142704721257,-0.008511525629360025,0.39597390852461006,-21.778711952487008,0.7414802598321707,0.0,7.193412715752676,0.0,0.9552239768174243,0.9916353356066567,-0.0043418978638636125,43.39633875739645,0.11118235012249361,0.946509719992866,-1.1555384463832183,0.17491288799392843,0.2328422853653162,0.07088763935385316,0.9519529159978598,-0.9424216765453006,-1.3652126560966718,0.18307872904473668,-0.14793706232028075,Medical Care Facilities,Healthcare,OPCH
