Quarters,Year,Quarter,FillingDate,Date,NetIncome,Revenue,OperatingIncome,EPSDiluted,GrossProfit,GrossProfitRatio,TotalAssets,CommonStockEquity,CurrentAssets,CurrentLiability,TotalLiability,Inventory,RetainedEarnings,MarketCap,EnterpriseValue,bookValuePerShare,currentRatio,debtToAssets,debtToEquity,roic,shareholdersEquityPerShare,roe,priceToSalesRatio,peRatio,pbRatio,payoutRatio,inventoryTurnover,dividendYield,assetTurnover,quickRatio,returnOnAssets,priceToFreeCashFlowsRatio,grossProfitMargin,epsdilutedGrowth,fiveYNetIncomeGrowthPerShare,fiveYRevenueGrowthPerShare,fiveYShareholdersEquityGrowthPerShare,grossProfitGrowth,netIncomeGrowth,operatingIncomeGrowth,threeYNetIncomeGrowthPerShare,threeYRevenueGrowthPerShare,threeYShareholdersEquityGrowthPerShare,Industry,Sector,Symbol
2024Q1,2024,Q1,2023-06-08,2023-04-30,136000000.0,2157900000.0,-708800000.0,2.14,1250300000.0,0.5794059039,11491200000.0,5126400000.0,3353200000.0,2396200000.0,6364800000.0,1718100000.0,4886700000.0,5284874461.17,8698574461.17,81.64604309341988,1.3993823553960438,0.3296000417710944,0.7388225655430711,-0.05253160382217814,81.64604309341988,0.026529338327091135,2.44908219156124,9.714842759503675,1.0309134014454588,0.01764705882352941,0.5282579593737268,0.0004541262082257054,0.1877871762740184,0.5434020532509807,0.011835143414090782,-39.64647007629407,0.5794059038880393,-0.018348623853211024,-0.06912042880358721,0.1448073157960281,0.131242123872816,-0.10082704063286588,-0.01946647440519106,-4.204339963833634,1.141004291321082,0.825798768782639,0.29160443941821673,Apparel Manufacturing,Consumer Cyclical,PVH
2023Q4,2023,Q4,2023-03-28,2023-01-29,138700000.0,2488700000.0,221200000.0,2.18,1390500000.0,0.558725439,11768300000.0,5012700000.0,3580400000.0,2767500000.0,6755600000.0,1802600000.0,4753100000.0,5505475000.0,8783575000.0,79.4405705229794,1.2937308039747064,0.32534860600086674,0.7638198974604504,0.010763374135525413,79.4405705229794,0.027669718913958544,2.2121890947080805,9.92335075702956,1.0983053045265028,0.017303532804614274,0.6092311106179962,0.0004359296881740449,0.21147489441975476,0.5405239385727191,0.011785899407730938,25.07046903460838,0.5587254389842087,1.7569444444444446,0.5720960803932024,0.22477420968554226,0.11346511678766004,0.09127295557997174,1.7429030530262453,0.7015384615384616,3.3742070191444036,0.1039962834792758,-0.00485700179421828,Apparel Manufacturing,Consumer Cyclical,PVH
2023Q3,2023,Q3,2022-12-08,2022-10-30,-186700000.0,2280800000.0,130000000.0,-2.88,1274200000.0,0.5586636268,11405900000.0,4822800000.0,3654700000.0,2705500000.0,6583100000.0,1821200000.0,4616800000.0,3325536000.0,6508436000.0,74.42592592592592,1.3508408796895213,0.31912431285562737,0.7547275441652153,0.01057565000225535,74.42592592592592,-0.03871195156340715,1.4580568221676604,-4.453047670058918,0.6895446628514557,-0.01339046598821639,0.5527124972545574,0.0007517585135148138,0.19996668390920488,0.5393827388652744,-0.016368721451178774,-16.73646703573226,0.5586636267976148,-2.6744186046511627,-1.931081356579545,0.15433565371339383,0.09587490458190284,0.04485444854448545,-2.619254119687771,0.7639077340569878,-2.0177756827892264,0.0051773895212727065,-0.08103859151460702,Apparel Manufacturing,Consumer Cyclical,PVH
2023Q2,2023,Q2,2022-09-08,2022-07-31,115300000.0,2132000000.0,73700000.0,1.72,1219500000.0,0.5719981238,11922300000.0,5206400000.0,3584400000.0,2656500000.0,6715900000.0,1689900000.0,4806000000.0,4144518000.0,7113518000.0,78.17417417417417,1.3492941840767927,0.3076839200489838,0.7045751382913338,0.005246009600909808,78.17417417417417,0.022145820528580207,1.9439577861163226,8.986379011274934,0.7960429471419791,0.022549869904596703,0.5399727794544056,0.0006273347105743057,0.17882455566459493,0.5785055524185959,0.009670952752405157,49.3395,0.5719981238273921,-0.11340206185567009,0.12522798487710765,0.20321490629234978,0.19366281024312096,-0.015500121094696052,-0.13373403456048083,-0.44794007490636706,-0.3307695292191416,0.012815539505328996,-0.00413368730891773,Apparel Manufacturing,Consumer Cyclical,PVH
2023Q1,2023,Q1,2022-06-09,2022-05-01,133100000.0,2122700000.0,133500000.0,1.94,1238700000.0,0.5835492533,11889300000.0,5268500000.0,3365000000.0,2428700000.0,6620800000.0,1389700000.0,4693300000.0,5084360000.0,8133660000.0,77.4779411764706,1.3855148845061145,0.31944689763064266,0.7208882983771472,0.008895978429585965,77.4779411764706,0.025263357691942677,2.3952324869270267,9.549887302779865,0.9650488753914775,0.019534184823441023,0.6361085126286249,0.0005113721294322197,0.17853868604543582,0.6675176020093054,0.011194939988056488,-14.289938167509836,0.5835492533094644,-0.6498194945848376,1.17421875,0.22730266465560578,0.24282564102564114,-0.1253971616183012,-0.6594165813715456,-0.4048149799375836,0.7950358680057388,-0.00375314238923939,0.011254217906897195,Apparel Manufacturing,Consumer Cyclical,PVH
2022Q4,2022,Q4,2022-03-30,2022-01-30,390800000.0,2429700000.0,224300000.0,5.54,1416300000.0,0.5829114706,12396800000.0,5288800000.0,3653700000.0,2787500000.0,7108000000.0,1348500000.0,4562800000.0,6612696000.0,9323196000.0,75.98850574712644,1.3107443946188342,0.31887261228704183,0.7474285282105582,0.04058504773154724,75.98850574712644,0.07389199818484345,2.7216100753179404,4.230230296827021,1.2503206776584481,0.006908904810644831,0.7515016685205784,0.0004083054778262905,0.19599412751677853,0.7202869955156951,0.03152426432627775,16.920921187308085,0.5829114705519199,0.4278350515463918,3.410545720188565,0.3101200769591956,0.2510543874696017,0.05293286744479964,0.39721129781909187,-0.40739762219286657,1.6747930382634768,0.06246251874062981,-0.01425391494513209,Apparel Manufacturing,Consumer Cyclical,PVH
2022Q3,2022,Q3,2021-12-08,2021-10-31,279700000.0,2332500000.0,378500000.0,3.88,1345100000.0,0.5766773848,12816000000.0,5171700000.0,3858900000.0,2659300000.0,7644300000.0,1379600000.0,4172000000.0,8043605000.0,11091405000.0,72.94358251057828,1.4510961531230022,0.339146379525593,0.8404393139586597,0.02681023838704846,72.94358251057828,0.054082796759286116,3.4484908896034296,7.189493207007509,1.5553115996674207,0.0,0.7157146999130183,0.0,0.181999063670412,0.8405595457451209,0.021824282147315854,42.22364829396326,0.5766773847802786,0.5458167330677292,1.50078792254442,0.17269343738505205,0.2171717666492006,0.008623275344931014,0.5376580538757559,0.39359351988217967,0.23980856113935012,-0.004380484509912886,-0.019064686367637074,Apparel Manufacturing,Consumer Cyclical,PVH
2022Q2,2022,Q2,2021-09-09,2021-08-01,181900000.0,2313200000.0,271600000.0,2.51,1333600000.0,0.5765173785232578,12797300000.0,5032800000.0,3754300000.0,2531400000.0,7764500000.0,1421300000.0,3895000000.0,7446306000.0,10871906000.0,70.4873949579832,1.483092359958916,0.35774733732896785,0.9096725480845652,0.017203792100309697,70.4873949579832,0.03614290255921157,3.219049801141276,10.234065420560748,1.4795553171196947,0.0,0.6892281713923872,0.0,0.18075687840403834,0.7899976297700877,0.014213935752072703,16.18058670143416,0.5765173785232578,0.8188405797101449,1.2717442778216257,0.3523504679376534,0.18420584430295497,0.08502156049141649,0.8208208208208209,0.4317343173431734,0.1874495560936238,0.06895807129467886,-0.02477280846575165,Apparel Manufacturing,Consumer Cyclical,PVH
2022Q1,2022,Q1,2021-06-10,2021-05-02,99900000.0,2079300000.0,189700000.0,1.38,1229100000.0,0.591112393593998,12701600000.0,4839400000.0,3483000000.0,2388500000.0,7862200000.0,1450900000.0,3713100000.0,8304768000.0,12233768000.0,67.96910112359551,1.458237387481683,0.3812275618819676,1.0005785841219985,0.009818926218593914,67.96910112359551,0.020643054924164152,3.9940210647814167,20.782702702702704,1.7160738934578665,0.0,0.5859811151698946,0.0,0.16370378534987717,0.752145698136906,0.007865150847137369,-34.864685138539045,0.591112393593998,2.7004853776741053,-0.5074645601676661,0.23801067995748876,0.1364761370849834,0.0912723075557134,2.731369150779896,5.0021097046413505,-0.39699983089699753,-0.027217858401529352,-0.058257970630555087,Apparel Manufacturing,Consumer Cyclical,PVH
2021Q4,2021,Q4,2021-03-31,2021-01-31,-57700000.0,2089800000.0,-47400000.0,-0.811533,1126300000.0,0.538951095798641,13293500000.0,4730300000.0,3943700000.0,2582400000.0,8563200000.0,1417100000.0,3613200000.0,5862195000.0,9617695000.0,66.53023909985936,1.5271452912019827,0.4067326136833791,1.1430353254550452,-0.0280121726425575,66.53023909985936,-0.012197957846225398,2.8051464254952627,-25.399458405545925,1.2392860917912183,0.0,0.6799096746877425,0.0,0.15720464888855457,0.8976146220570013,-0.004340467145597472,28.90628698224852,0.538951095798641,-1.8280948979591836,-1.494660235892857,0.138129578308741,0.19547779328438275,0.022700444928720604,-1.826647564469914,-1.4154250657318141,-1.5804144224724053,-0.08725814041722654,-0.06749032690031684,Apparel Manufacturing,Consumer Cyclical,PVH
2021Q3,2021,Q3,2020-12-10,2020-11-01,69800000.0,2118100000.0,114100000.0,0.98,1101300000.0,0.5199471224210377,13257200000.0,4676200000.0,3967900000.0,2567900000.0,8581000000.0,1483500000.0,3670900000.0,4249647000.0,8176447000.0,65.76933895921238,1.54519256980412,0.4063301451286848,1.1519609939694624,0.007494981591434124,65.76933895921238,0.014926649843890338,2.0063486143241582,15.22079871060172,0.9087821307899577,0.0,0.6854061341422312,0.0,0.1597697854750626,0.8873787920090346,0.005265063512657273,33.22632525410477,0.5199471224210377,2.3556039699830547,-0.6354511510043993,0.13408728429825467,0.19222842534299092,0.2468017661043813,2.357976653696498,102.72727272727273,-0.6827481666502029,-0.02299503469033499,-0.031587888767740414,Apparel Manufacturing,Consumer Cyclical,PVH
2021Q2,2021,Q2,2020-09-10,2020-08-02,-51400000.0,1580700000.0,1100000.0,-0.722925,883300000.0,0.558803061934586,13252500000.0,4583500000.0,3846800000.0,2526100000.0,8669000000.0,1642200000.0,3601100000.0,3500253000.0,7647453000.0,64.46554149085794,1.5228217410237124,0.4181475193359743,1.2090105814334025,0.0001392511982899845,64.46554149085794,-0.011214137667721174,2.214368950464984,-17.024576848249026,0.7636637940438529,0.0,0.4246742175130922,0.0,0.11927560837577815,0.7879735560745814,-0.003878513488021128,10.306987632508834,0.558803061934586,0.9529651919323358,-1.5849895822151763,-0.013630910342080136,0.20896645682206721,0.3264754467637783,0.9531363967906638,1.0040116703136397,-1.4698713497292222,-0.16437757750583362,-0.015658045221238093,Apparel Manufacturing,Consumer Cyclical,PVH
2021Q1,2021,Q1,2020-06-11,2020-05-03,-1096800000.0,1344000000.0,-274200000.0,-15.37,665900000.0,0.4954613095238095,12294200000.0,4513400000.0,3188300000.0,2321600000.0,7780800000.0,1561200000.0,3652500000.0,3172302000.0,7453702000.0,63.212885154061624,1.3733201240523776,0.41337378601291663,1.1260025701245182,-0.02112703716667672,63.212885154061624,-0.24300970443568043,2.36034375,-0.7230812363238511,0.7028630300881819,-0.002461706783369803,0.4343453753522931,0.0008511169491429251,0.10931984187665729,0.5890764989662302,-0.08921279953148639,-15.925210843373494,0.4954613095238095,-15.526881720430106,-12.12048254884776,-0.17265815494505152,0.17479678562841489,-0.5236426067672938,-15.27299703264095,-2.9543834640057023,-18.06331168831169,-0.2599296128707893,0.01399951159951161,Apparel Manufacturing,Consumer Cyclical,PVH
2020Q4,2020,Q4,2020-04-01,2020-02-02,-67400000.0,2600800000.0,140300000.0,-0.93,1397900000.0,0.5374884650876653,13631000000.0,5811500000.0,3394200000.0,2361100000.0,7819500000.0,1615700000.0,4753000000.0,6291376000.0,10440776000.0,79.8282967032967,1.4375502943543264,0.3413395935734722,0.8006194614127161,0.0061858804372112875,79.8282967032967,-0.011597694226963778,2.4190156874807753,-23.335964391691395,1.0825735180246063,0.0,0.7445070248189639,0.0,0.19080038148338346,0.5372495870568803,-0.004944611547208569,13.20607892527288,0.5374884650876653,-1.3297872340425532,-2.483116398164942,0.42465930241452265,0.5090242371106427,-0.0059024320864741854,-1.3221797323135756,-0.46976568405139835,-1.7272362691925753,0.3407359827153914,0.314271676393125,Apparel Manufacturing,Consumer Cyclical,PVH
2020Q3,2020,Q3,2019-12-09,2019-11-03,209200000.0,2587700000.0,264600000.0,2.82,1406200000.0,0.5434169339567956,14019200000.0,5985100000.0,3582100000.0,2552700000.0,8034100000.0,1768100000.0,4820400000.0,6900782000.0,11377582000.0,80.98917456021651,1.4032592940807773,0.35893631590960967,0.8407545404420979,0.017752998073523815,80.98917456021651,0.03495346777831615,2.6667627622985663,8.246632409177819,1.1529936007752584,0.01338432122370937,0.6682314348735932,0.0004057511163227588,0.18458257247203835,0.6087671876836291,0.014922392147911436,220.47226837060703,0.5434169339567956,0.09302325581395339,0.03350574337064726,0.2920773921262997,0.4558898694885991,0.09143123253647935,0.08113695090439277,0.9761015683345781,0.7945182271841207,0.24818386702937179,0.3514243924696662,Apparel Manufacturing,Consumer Cyclical,PVH
2020Q2,2020,Q2,2019-09-06,2019-08-04,193500000.0,2364200000.0,133900000.0,2.58,1288400000.0,0.5449623551306996,13820900000.0,5871700000.0,3398600000.0,2427700000.0,7949200000.0,1862100000.0,4614000000.0,5729680000.0,10144280000.0,78.49866310160428,1.399925855748239,0.35078033991997626,0.8256722925217569,0.009210005416416107,78.49866310160428,0.032954680927159086,2.4235174689112595,7.402687338501291,0.9758127969753222,0.014470284237726097,0.5777348155308523,0.0004886834866868656,0.17105977179489035,0.5117601021543025,0.014000535420992844,18.05761109360227,0.5449623551306996,1.3888888888888888,0.683017691445964,0.3166896836593608,0.4260512489817522,-0.005787483602129794,1.3597560975609757,-0.003720238095238095,1.3067701716547995,0.3193405141689239,0.3187971504735017,Apparel Manufacturing,Consumer Cyclical,PVH
2020Q1,2020,Q1,2019-06-10,2019-05-05,82000000.0,2356300000.0,134400000.0,1.08,1295900000.0,0.5499724143784748,13355000000.0,5761500000.0,3253400000.0,2206600000.0,7593500000.0,1608400000.0,4423300000.0,9323296000.0,13752796000.0,76.61569148936171,1.4743949968276988,0.3686858854361662,0.8546038358066476,0.0083272968813639,76.61569148936171,0.01423240475570598,3.9567525357552094,28.424682926829266,1.6182063698689577,0.06951219512195123,0.6592887341457349,0.0006113717723860747,0.17643579183826283,0.6210006344602556,0.0061400224634968175,-62.19677118078719,0.5499724143784748,-0.4832535885167463,1.5391778675185344,0.31162419726547474,0.40591803559002837,-0.04396901512357064,-0.48330182734719596,-0.0296028880866426,-0.6172210891853158,0.3283116264647214,0.28105129631760833,Apparel Manufacturing,Consumer Cyclical,PVH
2019Q4,2019,Q4,2019-03-29,2019-02-03,158700000.0,2484000000.0,138500000.0,2.09,1355500000.0,0.5456924315619968,11863700000.0,5827800000.0,3238600000.0,1893900000.0,6035900000.0,1732400000.0,4350100000.0,8233596000.0,10613796000.0,77.08730158730158,1.7100163683404614,0.238728221381188,0.4859809876797419,0.024242129573356024,77.08730158730158,0.027231545351590652,3.3146521739130437,12.970378071833647,1.4128137547616597,0.0,0.6514084507042254,0.0,0.20937818724344007,0.6630761919847933,0.013376939740553116,18.802457182005025,0.5456924315619968,-0.33650793650793653,11.030058921435614,0.3102709102405039,0.4552272437427813,-0.006814185228604924,-0.3471822295351707,-0.4936014625228519,0.2795460459394887,0.27229078613693997,0.3851770027988642,Apparel Manufacturing,Consumer Cyclical,PVH
2019Q3,2019,Q3,2018-12-10,2018-11-04,243100000.0,2524500000.0,273500000.0,3.15,1364800000.0,0.5406219053277876,11830900000.0,5681200000.0,3307800000.0,1898600000.0,6149700000.0,1686900000.0,4191400000.0,9720372000.0,12476872000.0,74.36125654450262,1.7422311176656484,0.2666745556128443,0.5553404210378089,0.029691610902628892,74.36125654450262,0.042790255579807084,3.8504147355912064,9.996269025092555,1.7109716257128775,0.011517893870835048,0.6874740648526884,0.0002880548193011543,0.21338190670194151,0.71847677235858,0.020547887312038812,-87.64988277727683,0.5406219053277876,0.4858490566037735,0.31866161463122855,0.1923852103004019,0.39822043022768255,0.05227447956823439,0.4715496368038741,0.21286031042128603,0.18157558826790995,0.2579159909002841,0.3479777233515962,Apparel Manufacturing,Consumer Cyclical,PVH
2019Q2,2019,Q2,2018-09-07,2018-08-05,165200000.0,2333700000.0,225500000.0,2.12,1297000000.0,0.5557698076016626,11697700000.0,5565400000.0,3166000000.0,1835700000.0,6132300000.0,1731000000.0,3951100000.0,11707850000.0,14255650000.0,72.27792207792209,1.7246826823555048,0.2546568983646358,0.5352535307435224,0.021486603716680246,72.27792207792209,0.029683401013404248,5.016861636028624,17.717690677966104,2.103685269702088,0.017554479418886198,0.5989023685730791,0.0002476970579568409,0.19950075655898167,0.6333823609522253,0.014122434324696308,33.60462112514352,0.5557698076016626,-0.07423580786026197,11.90927959262543,0.25462435233134934,0.45237596795559726,0.004647560030983733,-0.07915273132664437,-0.052521008403361345,0.7360967799323963,0.3446643860431413,0.3554773812517929,Apparel Manufacturing,Consumer Cyclical,PVH
2019Q1,2019,Q1,2018-06-11,2018-05-06,179400000.0,2314600000.0,238000000.0,2.29,1291000000.0,0.5577637604769723,11714600000.0,5564600000.0,3041600000.0,1727100000.0,6150000000.0,1524900000.0,3788800000.0,11682192000.0,14515392000.0,72.17380025940338,1.761102426032077,0.27894251617639526,0.5872299895769687,0.022328566559695305,72.17380025940338,0.03223951407109226,5.04717532186987,16.27953177257525,2.0993767746109335,0.03288740245261984,0.6712571316151879,0.0005050422044082138,0.19758250388404214,0.7219037693243009,0.015314223276936472,-57.718339920948615,0.5577637604769723,0.6474820143884894,10.27977530793478,0.25683689272849775,0.4030566741298353,-0.05697589481373265,0.6534562211981567,2.0670103092783507,0.684466830584135,0.3194881804308983,0.3413333111546223,Apparel Manufacturing,Consumer Cyclical,PVH
2018Q4,2018,Q4,2018-03-30,2018-02-04,108500000.0,2498900000.0,77600000.0,1.39,1369000000.0,0.5478410500620273,11885700000.0,5536400000.0,3030800000.0,1871600000.0,6349300000.0,1591300000.0,3625200000.0,11349000000.0,13935900000.0,71.34536082474227,1.6193631117760205,0.25920223461807046,0.5564626833321292,0.03871179164879728,71.34536082474227,0.019597572429737736,4.541598303253432,26.14976958525346,2.04988801387183,0.0009216589861751152,0.71004838811035,8.811349017534584e-06,0.21024424308202294,0.6359799102372302,0.00912861674112589,33.99940083882564,0.5478410500620273,-0.5442622950819672,0.14964367891154542,0.41783101276908907,0.5802031544340591,0.055268634857010716,-0.5464046822742475,-0.71985559566787,1.2398283455109596,0.28417022717487483,0.348668118149815,Apparel Manufacturing,Consumer Cyclical,PVH
2018Q3,2018,Q3,2017-12-05,2017-10-29,239200000.0,2357000000.0,277000000.0,3.05,1297300000.0,0.5504030547305897,11658200000.0,5249800000.0,3144100000.0,1726300000.0,6408400000.0,1466200000.0,3514700000.0,9844928000.0,12622828000.0,67.91461836998707,1.8212940972021086,0.2907996088590005,0.6457769819802659,0.030635573273433563,67.91461836998707,0.04556364051963884,4.176889266016122,10.28943143812709,1.875295820793173,0.012123745819397994,0.7227526940390124,0.00029456792370650145,0.20217529292686692,0.8511846144934252,0.020517747165085518,-252.43405128205129,0.5504030547305897,1.006578947368421,0.32050824473612416,0.3101526425868225,0.5734863416896563,0.1307417414799965,0.9983291562238931,0.5492170022371364,0.12973695176312183,0.12512073580933877,0.22085705172279207,Apparel Manufacturing,Consumer Cyclical,PVH
2018Q2,2018,Q2,2017-08-31,2017-07-30,119700000.0,2069900000.0,178800000.0,1.52,1147300000.0,0.5542779844436929,11453900000.0,5095200000.0,2935500000.0,1633200000.0,6358700000.0,1498600000.0,3278400000.0,9280762000.0,11925062000.0,65.49100257069409,1.797391623806025,0.27970385632841216,0.6287682524729157,0.017058858556339943,65.49100257069409,0.023492699010833725,4.483676506111406,19.383379281537177,1.8214715810959334,0.02506265664160401,0.6156412651808354,0.00032324931939855796,0.1807157387440086,0.754347293656625,0.010450588882389405,57.93234706616729,0.5542779844436929,0.7078651685393258,0.23508322087902367,0.40136737704592423,0.6578322501023215,0.06152849740932642,0.7002840909090909,0.5851063829787234,0.0009764573193656136,0.10833381912286194,0.18974670806969154,Apparel Manufacturing,Consumer Cyclical,PVH
2018Q1,2018,Q1,2017-06-05,2017-04-30,70400000.0,1989000000.0,112800000.0,0.89,1080800000.0,0.5433886375062845,10912300000.0,4875000000.0,2655200000.0,1378200000.0,6037300000.0,1253800000.0,3161700000.0,7826256000.0,10534956000.0,62.34015345268542,1.9265708895661007,0.293210413936567,0.6563282051282051,0.011589091485213988,62.34015345268542,0.01444102564102564,3.9347692307692306,27.792102272727274,1.6053858461538462,0.08380681818181818,0.7243579518264476,0.0007538726052406156,0.18227138183517683,0.8731679001596285,0.00645143553604648,-69.07551632833186,0.5433886375062845,-0.29365079365079366,-0.33734315832194695,0.221288522829098,0.5101679517838477,-0.05026362038664323,-0.30089374379344586,-0.2914572864321608,1.0963462611303914,0.0646937569052211,0.14395816805686823,Apparel Manufacturing,Consumer Cyclical,PVH
2017Q4,2017,Q4,2017-03-24,2017-01-29,100700000.0,2107700000.0,159200000.0,1.26,1138000000.0,0.5399250367699387,11067900000.0,4804500000.0,2879600000.0,1564800000.0,6263400000.0,1317900000.0,3098000000.0,7299348000.0,9785648000.0,60.739570164348926,1.840235173824131,0.2906061673849601,0.6694557185971485,0.015957909960228903,60.739570164348926,0.02095951711936726,3.4631816672201925,18.121519364448858,1.5192731813924445,0.0,0.7357917899688899,0.0,0.19043359625583894,0.876469836400818,0.009098383613874357,24.76033921302578,0.5399250367699387,-0.19230769230769232,0.0573364413109064,0.17300218829730327,0.5093580161328519,-0.04498153742866734,-0.20206022187004755,-0.41812865497076024,7.082769225954529,0.06258483936664505,0.1466204609106077,Apparel Manufacturing,Consumer Cyclical,PVH
2017Q3,2017,Q3,2016-12-06,2016-10-30,126200000.0,2244300000.0,273600000.0,1.56,1191600000.0,0.5309450608207459,11068600000.0,4794300000.0,2948100000.0,1356400000.0,6274300000.0,1258300000.0,2997300000.0,8558400000.0,11219900000.0,59.92875,2.1734739015039812,0.3002999475995157,0.6933024633418852,0.025191634734906748,59.92875,0.026322925140270736,3.813393931292608,16.954041204437402,1.785119829797885,0.02377179080824089,0.8366049431773027,0.0003505328098710039,0.20276277035939505,1.0695959893836626,0.011401622608098586,79.61302325581396,0.5309450608207459,0.4054054054054053,-0.055164091804096704,0.14010334172631436,0.4518434472067931,0.1526407428903076,0.39447513812154694,0.7196731615336267,-0.3462508578487442,0.012337877496818478,0.1268448988333014,Apparel Manufacturing,Consumer Cyclical,PVH
2017Q2,2017,Q2,2016-09-01,2016-07-31,90500000.0,1933300000.0,159100000.0,1.11,1033800000.0,0.5347333574716805,11179800000.0,4803500000.0,2939000000.0,1388200000.0,6376300000.0,1412100000.0,2874100000.0,8063544000.0,10699444000.0,59.52292441140025,2.1171300965278776,0.30211631692874646,0.7031539502446134,0.01531746966641436,59.52292441140025,0.018840428853960655,4.170870532250556,22.274983425414366,1.6786809617986884,0.03314917127071823,0.6369945471283903,0.0003720448477741301,0.17292795935526575,0.9623973490851462,0.008094956975974526,33.238021434460016,0.5347333574716805,-0.607773851590106,0.12815976170087662,0.20513455878613712,0.47377804069145896,0.026715661932664614,-0.6092400690846287,0.12279463655610445,6.702322808087399,-0.008289005206833266,0.19607291510614802,Apparel Manufacturing,Consumer Cyclical,PVH
2017Q1,2017,Q1,2016-06-06,2016-05-01,231600000.0,1917800000.0,141700000.0,2.83,1006900000.0,0.5250286786943372,10885100000.0,4862300000.0,2528200000.0,1394900000.0,6022800000.0,1281400000.0,2786600000.0,7878783000.0,10672983000.0,59.80688806888069,1.81245967452864,0.29024078786598195,0.6497542315365157,0.015403497154069554,59.80688806888069,0.047631779199144436,4.108240171029305,8.50473121761658,1.620381918022335,0.02677029360967185,0.7108631184641798,0.0007869235642103609,0.1761857952614124,0.7523119936913041,0.021276791210002664,124.46734597156399,0.5250286786943372,0.7361963190184051,2.299773345592717,0.1508385806565897,0.495693358986163,-0.061515518687668934,0.7257824143070045,-0.1875,12.361022227816534,-0.012424929815324033,0.1626442443433105,Apparel Manufacturing,Consumer Cyclical,PVH
2016Q4,2016,Q4,2016-03-25,2016-01-31,134200000.0,2112500000.0,174400000.0,1.63,1072900000.0,0.5078816568047337,10696400000.0,4552300000.0,2812600000.0,1527200000.0,6144100000.0,1322300000.0,2561200000.0,5985306000.0,8645706000.0,55.65158924205379,1.8416710319539025,0.3007366964586216,0.7066318124903894,0.020327317998456496,55.65158924205379,0.029479603716802496,2.833280946745562,11.1499739195231,1.3147872504008964,0.0,0.7862058534371927,0.0,0.1974963539134662,0.8134494499738083,0.012546277252159605,14.363585313174946,0.5078816568047337,-0.3895131086142322,1.1489422341392626,0.3373296199700157,0.6495725836181897,-0.025522252497729336,-0.3952230734565119,-0.29449838187702265,0.3489456469855128,0.13705305602551562,0.2326073602120523,Apparel Manufacturing,Consumer Cyclical,PVH
2016Q3,2016,Q3,2015-12-08,2015-11-01,221900000.0,2164500000.0,247200000.0,2.67,1101000000.0,0.5086625086625086,10805400000.0,4545600000.0,2858200000.0,1366400000.0,6259800000.0,1332000000.0,2427000000.0,7595632000.000001,10592932000.0,55.16504854368932,2.091774004683841,0.3116219667943806,0.7407602956705386,0.030646647931954325,55.16504854368932,0.04881643787398803,3.5091854931854938,8.557494366831907,1.6709855684618093,0.013970256872465074,0.7984234234234234,0.0004081293037893357,0.20031650841246043,0.9046399297423887,0.020536028282155217,-2531.877333333334,0.5086625086625086,1.1885245901639345,1.2062187417171715,0.14571170953039303,0.5107153696278304,0.09869274523500648,1.1712328767123288,0.6306068601583114,0.14918388235293423,0.12868352801693997,0.2780967118045597,Apparel Manufacturing,Consumer Cyclical,PVH
2016Q2,2016,Q2,2015-09-03,2015-08-02,102200000.0,1864000000.0,151600000.0,1.22,1002100000.0,0.537607296137339,10745000000.0,4409800000.0,2819800000.0,1369000000.0,6335200000.0,1402600000.0,2208200000.0,9465842000.0,12381142000.0,53.32285368802902,2.0597516435354275,0.314751046998604,0.7669282053607873,0.015768748043730227,53.32285368802902,0.023175654224681392,5.078241416309013,23.155190802348333,2.1465467821669915,0.03131115459882583,0.6145016398117781,0.00033805761811785996,0.1734760353652862,0.7921840759678598,0.009511400651465798,45.03254995242626,0.537607296137339,-0.1094890510948906,2.4913404157489163,0.3457983915776413,0.5998789318749915,0.016741071428571428,-0.10429447852760736,-0.11189220855301699,-0.007964863536869392,0.18719657244888666,0.3498090278291052,Apparel Manufacturing,Consumer Cyclical,PVH
2016Q1,2016,Q1,2015-06-05,2015-05-03,114100000.0,1879300000.0,170700000.0,1.37,985600000.0,0.5244505933060182,10772400000.0,4444500000.0,2735700000.0,1227600000.0,6327900000.0,1173300000.0,2109200000.0,8726690000.0,11806990000.0,53.80750605326877,2.228494623655914,0.3248672533511567,0.7874001574980313,0.016678505341790044,53.80750605326877,0.025672179097761278,4.643585377534189,19.12070552147239,1.9634807064911688,0.05433829973707274,0.761697775504986,0.0007104641049470074,0.17445508893097175,0.9650537634408602,0.01059188296015744,733.3352941176471,0.5244505933060182,1.209677419354839,3.6152865237265424,0.9214178437256991,0.8589171166648414,-0.0799962662186129,1.2155339805825243,30.036363636363635,0.01678323600412557,0.09246193129100495,0.3034676160804593,Apparel Manufacturing,Consumer Cyclical,PVH
2015Q4,2015,Q4,2015-04-01,2015-02-01,51500000.0,2068800000.0,5500000.0,0.62,1071300000.0,0.5178364269141531,10931800000.0,4364300000.0,2901200000.0,1428600000.0,6567500000.0,1257300000.0,2001300000.0,9189675000.0,12256875000.0,52.90060606060606,2.0307993840123197,0.3244204979966703,0.81261599798364,-0.0013878093455203817,52.90060606060606,0.011800288706092616,4.442031612529003,44.61007281553398,2.1056469536924594,0.0,0.793366738248628,0.0,0.18924605280008783,0.8557328853422932,0.004711026546405898,24.00019587359624,0.5178364269141531,-0.7712177121771218,0.22201177672442893,1.158438545100721,1.3947925858784842,-0.0823982869379015,-0.7718210013291981,-0.9799708667152222,-0.4815421029585419,0.10390339570217927,0.314562378360844,Apparel Manufacturing,Consumer Cyclical,PVH
2015Q3,2015,Q3,2014-12-11,2014-11-02,225700000.0,2233100000.0,274600000.0,2.71,1167500000.0,0.5228158165778514,11265700000.0,4583800000.0,2866700000.0,1378700000.0,6681900000.0,1239900000.0,1949800000.0,9465288000.0,12858088000.0,55.62864077669903,2.0792775803292955,0.3335700400330206,0.8198219817618569,0.029983078587161444,55.62864077669903,0.04923862297656966,4.238631498813309,10.484368630926008,2.064943496662158,0.013735046521931768,0.8594241471086378,0.00032751248562114537,0.1982211491518503,0.9253644737796475,0.02003426329477973,114.17717732207478,0.5228158165778514,0.7828947368421052,0.6925357060462753,1.007763569319809,1.513731987815876,0.10694984355740969,0.7841897233201581,0.7281308999370674,0.6405571713862677,0.10137256991023753,0.34766831593635933,Apparel Manufacturing,Consumer Cyclical,PVH
2015Q2,2015,Q2,2014-09-11,2014-08-03,126500000.0,1975600000.0,158900000.0,1.52,1054700000.0,0.5338631301882972,11585300000.0,4530300000.0,2994500000.0,1604100000.0,7055000000.0,1365400000.0,1727200000.0,8877701000.0,12324001000.0,55.046172539489675,1.8667788791222493,0.33727223291585023,0.862503586958921,0.018982203142819412,55.046172539489675,0.027923095600732844,4.493673314436121,17.544863636363637,1.9596276184800123,0.04980237154150197,0.6744543723451003,0.0007096431835224007,0.1705264429924128,0.7657876690979365,0.010919009434369416,52.34493514150943,0.5338631301882972,2.6190476190476195,1.9867815443258268,1.3404696808602867,1.6928320269489736,0.0208091366627952,2.58356940509915,-0.08730614589316485,0.5462732806551269,0.2075608005165961,0.36293438393754884,Apparel Manufacturing,Consumer Cyclical,PVH
2015Q1,2015,Q1,2014-06-12,2014-05-04,35300000.0,1963700000.0,174100000.0,0.42,1033200000.0,0.5261496155217192,11629000000.0,4479500000.0,2927300000.0,1466400000.0,7149500000.0,1177800000.0,1607000000.0,10534752000.0,14127852000.0,54.49513381995134,1.9962493180578287,0.3530914094075157,0.916642482419913,0.016259465443860227,54.49513381995134,0.007880343788369238,5.364746142486123,74.60872521246459,2.3517696171447704,0.08781869688385269,0.7900322635421974,0.0002942641649276604,0.16886232694126752,0.9330332787779596,0.0030355146616218077,-103.18072477962781,0.5261496155217192,1.9130434782608694,-0.10481551159629167,1.2075820855521897,1.7428288720691882,-0.03397993348561021,3.0609528257823446,-0.053392779469334496,-0.5025619656981013,0.16548037925599543,0.36285321613271715,Apparel Manufacturing,Consumer Cyclical,PVH
2014Q4,2014,Q4,2014-04-03,2014-02-02,-17128000.0,2052219000.0,183920000.0,-0.46,1069543000.0,0.5211641642534252,11575578000.0,4335179000.0,2998592000.0,1552397000.0,7240399000.0,1280958000.0,1574768000.0,9541492420.0,12918350420.0,52.97268994843471,1.9315883759115742,0.34296490421471826,0.9157677226246022,-0.0027547175235299983,52.97268994843471,-0.003950932591249404,4.649353904237316,-139.2674629262027,2.2009454327030094,-0.00023353573096683791,0.7671414675578746,4.192216294817326e-07,0.17728868485012153,0.8723876688759383,-0.0014796669332624254,33.246429076667376,0.5211641642534252,-1.1940928270042195,0.715868890235504,1.2351615159382363,1.731384851089951,-0.08724775512085053,-1.0870710120835938,-0.24748780727308434,-1.2741430095459199,0.29856515947801693,0.570167145440894,Apparel Manufacturing,Consumer Cyclical,PVH
2014Q3,2014,Q3,2013-12-12,2013-11-03,196713000.0,2259125000.0,244408000.0,2.37,1171778000.0,0.5186866596580535,11651620000.0,4335567000.0,3064953000.0,1301912000.0,7316053000.0,1168188000.0,1592201000.0,10245684960.0,13975144960.0,53.18278501508795,2.354193678220955,0.3666436941815816,0.9853366353235921,0.027456121642176055,53.18278501508795,0.045371920212512,4.535244822663642,13.021108111817725,2.363170713311546,0.01572849786236802,0.9307979537540191,0.00030198078626067764,0.19388934757570192,1.123254874369389,0.016882888388052478,-149.03681610566434,0.5186866596580535,12.850000000000001,1.3127084744441504,0.9605180442195818,1.5087033278233026,0.14198587255673978,13.297636909227307,2.3655742219774165,0.9768636461911162,0.20867742062726008,0.4564303457156496,Apparel Manufacturing,Consumer Cyclical,PVH
2014Q2,2014,Q2,2013-09-12,2013-08-04,-15996000.0,1964847000.0,72620000.0,-0.2,1026088000.0,0.5222228499216478,11514746000.0,4047760000.0,3080645000.0,1425202000.0,7466986000.0,1348598000.0,1398797000.0,10877197010.0,14531875010.0,49.76529746609784,2.161549731195999,0.37200976903876126,1.0582638298713363,-0.005322417287112538,49.76529746609784,-0.00395181532501927,5.535900255846893,-169.99870295698923,2.6872139183153148,-0.19211052763190797,0.6960999497255669,0.0002825176373264936,0.17063745913283715,0.9719246815539131,-0.001389175236692151,91.28841320330335,0.5222228499216478,0.19999999999999996,-1.3462986510207287,1.2146388262145027,1.4658517443113799,0.07798092368528599,0.20227408737283065,0.6190667290928143,0.7626689029663379,0.4423816695299279,0.4931393473484743,Apparel Manufacturing,Consumer Cyclical,PVH
2014Q1,2014,Q1,2013-06-13,2013-05-05,-20052000.0,1910160000.0,44853000.0,-0.25,951861000.0,0.4983148008543787,11607284000.0,4113689000.0,3082451000.0,1287703000.0,7493595000.0,1150314000.0,1419491000.0,9227738300.0,12957269300.0,51.44040265099412,2.3937592752366035,0.3856037295201875,1.0880287741732542,0.002668386379039594,51.44040265099412,-0.004874456965511977,4.830871916488671,-115.04760497705966,2.2431783977835953,-0.305705166566926,0.8330760122888186,0.0006643014572704126,0.16456562965117422,1.224124662286257,-0.0017275359162401817,-56.72255258725612,0.4983148008543787,-1.2293577981651376,-1.2755428872566812,0.9633223986281182,1.6359601302532403,0.08085449937319453,-1.2288649203903441,-0.6281739880128328,0.5252726218571055,1.017197417686526,0.777139510636275,Apparel Manufacturing,Consumer Cyclical,PVH
2013Q4,2013,Q4,2013-04-03,2013-02-03,87615000.0,1636200000.0,120629000.0,1.09,880656000.0,0.5382324899156582,7781549000.0,3252569000.0,2437006000.0,1162447000.0,4528980000.0,878415000.0,1445673000.0,8366005200.0,9784285200.0,45.14948639644642,2.0964448271620126,0.2969189039354504,0.7103581814866956,0.02118794362260885,45.14948639644642,0.026937168742615453,5.113070040337367,23.87149803115905,2.572122282417375,0.03136449238144153,0.8601219241474701,0.00032847218407179574,0.21026661915256203,1.147177462714429,0.011259326388614915,39.71462642354963,0.5382324899156582,-0.5133928571428572,1.2051481292837207,1.1370947089330865,1.5967435913893202,0.01331516861431116,-0.4703129817603637,-0.48499765188063015,1.3808216982909018,0.954959717936725,1.0439020141765205,Apparel Manufacturing,Consumer Cyclical,PVH
2013Q3,2013,Q3,2012-11-28,2012-10-28,165409000.0,1642770000.0,234230000.0,2.24,869084000.0,0.5290357140683114,6985971000.0,3046624000.0,1912119000.0,1139966000.0,3939347000.0,855359000.0,1485067000.0,6458619000.0,8056099000.0,43.16187345932621,1.677347394571417,0.2682676466879121,0.6151431880008823,0.037647551698952696,43.16187345932621,0.054292554644091294,3.931541847002319,9.761589454020035,2.1199265153822724,0.016607318827875146,0.9045161154556157,0.00042532312248175653,0.23515270819188913,0.775545060115828,0.02367730985427795,284.3077430998811,0.5290357140683114,0.8823529411764709,1.173848599417117,0.8874453157578973,1.1949541333482039,0.17022975489489822,0.8860345260085288,0.5643282665028184,0.4480183194017539,0.7242085776998216,0.9503870749654425,Apparel Manufacturing,Consumer Cyclical,PVH
2013Q2,2013,Q2,2012-09-06,2012-07-29,87702000.0,1336623000.0,149732000.0,1.19,742661000.0,0.5556248845037082,6731488000.0,2781200000.0,1819938000.0,1109393000.0,3950288000.0,909447000.0,1322405000.0,5718131660.0,7312421660.0,39.5039984091587,1.6404808755779061,0.2757601291126123,0.6674370775204947,0.023343765192297708,39.5039984091587,0.03153387027182511,4.27804374157859,16.29988956922305,2.05599441248382,7.981573966386172e-05,0.6531023797978331,1.2241760799190833e-06,0.19856278433535052,0.6198443653421285,0.013028620120841038,34.614435424800995,0.5556248845037082,-0.06299212598425202,0.8053825628703266,0.9476487334603617,1.131909041319287,-0.018720212888248204,-0.05812230169469682,-0.003938160240547085,1.4206449885201466,0.8510647118083574,0.9325164166938112,Apparel Manufacturing,Consumer Cyclical,PVH
2013Q1,2013,Q1,2012-06-07,2012-04-29,93114000.0,1427406000.0,150324000.0,1.27,756829000.0,0.5302128476411057,6780397000.0,2829309000.0,1727953000.0,981893000.0,3951088000.0,735848000.0,1234710000.0,6086263200.0,7829383200.0,41.28027838165132,1.7598180249782818,0.2922737414933078,0.7004296808867465,0.02365293369584987,41.28027838165132,0.03291050924448337,4.263862699189999,16.340891810039306,2.1511482839096048,0.05888480786992289,0.9112982572487797,0.0009008811843694174,0.21051953152595637,0.7972212858223859,0.013732824198937024,-153.76340760951948,0.5302128476411057,0.14414414414414406,0.43005786501114496,0.9631723794973783,1.314381677641591,-0.02244998127123132,0.1460748836865815,0.39808967550525015,1.831958469688262,0.9245238290609311,1.0777036673831197,Apparel Manufacturing,Consumer Cyclical,PVH
2012Q4,2012,Q4,2012-03-28,2012-01-29,81246000.0,1532836000.0,107521000.0,1.11,774210000.0,0.5050833879162546,6752361000.0,2715449000.0,1739235000.0,1043871000.0,4036912000.0,809009000.0,1147079000.0,5170164360.0,6852883360.0,40.241989981920035,1.6661397816396855,0.2837401614042851,0.7055614007112636,0.024541279125599714,40.241989981920035,0.029919913796944815,3.372940327601909,15.908981242153462,1.9039813894497744,0.03349087955099328,0.937722571689561,0.0005262888779806605,0.22700741266647326,0.68414775388913,0.012032235835732125,19.4783008830887,0.5050833879162546,-0.27922077922077915,1.5783434010070678,1.3367730918598075,1.447432886412793,-0.06605562579013906,-0.2761339641301152,-0.45377002875402606,2.6345828092986174,1.024760707240701,1.0749628142600651,Apparel Manufacturing,Consumer Cyclical,PVH
2012Q3,2012,Q3,2011-12-08,2011-10-30,112239000.0,1654160000.0,196842000.0,1.54,828968000.0,0.5011413648014702,6896365000.0,2774893000.0,1774040000.0,983676000.0,4121472000.0,830142000.0,1068554000.0,5002212250.0,6946607250.0,41.27769431015248,1.8034800076447937,0.3051427817408156,0.7583629350753345,0.027392643292470466,41.27769431015248,0.0404480461048408,3.024019593026068,11.14187637541318,1.802668517308595,0.024225091100241448,0.9940371647260349,0.0005435595020982966,0.2398596942012205,0.794544138517154,0.016275095648214676,-781.839989059081,0.5011413648014702,0.6739130434782609,0.8227412884056812,1.4001795502192347,1.5327242851453553,0.14477470958333563,0.6820123184822191,0.47470388600454005,0.6002050388841884,0.7408129623357429,0.947124225468343,Apparel Manufacturing,Consumer Cyclical,PVH
2012Q2,2012,Q2,2011-09-08,2011-07-31,66729000.0,1334444000.0,133479000.0,0.92,724132000.0,0.5426469750697669,6870149000.0,2711205000.0,1740842000.0,972192000.0,4158944000.0,877450000.0,959034000.0,4745349010.0,6612542010.0,40.3879843286806,1.7906360060564168,0.3136589905109773,0.7948067372256985,0.017939356355967745,40.3879843286806,0.024612303385395055,3.5560495682096813,17.778435949886855,1.7502730372657176,0.00029971976202250894,0.6955518832981936,4.214653117790381e-06,0.1942379997871953,0.7216033458411507,0.00971288977866419,43.80214342416187,0.5426469750697669,0.16455696202531644,0.4882507704885705,0.877633683385665,1.060098204757,-0.006103662059982514,0.15714360032600969,0.1082245690943509,0.7503785927874447,0.8224368867696766,1.0012094105122762,Apparel Manufacturing,Consumer Cyclical,PVH
2012Q1,2012,Q1,2011-06-09,2011-05-01,57667000.0,1369184000.0,120444000.0,0.79,728579000.0,0.5321264344310188,6834052000.0,2670989000.0,1658344000.0,856540000.0,4163063000.0,685035000.0,892325000.0,4635781200.0,6607589200.0,39.986062456959786,1.9360963877927475,0.3316869698972147,0.848661675506713,0.016099069426907725,39.986062456959786,0.021590130097877604,3.385798548624582,20.097201172247562,1.7356047516481725,0.09388385038236773,0.9351420000437933,0.0011678722024240488,0.2003473195697077,0.9423296051556261,0.008438185720565193,-99.71566358356635,0.5321264344310188,0.095715613253998,-0.2322866864760779,0.7544351445206918,1.6083144613621023,-0.010365249045788566,0.04331228628806108,0.3119261058524949,-0.051313972512376335,0.6847960158879018,1.0490054698342248,Apparel Manufacturing,Consumer Cyclical,PVH
2011Q4,2011,Q4,2011-03-30,2011-01-30,55273000.0,1398117000.0,91807000.0,0.72099,736210000.0,0.5265725257614349,6735334000.0,2442557000.0,1810563000.0,908162000.0,4292777000.0,692306000.0,840072000.0,4225988000.0,6096140000.0,33.736975138121544,1.9936564181280432,0.35170787372979573,0.969832024390833,0.019636305479239505,33.736975138121544,0.02262915461133558,3.0226282921958605,19.11416062091799,1.7301491838266212,0.04834186673421019,0.9560902259983303,0.0006322781796824791,0.2075794607958566,1.0415311365152913,0.008206423022228742,24.816856248568595,0.5265725257614349,-0.3562589285714286,0.8587158619389593,1.3420561292074775,2.0827580768202085,-0.0721605309357541,-0.31535202893524256,-0.4850721573158488,0.3842275156116416,0.8170464734511816,0.94036036674989,Apparel Manufacturing,Consumer Cyclical,PVH
2011Q3,2011,Q3,2010-12-09,2010-10-31,80732000.0,1516419000.0,178291000.0,1.12,793467000.0,0.5232505000267077,6889539000.0,2415158000.0,1914579000.0,855958000.0,4474381000.0,687114000.0,787471000.0,4074224000.0,6106703000.0,36.51584517689749,2.236767458216408,0.36634033133421556,1.045031422374851,0.021261791764348278,36.51584517689749,0.03342721262956709,2.6867402742909445,12.616508943169997,1.6869389083447128,0.033332507555863845,1.052157283944149,0.000660493875643558,0.22010456722866362,1.2272179242439465,0.01171805544609008,484.39234335988584,0.5232505000267077,2.349397590361446,0.2743692305403708,0.8087585868221775,1.7260458427339138,0.37936447506349513,2.478960191987103,5.754933859611692,0.13232279550905213,0.8593930918292305,0.8569769771292369,Apparel Manufacturing,Consumer Cyclical,PVH
2011Q2,2011,Q2,2010-09-10,2010-08-01,-54587000.0,1103268000.0,-37496000.0,-0.83,575241000.0,0.5213973395403474,6520410000.0,2195568000.0,1683993000.0,786929000.0,4324842000.0,692814000.0,709431000.0,3518383750.0,5539295750.0,33.3293055028463,2.1399554470606623,0.3828366621117384,1.1369504383375966,-0.00523260334545469,33.3293055028463,-0.024862359079746106,3.189056285508145,-16.113652289006538,1.6024936371818133,-0.008756663674501255,0.7621482822229343,0.00013585783529155966,0.16920224341720844,0.9985919949576137,-0.008371712821739737,29.8216132258584,0.5213973395403474,-0.5660377358490565,-2.1576937019849005,0.23990971039401812,1.0823865700646595,0.8144514924313873,-0.976858725962409,-0.6622777851664672,-2.2009350234271103,0.7181190846780409,0.7986798958035887,Apparel Manufacturing,Consumer Cyclical,PVH
2011Q1,2011,Q1,2010-06-10,2010-05-02,-27613000.0,619044000.0,-22557000.0,-0.53,317033000.0,0.5121332247788526,2730017000.0,1513248000.0,1376387000.0,397468000.0,1216769000.0,284840000.0,764495000.0,3364676440.0,2972669440.0,28.945618699669083,3.462887578371089,0.14636831931815808,0.2640598236376324,-0.0105612542632436,28.945618699669083,-0.018247504705111127,5.435278332396405,-30.462793249556366,2.223479852608429,-0.15116068518451453,1.0602829658755792,0.0012405353306423723,0.22675463193086343,2.5991803113709784,-0.01011458903003168,-74.03517151847207,0.5121332247788526,-2.037523591015061,-1.6942035358013454,-0.17653546166718204,1.371723275067217,0.03151486756011934,-2.02183325315472,-1.4271107492473445,-1.5559845357162942,0.11620233785496104,0.6228381249553511,Apparel Manufacturing,Consumer Cyclical,PVH
2010Q4,2010,Q4,2010-03-31,2010-01-31,27023000.0,614583000.0,52813000.0,0.5108317580340265,307347000.0,0.5000903051337248,2339679000.0,1168553000.0,994883000.0,362881000.0,1171126000.0,263788000.0,796282000.0,2105949000.0000002,2024651000.0000002,22.089848771266542,2.7416232869728643,0.17078582147380048,0.3419476908621175,0.02042329087774822,22.089848771266542,0.023125181313984045,3.4266307398675204,19.482931206749807,1.802185266735869,0.07271583465936425,1.1647080231094666,0.0009330710287855973,0.2626783417725252,1.8669618965997117,0.011549875004220665,16.342542079572883,0.5000903051337248,-0.6766887607379579,-0.07694680718762853,-0.12281168063162787,0.895960519342565,-0.08981147497290286,-0.6768318205192599,-0.4160179574505728,0.09390312188316452,0.19511012113117587,0.34345797419493007,Apparel Manufacturing,Consumer Cyclical,PVH
2010Q3,2010,Q3,2009-12-10,2009-11-01,83619000.0,697440000.0,90436000.0,1.58,337674000.0,0.484162078458362,2303985000.0,1143452000.0,957794000.0,356294000.0,1160533000.0,281856000.0,771224000.0,2108135999.9999998,2151102000.0,22.129901296690537,2.6882125435735658,0.17342994854567195,0.34945061095699687,0.0595464282027333,22.129901296690537,0.07312856158369568,3.022677219545767,6.302801994761956,1.8436593752951587,0.02345160788815939,1.2764177452316077,0.0009302056413817704,0.3027103041035423,1.793577775657182,0.03629320503388694,-337.0860249440358,0.484162078458362,1.6333333333333335,0.8823038652899516,-0.11327360628987292,1.1314871235497574,0.27061665587982964,2.1486613698836465,0.7577795486792747,0.7667640816045672,0.3166350659338439,0.3578505141507447,Apparel Manufacturing,Consumer Cyclical,PVH
2010Q2,2010,Q2,2009-09-10,2009-08-02,26557000.0,529283000.0,51449000.0,0.6,265756000.0,0.5021056788145473,2233188000.0,1054896000.0,885591000.0,358390000.0,1178292000.0,302286000.0,689566000.0,1822688600.0,1852668600.0,20.44174014145916,2.471025977287313,0.17892627042595607,0.3787823633798972,0.021613290680582552,20.44174014145916,0.02517499355386692,3.4436938273097755,17.15826900628836,1.7278372465152965,0.0,0.8717803669372713,0.0,0.23700781125458315,1.5144925918691927,0.011891967895224226,19.025381251109046,0.5021056788145473,0.25,0.22177841853858365,-0.15858455624753448,1.0860091853898732,-0.022330461398100257,0.07470357330743393,0.04754245225393981,-0.22952436689161473,-0.031238536295541283,0.04268615697229165,Apparel Manufacturing,Consumer Cyclical,PVH
2010Q1,2010,Q1,2009-06-11,2009-05-03,24711000.0,557425000.0,49114000.0,0.48,271826000.0,0.4876458716419249,2194180000.0,1023432000.0,848519000.0,315304000.0,1170748000.0,281489000.0,663009000.0,1493819000.0,1611386000.0,19.868222321445906,2.691113972547129,0.18210538788978115,0.3904235943374841,0.020673949042350575,19.868222321445906,0.024145228994207724,2.679856482934924,15.112895066974222,1.4596172486300993,0.1572174335316256,1.014600925791061,0.0026007166865597508,0.2540470699760275,1.600125593078426,0.011262066010992717,-53.703587863100374,0.4876458716419249,1.6522448092183935,8.26723974832721,-0.12659664851677443,1.0935440168614692,0.04693018436995698,1.651403716884144,2.025023479077533,-0.573395421241355,-0.07375596540748307,0.2960158719895334,Apparel Manufacturing,Consumer Cyclical,PVH
2009Q4,2009,Q4,2009-04-01,2009-02-01,-37935000.0,577786000.0,-47915000.0,-0.73592,259641000.0,0.44937225893323823,2200184000.0,998795000.0,864429000.0,349238000.0,1201389000.0,282678000.0,642183000.0,938845000.0,1010245000.0,19.394077669902913,2.4751859763256,0.18160617475629312,0.40004905911623506,-0.022863282413385512,19.394077669902913,-0.037980766824022946,1.624900914871596,-6.187195202319758,0.9399776730960808,0.0,1.125467846808029,0.0,0.26260803641877223,1.5140734971566667,-0.01724173978176371,6.5521079775837645,0.44937225893323823,-1.7144854368932039,-1.462851772014393,-0.08355483812144066,1.0038654385985446,-0.23925871667154996,-1.706437736270694,-1.5541356339917658,-2.793376166041911,0.36066788428671887,0.7721579760662732,Apparel Manufacturing,Consumer Cyclical,PVH
2009Q3,2009,Q3,2008-12-11,2008-11-02,53699000.0,727484000.0,86468000.0,1.03,341300000.0,0.469151211573038,2283899000.0,1091065000.0,877409000.0,349597000.0,1192834000.0,329001000.0,680117000.0,1188887700.0,1390894700.0,21.19931218062059,2.5097726811156846,0.1749481916669695,0.36621466182124807,0.03921292255398127,21.19931218062059,0.04921704939669039,1.6342458390837462,5.534962010465745,1.0896579947115892,0.0724035829345053,1.1738079823465581,0.0032702836441154196,0.31852722033680125,1.4698467092108913,0.023511985424924657,-26.025298804780878,0.469151211573038,0.8392857142857142,0.8619401283199577,-0.052100036930292984,1.0858149216269992,0.18122635730280304,0.8386290488255838,0.5869764710200785,0.089309020794459,0.11511631821164629,0.5826087704896233,Apparel Manufacturing,Consumer Cyclical,PVH
2009Q2,2009,Q2,2008-09-11,2008-08-03,29206000.0,560967000.0,54486000.0,0.56,288937000.0,0.5150695138929741,2199535000.0,1037909000.0,812216000.0,293851000.0,1161626000.0,325140000.0,630307000.0,1807179920.0,1946234920.0,20.181788130979232,2.764040278916866,0.18165657741295319,0.3849663120755288,0.023228095009910917,20.181788130979232,0.0281392684715134,3.221544083698328,15.469252208450317,1.7411737637885403,0.0,0.836654979393492,0.0,0.25503890595057593,1.5256949950825418,0.01327826108700248,20.92806095979248,0.5150695138929741,-0.3777777777777777,0.898339191955895,-0.1319774352356208,1.0324423593023495,-0.07031436017889893,-0.37595350526698146,-0.32490800282496374,-0.20659027833004281,-0.1924538588527065,0.2609409026015402,Apparel Manufacturing,Consumer Cyclical,PVH
2009Q1,2009,Q1,2008-06-13,2008-05-04,46801000.0,625698000.0,80709000.0,0.9,310790000.0,0.4967092750815889,2157710000.0,1003643000.0,790905000.0,291733000.0,1154067000.0,294956000.0,601101000.0,2262905480.0,2478238480.0,19.51486369638382,2.7110577137313916,0.18517595042892696,0.39810570093150655,0.03539124182761547,19.51486369638382,0.04663112281956831,3.6166097382443287,12.087912010427127,2.2546916383614493,0.08273327493002286,1.0676439875778083,0.0017110745606573015,0.28998243508163746,1.5152896655503492,0.02169012517900923,-67.84713459059155,0.4967092750815889,0.6336606705269463,13.817227931672269,-0.0214725453932433,1.012291383997598,0.0630641724216957,0.5428562009626162,0.5309862093821728,0.19602951006861358,-0.15393898554710964,0.5989935098193947,Apparel Manufacturing,Consumer Cyclical,PVH
2008Q4,2008,Q4,2008-04-03,2008-02-03,30334000.0,584523000.0,52717000.0,0.55091,292353000.0,0.5001565378950016,2172394000.0,956283000.0,836219000.0,360148000.0,1216111000.0,322223000.0,558538000.0,2267650000.0,2397288000.0,17.386963636363635,2.3218760065306485,0.18392243764252708,0.4178177380545299,0.02445435808993781,17.386963636363635,0.031720735389000956,3.8794880612054614,18.68901232939935,2.371316859130613,0.0,0.9067322940944625,0.0,0.26906859437100267,1.2658434865666337,0.013963397063331974,15.730309798970573,0.5001565378950016,-0.47532380952380954,1.7065868605721906,-0.05271535748467269,0.794728951139373,-0.1103290242477359,-0.5017329456791341,-0.48467223210619953,-0.0034115890263457446,-0.19757050436669443,0.49231427281972345,Apparel Manufacturing,Consumer Cyclical,PVH
2008Q3,2008,Q3,2007-12-14,2007-11-04,60879000.0,696370000.0,102298000.0,1.05,328608000.0,0.47188707152806697,2238350000.0,1110532000.0,969997000.0,309800000.0,1127818000.0,332107000.0,528204000.0,2469087000.0,2532007000.0,19.664134572819833,3.13104260813428,0.1785015748207385,0.3597816181793951,0.042000443955271374,19.664134572819833,0.054819672013053204,3.5456538908913364,10.139321440890948,2.2233371032982387,0.06974490382562132,1.1073599773566953,0.0017196639891587458,0.3111086291241316,1.9516171723692706,0.027198159358456004,-153.41661488753573,0.47188707152806697,0.5441176470588235,0.6948794105204297,-0.16173378163617225,0.8976635297876564,0.18437356957755008,0.5570076726342711,0.5057995760715968,0.2538179891421188,-0.18996262231104424,0.8939917117471816,Apparel Manufacturing,Consumer Cyclical,PVH
2008Q2,2008,Q2,2007-09-13,2007-08-05,39100000.0,552376000.0,67936000.0,0.68,277453000.0,0.502290106738888,2120497000.0,1050026000.0,878571000.0,264909000.0,1070471000.0,322068000.0,471571000.0,3116100018.33,3149374018.33,18.529870479236056,3.3165011381266774,0.18842045048872977,0.3805096254759406,0.028635499791085532,18.529870479236056,0.03723717317475948,5.6412661272937275,19.923913160677753,2.9676408187321077,5.1150895140664964e-05,0.8536178695182384,6.41827922157599e-07,0.2604936484229876,1.9612583943920365,0.01843907348135838,49.392911779260714,0.502290106738888,-0.2608695652173913,1.4642857374461342,-0.17452321023453435,0.9036509039380588,-0.05167940992504435,-0.26234765875561256,-0.20583559337884597,0.6381524153060725,-0.20031040035974895,0.8909094703427692,Apparel Manufacturing,Consumer Cyclical,PVH
2008Q1,2008,Q1,2007-06-15,2007-05-06,53006000.0,591906000.0,85544000.0,0.92,292573000.0,0.4942896338269928,2022204000.0,995197000.0,802423000.0,229883000.0,1027007000.0,281427000.0,432469000.0,2950481322.32,3050290322.32,17.836417726792966,3.490571290613051,0.1975770001443969,0.4014692568406054,0.038517117488648896,17.836417726792966,0.05326181650467194,4.984712644102273,13.915789355544657,2.964720876690746,0.07938723918047014,1.0636257359812669,0.00142620797771775,0.2927034067779512,2.074885920228986,0.026211994437752077,-45.48929745640678,0.4942896338269928,0.9670308524513053,32.66666693550416,-0.15902693580805274,0.8714726175460801,0.04635351844699083,0.9809402795425667,0.8139485570092665,17.352011298299757,-0.1437911515740168,0.879449757005324,Apparel Manufacturing,Consumer Cyclical,PVH
2007Q4,2007,Q4,2007-04-05,2007-02-04,26758000.0,557021000.0,47159000.0,0.46771,279612000.0,0.5019774837932501,1998485000.0,942157000.0,785003000.0,283166000.0,1056328000.0,284894000.0,388555000.0,3110817000.0,3144256000.0,16.442530541012218,2.7722360735399025,0.1999204397330978,0.4240673263585581,0.02128481689950759,16.442530541012218,0.02840078670540048,5.584739175004174,29.064363928544733,3.301803202650938,0.07773376186561029,0.9737270704191735,0.0006686346384245683,0.27872163163596425,1.6188949238256005,0.013389142275273519,25.448229317495766,0.5019774837932501,-0.4744831460674157,2.3617189812010633,-0.1759447988091627,0.7060670786914934,-0.002742696545058331,-0.472987611525811,-0.4428481977245608,2.5613650093362135,-0.2059211223475204,0.698901037473279,Apparel Manufacturing,Consumer Cyclical,PVH
2007Q3,2007,Q3,2006-12-08,2006-10-29,50773000.0,568261000.0,84643000.0,0.89,280381000.0,0.4934017995252182,1944909000.0,903384000.0,842503000.0,248074000.0,1041525000.0,280762000.0,363877000.0,,,,,,,,,,,,,,,,,,,,,,,,,,,,,,,Apparel Manufacturing,Consumer Cyclical,PVH
2007Q2,2007,Q2,2006-09-08,2006-07-30,28953000.0,458928000.0,50441000.0,0.33,227147000.0,0.49495127776034586,1855239000.0,849825000.0,763976000.0,234438000.0,1005414000.0,255024000.0,315180000.0,,,,,,,,,,,,,,,,,,,,,,,,,,,,,,,Apparel Manufacturing,Consumer Cyclical,PVH
2007Q1,2007,Q1,2006-06-08,2006-04-30,48745000.0,506438000.0,51695000.0,0.87,242724000.0,0.4792768315173822,1803872000.0,664529000.0,717585000.0,203004000.0,1139343000.0,233471000.0,297174000.0,,,,,,,,,,,,,,,,,,,,,,,,,,,,,,,Apparel Manufacturing,Consumer Cyclical,PVH
