Quarters,Year,Quarter,FillingDate,Date,NetIncome,Revenue,OperatingIncome,EPSDiluted,GrossProfit,GrossProfitRatio,TotalAssets,CommonStockEquity,CurrentAssets,CurrentLiability,TotalLiability,Inventory,RetainedEarnings,MarketCap,EnterpriseValue,bookValuePerShare,currentRatio,debtToAssets,debtToEquity,roic,shareholdersEquityPerShare,roe,priceToSalesRatio,peRatio,pbRatio,payoutRatio,inventoryTurnover,dividendYield,assetTurnover,quickRatio,returnOnAssets,priceToFreeCashFlowsRatio,grossProfitMargin,epsdilutedGrowth,fiveYNetIncomeGrowthPerShare,fiveYRevenueGrowthPerShare,fiveYShareholdersEquityGrowthPerShare,grossProfitGrowth,netIncomeGrowth,operatingIncomeGrowth,threeYNetIncomeGrowthPerShare,threeYRevenueGrowthPerShare,threeYShareholdersEquityGrowthPerShare,Industry,Sector,Symbol
2023Q1,2023,Q1,2023-05-04,2023-03-31,715000000.0,3102000000.0,811000000.0,1.87,2760000000.0,0.8897485493,51103000000.0,13988000000.0,36782000000.0,3571000000.0,37104000000.0,0.0,16597000000.0,24928651000.0,26851651000.0,38.083310645249114,10.300196023522822,0.053343247950218185,0.19488132685158707,0.04433699398828621,38.083310645249114,0.05111524163568773,8.03631560283688,8.71631153846154,1.7821454818415787,0.013986013986013986,0.0,0.0004011448513599873,0.060700937322662074,10.300196023522822,0.013991350801322818,26.185557773109245,0.8897485493230174,-0.1725663716814158,4.274008420132167,1.7842893955218768,0.6961564034450544,0.5843502929612943,-0.16830291919859297,-0.1483838720076614,4.4555096027275125,1.1012998801148246,0.3531468695968846,Insurance—Diversified,Financial Services,ACGL
2022Q4,2022,Q4,2023-02-24,2022-12-31,859688000.0,2950310000.0,952307000.0,2.26,1742039000.0,0.5904596466,47990507000.0,12910073000.0,18675000.0,3263903000.0,35069605000.0,0.0,15892065000.0,22971360205.600002,24841652205.600002,35.28282068131151,0.005721677390535197,0.05679060652557807,0.2111072493548255,0.05672598505928865,35.28282068131151,0.06659048326062912,7.78608356599815,6.680144484278018,1.779336197835597,0.011846158141093048,0.0,0.00044333465275240105,0.061476950014301784,10.352419480603437,0.01791370947591781,23.725327384553736,0.5904596466134068,85.59003831417623,3.4472449213329837,1.4053794324584203,0.5586986125911626,-0.20627647204624816,87.16408573479643,13.636465633837453,1.900603562297375,0.9523705762007495,0.2365353157836117,Insurance—Diversified,Financial Services,ACGL
2022Q3,2022,Q3,2022-11-03,2022-09-30,9751000.0,2495619000.0,65064000.0,0.0261,2194768000.0,0.8794483453,46337104000.0,11795110000.0,6333820000.0,3407681000.0,34533086000.0,0.0,15042561000.0,16630776599.58,18542346599.58,32.29851030610112,1.8586892376369737,0.0588114656453282,0.2310409144128372,-0.008485795105398835,32.29851030610112,0.0008266985216755079,6.663988613478259,426.38643727771506,1.409972149439895,1.0444057019792843,0.0,0.0006123586555938219,0.053857897550092904,9.788651578595532,0.00021043611184678267,12.181969914634967,0.8794483452802692,-0.9749038461538462,1.321035838456516,0.9468095696010458,0.4666800792131508,0.131348787627767,-0.9758843954652474,-0.8583909006620787,-0.9726109439373404,0.6195297085112111,0.16527240946708466,Insurance—Diversified,Financial Services,ACGL
2022Q2,2022,Q2,2022-08-03,2022-06-30,404344000.0,2244556000.0,459462000.0,1.04,1939957000.0,0.8642943192,45719194000.0,12417566000.0,32729851000.0,3395723000.0,33293169000.0,0.0,15035644000.0,16796781869.570002,18708129869.57,33.62995850790678,9.638551495513621,0.05960070074726164,0.21943881755893224,0.028736138637573697,33.62995850790678,0.03256225898054418,7.483342750000446,10.385205338505084,1.3526629831941301,0.025186474882773084,0.0,0.0006063066174866454,0.049094391296574474,9.638551495513621,0.008844075422676961,18.865475596055465,0.864294319232846,1.3111111111111113,1.3860401253086527,0.8367321554452757,0.5247235739211431,0.016018355773521346,1.3384110020009947,0.9134124858928817,-0.06248647879589573,0.4012829696901365,0.255127597159496,Insurance—Diversified,Financial Services,ACGL
2022Q1,2022,Q1,2022-05-04,2022-03-31,172914000.0,1909372000.0,240127000.0,0.45,1909372000.0,1.0,45677941000.0,12919589000.0,32771669000.0,3324836000.0,32748589000.0,0.0,14641484000.0,18120885377.04,20032610377.04,34.521850691281436,9.85662721409417,0.05964896710208545,0.21089231244120846,0.014382781745307301,34.521850691281436,0.013383862288498496,9.490494977950865,26.19927446163989,1.4025899258126555,0.058896329967498294,0.0,0.0005620034445393932,0.04180074579105919,9.85662721409417,0.003785503378972358,33.57006366707238,1.0,-0.7000000000000001,-0.26603340539768716,0.6390056757264724,0.6130203164189848,-0.15195972837796484,-0.7034238140485803,-0.6519489969112316,-0.5877637974242462,0.21566814906296064,0.36585843308694194,Insurance—Diversified,Financial Services,ACGL
2021Q4,2021,Q4,2022-02-25,2021-12-31,583034000.0,2251511000.0,689919000.0,1.5,2251511000.0,1.0,45091712000.0,13545896000.0,32738369000.0,3415380000.0,31545816000.0,0.0,14455868000.0,16865727596.900002,18731453596.9,35.70051002784319,9.585571444465916,0.06041895237865442,0.20112320366257055,0.0400407249532148,35.70051002784319,0.04304137577905515,7.490848411089265,7.23187995764398,1.245080251383888,0.017467248908296942,0.0,0.0006038280851797859,0.04993181452059305,9.585571444465916,0.012929959279434767,21.26780081246682,1.0,0.5306122448979592,6.548540459442752,1.1361785644037563,0.5726613874114563,0.10567370139835243,0.38836791747431787,0.0,3.527656540898088,0.7250195766271093,0.5210267635977012,Insurance—Diversified,Financial Services,ACGL
2021Q3,2021,Q3,2021-11-04,2021-09-30,419942000.0,2036325000.0,0.0,0.98,2036325000.0,1.0,44783736000.0,13387526000.0,0.0,0.0,31385973000.0,0.0,13842787000.0,14862489719.6,16448917719.6,34.39099049508082,0.0,0.06082898041378236,0.20348412395240167,0.0,34.39099049508082,0.03136815569956689,7.298682538199944,8.84794192983793,1.1101744803035303,0.041174733653695034,0.0,0.0011633986180119868,0.04547019033874262,0.0,0.009377109582818191,14.800962120066883,1.0,-0.3987730061349693,0.5478192797501016,0.6108426617856311,0.6971002265575602,-0.16123229745304105,-0.37831131955362507,0.0,0.9114693290810695,0.5070404486701351,0.4812672640848116,Insurance—Diversified,Financial Services,ACGL
2021Q2,2021,Q2,2021-08-05,2021-06-30,675486000.0,2427758000.0,0.0,1.63,2427758000.0,1.0,46481886000.0,13986072000.0,0.0,0.0,31519407000.0,0.0,13454036000.0,15488128073.88,17271484073.879997,35.163555019826575,0.0,0.06491593305831007,0.21574427759273654,0.0,35.163555019826575,0.04829704866384214,6.379601292171625,5.73221653516135,1.1073965638014733,0.015399282886691953,0.0,0.0006716111818278727,0.052230195650839126,0.0,0.014532241656459464,18.468324692928483,1.0,0.5523809523809522,1.9112727845865298,0.8295008368641686,0.8977063046002175,0.09825921229593888,0.5416563963519843,0.0,1.8215973446369802,0.696950462548976,0.5533175947941057,Insurance—Diversified,Financial Services,ACGL
2021Q1,2021,Q1,2021-05-06,2021-03-31,438156000.0,2210551000.0,0.0,1.05,2210551000.0,1.0,44204267000.0,13096472000.0,0.0,0.0,30173261000.0,0.0,12790216000.0,15378998931.15,17454151931.15,32.675184704133635,0.0,0.06825368238772063,0.23037532550751072,0.0,32.675184704133635,0.033456033044624536,6.957088495651084,8.774842140213758,1.1742856344174217,0.023742685253653948,0.0,0.0006764419483071056,0.05000763840287183,0.0,0.009912074777758446,20.495630643028967,1.0,-0.1923076923076923,1.551388093612536,0.8860910000748683,0.8406297407710229,-0.006509560523767042,-0.19389046700911058,0.0,1.9617486625126161,0.8182675146870658,0.455289018487159,Insurance—Diversified,Financial Services,ACGL
2020Q4,2020,Q4,2021-02-26,2020-12-31,543544000.0,2225035000.0,0.0,1.3,2225035000.0,1.0,43282297000.0,13105886000.0,0.0,0.0,29294856000.0,0.0,12362463000.0,14536402433.45,16646754433.45,32.52037842129311,0.0,0.06970055216801456,0.2301866504866592,0.0,32.52037842129311,0.04147327391677297,6.533111808780537,6.685936388521444,1.1091506849250787,0.01913920492177266,0.0,0.000715651623407278,0.05140750732337519,0.0,0.012558113540046177,26.824879928861414,1.0,0.30000000000000004,7.337049255710776,1.2188518027576638,0.8978091841543963,0.03980060443008841,0.2971203157701312,0.0,1.5529334537602022,0.6470523151569311,0.4366614615100255,Insurance—Diversified,Financial Services,ACGL
2020Q3,2020,Q3,2020-11-05,2020-09-30,419039000.0,2139867000.0,0.0,1.0,2139867000.0,1.0,42716035000.0,12451997000.0,0.0,0.0,29448283000.0,0.0,11829322000.0,11783376686.25,13878476686.25,30.90972324384815,0.0,0.07190503519345838,0.24666710086743515,0.0,30.90972324384815,0.03365235311251681,5.5065930201503175,7.0300000037287695,0.9463041700259003,0.024825851531719005,0.0,0.000882853894685319,0.0500951691794428,0.0,0.009809875846388833,11.773486957205947,1.0,0.4084507042253522,3.7010258970025833,1.0237196038908265,0.814124848138831,-0.07778345699273213,0.4023077360694195,0.0,13.506460561662097,0.5132391995234632,0.4036150554962328,Insurance—Diversified,Financial Services,ACGL
2020Q2,2020,Q2,2020-08-06,2020-06-30,298821000.0,2320352000.0,0.0,0.71,2320352000.0,1.0,41199648000.0,11991825000.0,0.0,0.0,28472748000.0,0.0,11420686000.0,11531730632.55,13873791632.55,29.793081125241965,0.0,0.07758124535432924,0.2665415814523644,0.0,29.793081125241965,0.024918725882007116,4.969819506932568,9.647690952568595,0.9616326649655077,0.03481348365744041,0.0,0.0009021195804414655,0.05631970447902856,0.0,0.007252998860572789,16.429096410717058,1.0,1.2187499999999998,1.341265102705187,1.139501328599232,0.772569395204421,0.4294060609943461,1.0734611461520847,0.0,0.6176260684036483,0.7418451330968971,0.3507662556503385,Insurance—Diversified,Financial Services,ACGL
2020Q1,2020,Q1,2020-05-08,2020-03-31,144117000.0,1623298000.0,0.0,0.32,1623298000.0,1.0,38416126000.0,11367244000.0,0.0,0.0,26500721000.0,0.0,11132268000.0,11494770902.06,12984942902.06,28.14425507010521,0.0,0.061756773704875915,0.20870986846064007,0.0,28.14425507010521,0.012678271003947835,7.08112182856136,19.93999823417779,1.011218805724589,0.07218440572590326,0.0,0.0009050202121153766,0.04225564024857686,0.0,0.003751471452379139,19.094811327311024,1.0,-0.5789473684210527,-0.530729433301259,0.3103237192928648,0.6676466204713297,-0.02452423489086352,-0.5584434285994412,0.0,-0.4331729677701234,0.29115197972617174,0.3150295916789563,Insurance—Diversified,Financial Services,ACGL
2019Q4,2019,Q4,2020-02-28,2019-12-31,326384000.0,1664109000.0,0.0,0.76,1664109000.0,1.0,37885361000.0,11497371000.0,0.0,0.0,25569809000.0,0.0,11021006000.0,17282151928.1,18911834928.1,28.533613420456366,0.0,0.06218531215790711,0.20490884394354153,0.0,28.533613420456366,0.028387707067989716,10.385228328252536,13.237591248422104,1.503139450583964,0.031873498700916714,0.0,0.0006019505003358517,0.04392485530228945,0.0,0.00861504262820671,34.90511742271539,1.0,-0.1739130434782609,0.43269356581594637,0.49888121865648166,0.7714478655683648,-0.0203366901087567,-0.1683488213875292,0.0,2.9791426622879538,0.48674604870131016,0.2569487672495322,Insurance—Diversified,Financial Services,ACGL
2019Q3,2019,Q3,2019-11-08,2019-09-30,392453000.0,1698654000.0,0.0,0.92,1698654000.0,1.0,35572603000.0,11158096000.0,0.0,0.0,23510794000.0,0.0,10705025000.0,16899641799.579998,18381648799.579998,27.717562042743495,0.0,0.06640239399967442,0.21169436075832293,0.0,27.717562042743495,0.03517204010433321,9.948842907137061,10.765392161341612,1.5145632193503265,0.02650763276112044,0.0,0.0006155751774726103,0.047751748726400485,0.0,0.01103245101293262,20.625945792376534,1.0,-0.1785714285714286,0.6875290542208189,0.6004968127285106,0.8042391332138299,-0.024688054789360904,-0.16313113866178772,0.0,0.3987470090348002,0.29936610572024713,0.3677849967447607,Insurance—Diversified,Financial Services,ACGL
2019Q2,2019,Q2,2019-08-07,2019-06-30,468954000.0,1741652000.0,0.0,1.12,1741652000.0,1.0,34851670000.0,10757352000.0,0.0,0.0,23032496000.0,0.0,10322975000.0,15192108546.560001,16811663546.560001,26.794055507994088,0.0,0.06383828952816321,0.20682329629076004,0.0,26.794055507994088,0.043593813793580426,8.722815204506986,8.098933235754467,1.4122535496244801,0.022183412445570354,0.0,0.0006847634064828733,0.04997327244289872,0.0,0.01345571101757821,32.31057348425105,1.0,0.04672897196261686,1.2345864519573844,0.6856664714886098,0.7116812314799266,0.0370037820689918,0.04554007776549067,0.0,1.002317069849573,0.3002434013987302,0.4460212579376265,Insurance—Diversified,Financial Services,ACGL
2019Q1,2019,Q1,2019-05-07,2019-03-31,448528000.0,1679504000.0,0.0,1.07,1679504000.0,1.0,33977037000.0,10114596000.0,0.0,0.0,22817977000.0,0.0,9864424000.0,13070022634.64,14659228634.64,25.27483804691199,0.0,0.0654061153125271,0.21971277943281176,0.0,25.27483804691199,0.044344628297561264,7.7820729421543495,7.284953578505689,1.2921942344152944,0.023193646773445584,0.0,0.0007959435335963777,0.04943056099918307,0.0,0.013200915665483133,57.838356608651395,1.0,2.4516129032258065,1.4293717335486236,0.7728825436032141,0.6968493347592276,0.21396968950061476,2.2860638562867233,0.0,1.6158535688852718,0.4352225670353552,0.4237599274054571,Insurance—Diversified,Financial Services,ACGL
2018Q4,2018,Q4,2019-02-28,2018-12-31,136494000.0,1383481000.0,0.0,0.31,1383481000.0,1.0,32218329000.0,9439827000.0,0.0,0.0,21780650000.0,0.0,9426299000.0,10746398083.039999,12289052083.039999,23.4713227158478,0.0,0.06794920990470983,0.2319120890668865,0.0,23.4713227158478,0.014459375155921819,7.767651368569571,19.682912954122525,1.1384104902600438,0.0762158043577007,0.0,0.0009680452854634195,0.0429408055271892,0.0,0.0042365325650501615,25.133305150522947,1.0,-0.41509433962264153,-0.1701054914715953,0.49610613519392255,0.6412058923271451,-0.010838385860550248,-0.39978364877225075,0.0,1.0978553866241696,0.38244853893709374,0.36972858179355883,Insurance—Diversified,Financial Services,ACGL
2018Q3,2018,Q3,2018-11-09,2018-09-30,227408000.0,1398640000.0,0.0,0.53,1398640000.0,1.0,32252534000.0,9355148000.0,0.0,0.0,21814433000.0,0.0,9300208000.0,11810144786.519999,13447227786.519999,23.217275726625203,0.0,0.07094388304497252,0.2445840514762567,0.0,23.217275726625203,0.02430832735088745,8.444020467396898,12.98343152672729,1.2624220147580776,0.045741574614789275,0.0,0.0008807682029328511,0.04336527480290386,0.0,0.007050856841201996,19.101210569293197,1.0,-0.05357142857142862,0.9389265293067165,0.6802832705046015,0.6826029928542394,-0.0394239730557408,-0.06664587146926278,0.0,1.5506356474048377,0.3224339479124618,0.36264684317884066,Insurance—Diversified,Financial Services,ACGL
2018Q2,2018,Q2,2018-08-08,2018-06-30,243646000.0,1456043000.0,0.0,0.56,1456043000.0,1.0,31853120000.0,9163755000.0,0.0,0.0,21622107000.0,0.0,9083202000.0,10711019139.66,12489891139.66,22.637711140127497,0.0,0.07237909504626235,0.25158900472568285,0.0,22.637711140127497,0.026588008954844384,7.3562519373809705,10.990349872006929,1.1688460832551721,0.04269719182748742,0.0,0.0009712427794550857,0.045711157965059625,0.0,0.0076490466240041795,122.12691712647086,1.0,0.696969696969697,0.3407067885642229,0.6587516497032153,0.7045663518280982,0.177871077081134,0.6197390026791115,0.0,0.8981375048153303,0.3349401520620545,0.34685344479094354,Insurance—Diversified,Financial Services,ACGL
2018Q1,2018,Q1,2018-05-09,2018-03-31,150423000.0,1236165000.0,0.0,0.33,1236165000.0,1.0,32131955000.0,9150372000.0,0.0,0.0,21921458000.0,0.0,8849959000.0,11627108439.84,13434554439.84,22.452711653181453,0.0,0.07744119522139253,0.27193834305315673,0.0,22.452711653181453,0.01643900379132127,9.405790035990341,19.324020329072017,1.2706705738127368,0.06938433617199498,0.0,0.0008976436449356469,0.03847151534975074,0.0,0.004681414498433102,29.36583431792696,1.0,-0.32191827265871736,-0.4348227392078772,0.32272739037454096,0.6526403431686837,-0.09232255842760734,-0.2991846813268729,0.0,-0.5145798263935637,-0.011100254632250919,0.33040254984817125,Insurance—Diversified,Financial Services,ACGL
2017Q4,2017,Q4,2018-02-28,2017-12-31,214640000.0,1361899000.0,0.0,0.486667,1361899000.0,1.0,32051658000.0,9196602000.0,0.0,0.0,21805723000.0,0.0,8562889000.0,12292714708.011599,14235531708.011599,22.636076273050477,0.0,0.0795283663640739,0.27716932841064557,0.0,22.636076273050477,0.02333905501184024,9.026157378786237,14.317828349808515,1.336658334025067,0.051737793514722324,0.0,0.0009033806009312553,0.042490750400494104,0.0,0.006696689450511421,481.99163692015367,1.0,4.7435923076923086,10.070486023730346,0.6501408087568036,0.763488893142327,-0.04121058604541141,7.377466127882101,0.0,-0.065561682750616,0.2165945833892559,0.4053119879303614,Insurance—Diversified,Financial Services,ACGL
2017Q3,2017,Q3,2017-11-03,2017-09-30,-33656000.0,1420436000.0,0.0,-0.13,1420436000.0,1.0,32624797000.0,8911144000.0,0.0,0.0,22646926000.0,0.0,8359354000.0,13286203434.9549,14982810434.9549,22.02151018743551,0.0,0.07843628881430281,0.2871649251768348,0.0,22.02151018743551,-0.0037768439158877916,9.35360933893178,-98.69119499461388,1.4909649574684127,-0.3675124792013311,0.0,0.0009309657239974353,0.04353853910569926,0.0,-0.00103160795146097,25.486283415859532,1.0,-1.3119997504001997,-1.1776974580324018,0.5720083975710891,0.6682567570727267,0.06376751682034137,-1.1817602488564376,0.0,-1.1439709289020126,0.33143589237775806,0.43346194702719504,Insurance—Diversified,Financial Services,ACGL
2017Q2,2017,Q2,2017-08-04,2017-06-30,185167000.0,1335288000.0,0.0,0.416667,1335288000.0,1.0,30862639000.0,8898887000.0,0.0,0.0,20880560000.0,0.0,8412114000.0,12546274333.226398,14224976333.226398,22.05642982315828,0.0,0.07838027072150246,0.271834219268095,0.0,22.05642982315828,0.020807883053240255,9.395931314612577,16.93913377279213,1.4098700582698036,0.06129061873876015,0.0,0.0009045713252056312,0.04326551595279976,0.0,0.00599971376394611,36.89646610171273,1.0,-0.2816086206896551,-0.15909043696282216,0.5854722380967448,0.7731347745594743,0.06679321617916344,-0.2684818292793736,0.0,-0.1219950616972315,0.28603166883742737,0.4090280939550285,Insurance—Diversified,Financial Services,ACGL
2017Q1,2017,Q1,2017-05-05,2017-03-31,253127000.0,1251684000.0,0.0,0.58,1251684000.0,1.0,30092226000.0,8605844000.0,0.0,0.0,20412552000.0,0.0,8238296000.0,12702490031.789999,14466107031.789999,21.401993725610538,0.0,0.08199363516677032,0.2867087760363771,0.0,21.401993725610538,0.02941338467209027,10.14832020844718,12.545570041708311,1.4760307102696726,0.044317674527016085,0.0,0.0008831339345219065,0.04159492886966886,0.0,0.008411707395790528,62.59727795524432,1.0,2.4799930400139196,0.5401284864696821,0.5348733776778342,0.7772014050520503,0.239313175878382,2.4200343182954347,0.0,0.36446942605826965,0.3149660627824649,0.4368423943377309,Insurance—Diversified,Financial Services,ACGL
2016Q4,2016,Q4,2017-03-01,2016-12-31,74013000.0,1009982000.0,0.0,0.166667,1009982000.0,1.0,29372109000.0,8253718000.0,0.0,0.0,20060984000.0,0.0,7996701000.0,10458012120.2952,12103978120.2952,22.700697247107296,0.0,0.08473712255391672,0.3015499196846803,0.0,22.700697247107296,0.008967231494945672,10.354651984189026,35.32491629948523,1.2670668079882546,0.15695891262345804,0.0,0.0011108229619906085,0.034385750100546064,0.0,0.002519839484457858,29.395677846161114,1.0,-0.7474742424242424,-0.42902746813649506,0.49303464913010087,0.9709663213241191,-0.1427885162168631,-0.7073104179189471,0.0,-0.5022246591930674,0.20814449453189302,0.5873207715188353,Insurance—Diversified,Financial Services,ACGL
2016Q3,2016,Q3,2016-11-04,2016-09-30,252872000.0,1178218000.0,0.0,0.66,1178218000.0,1.0,25643231000.0,7352322000.0,0.0,0.0,17250642000.0,0.0,7972643000.0,9585618482.16,10196339482.16,20.26456066465818,0.0,0.046387953218531626,0.16179065606756612,0.0,20.26456066465818,0.03439348820685492,8.135691766854691,9.47674958295106,1.3037539000821783,0.021686861336960992,0.0,0.0005721070591539179,0.0459465501831653,0.0,0.009861159851502332,19.457890608768377,1.0,0.19999999999999996,0.6278166257856165,0.6754396713718966,0.7875291384086539,-0.02390816824444505,0.19813318803155575,0.0,1.394464677239173,0.5720063256005109,0.46861375230721014,Insurance—Diversified,Financial Services,ACGL
2016Q2,2016,Q2,2016-08-05,2016-06-30,211055000.0,1207077000.0,0.0,0.55,1207077000.0,1.0,24411917000.0,6703922000.0,0.0,0.0,16714040000.0,0.0,7725255000.0,8683132320.0,9355763320.0,18.529503187393555,0.0,0.04871481416227984,0.1773919803959533,0.0,18.529503187393555,0.03148231736586434,7.193519816879951,10.285390443249389,1.2952317046648216,0.025988486413494112,0.0,0.0006316844887145518,0.04944621923792384,0.0,0.008645572570150882,40.509320407373025,1.0,0.37500000000000006,1.3353572394205162,0.6936037559528418,0.6425499649251522,0.142573039078806,0.36342200803627955,0.0,0.29940922560674826,0.5385723376013599,0.39522796513361036,Insurance—Diversified,Financial Services,ACGL
2016Q1,2016,Q1,2016-05-06,2016-03-31,154798000.0,1056455000.0,0.0,0.4,1056455000.0,1.0,24541369000.0,6413587000.0,0.0,0.0,17167593000.0,0.0,7519685000.0,8562443526.9,9253262526.9,17.752176866622996,0.0,0.05088469188495556,0.1947085149074925,0.0,17.752176866622996,0.024135947637414133,8.104882391488516,13.828414331742012,1.3350475368775694,0.035426814299926356,0.0,0.0006404713774486594,0.043047924506575,0.0,0.0063076350793633395,26.875974295884063,1.0,1.857142857142857,5.662505890302275,0.5109831875219316,0.6436594348157592,0.17252696149974417,1.642551084859762,0.0,-0.3439206679594151,0.27516235675232825,0.306655700301123,Insurance—Diversified,Financial Services,ACGL
2015Q4,2015,Q4,2016-02-26,2015-12-31,58579000.0,901007000.0,0.0,0.14,901007000.0,1.0,23177270000.0,6204881000.0,0.0,0.0,16028376000.0,0.0,7370371000.0,8418861549.0,9187275549.0,17.135747204102167,0.0,0.05702742385104027,0.2130161722682514,0.0,17.135747204102167,0.009440793465660341,9.343835895836547,35.9295206003858,1.3568127332337236,0.09363423752539306,0.0,0.0006515132679253423,0.03887459567067217,0.0,0.0025274331273700485,45.38665575334785,1.0,-0.3,-0.7232498152302934,0.20718516357784483,0.5206787447618655,-0.05096019751671603,-0.26806442342533704,0.0,2.3899540775780705,0.22489849751117472,0.33497959211711603,Insurance—Diversified,Financial Services,ACGL
2015Q3,2015,Q3,2015-11-09,2015-09-30,80033000.0,949388000.0,0.0,0.2,949388000.0,1.0,23770592000.0,6162815000.0,0.0,0.0,16628526000.0,0.0,7317277000.0,8858087612.699999,9338649612.699999,17.0383660614976,0.0,0.04755207611152469,0.1834130993709855,0.0,17.0383660614976,0.012986435581791762,9.330313436340042,27.670109869366385,1.4373443974385083,0.06852173478440143,0.0,0.0006190952539391788,0.03993960268217132,0.0,0.003366891325213945,19.483568710243617,1.0,-0.31818104338754927,-0.3408500134230268,0.45164851494867647,0.59256549899527,-0.03507869686208586,-0.3088090508679506,0.0,-0.5272593047813583,0.1754715053464329,0.29075476975187975,Insurance—Diversified,Financial Services,ACGL
2015Q2,2015,Q2,2015-08-07,2015-06-30,115790000.0,983902000.0,0.0,0.293333,983902000.0,1.0,23084925000.0,6137515000.0,0.0,0.0,15947534000.0,0.0,7242728000.0,8150318569.440001,8516466569.440001,16.807850347549348,0.0,0.03860623328860718,0.14520893227959525,0.0,16.807850347549348,0.018865941671832982,8.283669074196414,17.59719874220572,1.327950900232423,0.047370239226185336,0.0,0.0006729798293487894,0.04262097451042184,0.0,0.005015827428505832,28.15600431630221,1.0,-0.5925930555555555,-0.40229668347956626,0.5927222245665963,0.7537319727128826,-0.1391602126416065,-0.5913332580399243,0.0,-0.4189990579165325,0.29079008490130615,0.35119709652828285,Insurance—Diversified,Financial Services,ACGL
2015Q1,2015,Q1,2015-05-08,2015-03-31,283336000.0,1142956000.0,0.0,0.72,1142956000.0,1.0,22849680000.0,6288702000.0,0.0,0.0,15551780000.0,0.0,7132423000.0,7651278980.6724,8080266980.6724,16.87663005136589,0.0,0.03938786013633451,0.14311379359365414,0.0,16.87663005136589,0.04505476646850177,6.694290051998853,6.75106497292296,1.216670623074905,0.01935511195188751,0.0,0.0007167429149888431,0.05002065674442706,0.0,0.012399998599542751,145.56120121513584,1.0,0.3500008437505274,0.6726951491590231,0.7329803907049196,0.8398098320553048,0.0899859526586477,0.31683738915431947,0.0,0.8603051654819326,0.5124161846716889,0.40141946700694564,Insurance—Diversified,Financial Services,ACGL
2014Q4,2014,Q4,2015-02-27,2014-12-31,215164000.0,1048597000.0,0.0,0.533333,1048597000.0,1.0,22009543000.0,6130053000.0,0.0,0.0,14890897000.0,0.0,6854571000.0,7497251123.099999,7911549123.099999,16.10750955479089,0.0,0.04089135335522414,0.1468176539419806,0.0,16.10750955479089,0.03509985965863591,7.149792649702412,8.7110891263176,1.2230320232304681,0.025492182707144317,0.0,0.0007316014776535904,0.04764283383803108,0.0,0.009775941281470496,32.293048948798905,1.0,-0.024391448541799792,-0.0730750091098075,0.4200425674674425,0.7784683962932953,0.004792084293155589,-0.05908385262927736,0.0,0.5858109610750597,0.48094681388963145,0.3985191074668335,Insurance—Diversified,Financial Services,ACGL
2014Q3,2014,Q3,2014-11-07,2014-09-30,228675000.0,1043596000.0,0.0,0.546667,1043596000.0,1.0,22610685000.0,6081046000.0,0.0,0.0,15528200000.0,0.0,6644892000.0,7220083040.639999,7456357040.639999,15.36246583531926,0.0,0.039804189921711794,0.14800085380048103,0.0,15.36246583531926,0.03760455026980555,6.9184656137432485,7.8933891337487685,1.1873093939167703,0.02398163332240079,0.0,0.0007595480507816832,0.0461549926505986,0.0,0.010113581255941605,21.087861302583963,1.0,0.10810953250644087,0.11358175955198972,0.4621373228915686,0.864528719712499,0.019011332589935225,0.0993144758095531,0.0,0.349252998566039,0.360208595135137,0.35511723016689556,Insurance—Diversified,Financial Services,ACGL
2014Q2,2014,Q2,2014-08-08,2014-06-30,208016000.0,1024126000.0,0.0,0.493333,1024126000.0,1.0,22573515000.0,6229399000.0,0.0,0.0,15332450000.0,0.0,6421701000.0,7619465682.023399,7593022682.023399,15.653648012970171,0.0,0.039869732294682506,0.1444762167265253,0.0,15.653648012970171,0.033392627442872094,7.439968990166639,9.157307228798986,1.2231461946848161,0.026368163987385587,0.0,0.0007198667503602984,0.04536847717336002,0.0,0.009215046925567419,30.488106731955533,1.0,0.13846164497049612,0.7922345026957032,0.6487338963880858,1.1121192905710238,0.09366680371416519,0.13981369863013698,0.0,1.092613450060268,0.3063658472824218,0.3876194485423538,Insurance—Diversified,Financial Services,ACGL
2014Q1,2014,Q1,2014-05-12,2014-03-31,182500000.0,936415000.0,0.0,0.433333,936415000.0,1.0,21800358000.0,5892133000.0,0.0,0.0,14895495000.0,0.0,6219170000.0,7587104141.4,6917499141.4,14.895157471655157,0.0,0.0412837257076237,0.15274604290161134,0.0,14.895157471655157,0.030973503143937858,8.102288132291772,10.393293344383562,1.2876668163125307,0.030049315068493152,0.0,0.0007228054205920089,0.042954111120560495,0.0,0.00837142215737925,39.35485349842053,1.0,0.14035000000000006,0.7114312375162792,0.7123029673768242,1.2271450344042143,0.0313417580989429,0.1301009350424175,0.0,6.1739287858629925,0.22320408476414014,0.3791303621689173,Insurance—Diversified,Financial Services,ACGL
2013Q4,2013,Q4,2014-03-03,2013-12-31,161490000.0,907958000.0,0.0,0.38,907958000.0,1.0,19566094000.0,5647496000.0,0.0,0.0,13918598000.0,0.0,6042154000.0,7857103725.3006,8323046725.3006,14.301266419758388,0.0,0.045997939087893576,0.15936266267386467,0.0,14.301266419758388,0.028594973772447116,8.653598211922358,12.163452420119821,1.3912544117429386,0.03396495139017896,0.0,0.0006980943858915586,0.04640466308707297,0.0,0.008253563537004372,36.16219025424395,1.0,0.42499821875222665,2.626125096845375,1.3332660195666146,1.2613225959025993,0.11416689470513093,0.4064010450685826,0.0,-0.30041486007918117,0.11547658709280807,0.2691382294958803,Insurance—Diversified,Financial Services,ACGL
2013Q3,2013,Q3,2013-11-08,2013-09-30,114825000.0,814921000.0,0.0,0.266667,814921000.0,1.0,18930823000.0,5443285000.0,0.0,0.0,13487538000.0,0.0,5886149000.0,7117827222.950399,7081686222.950399,13.79842768925615,0.0,0.021129562090353916,0.07348503706860839,0.0,13.79842768925615,0.021094798453507396,8.734376980039047,15.497120015132591,1.30763449331615,0.04775963422599608,0.0,0.0007704598367206272,0.04304730967058326,0.0,0.006065504917562221,30.310166045446763,1.0,-0.3650785714285714,3.7934161439810477,0.49647358766787003,1.1226666261855365,-0.04649685254955187,-0.3510512037978976,0.0,-0.13289574032967752,0.14249145385369325,0.28973047057300205,Insurance—Diversified,Financial Services,ACGL
2013Q2,2013,Q2,2013-08-09,2013-06-30,176940000.0,854660000.0,0.0,0.42,854660000.0,1.0,18917683000.0,5234318000.0,0.0,0.0,13683365000.0,0.0,5776808000.0,6830304475.259999,6855185475.259999,13.280627718509875,0.0,0.021144238435542025,0.0764187426136509,0.0,13.280627718509875,0.03380383079514848,7.991838245922354,9.650594092997625,1.3049081991694045,0.030999208771334916,0.0,0.0008030388718200165,0.04517783705330087,0.0,0.009353153871962016,38.084722045554656,1.0,-0.31891928707065564,0.2806930780715785,0.47076111944279375,0.9375019529850558,-0.050991469960536634,-0.3101108875684275,0.0,-0.15378732209231488,0.281800593256962,0.3857013815596939,Insurance—Diversified,Financial Services,ACGL
2013Q1,2013,Q1,2013-05-10,2013-03-31,256476000.0,900582000.0,0.0,0.616667,900582000.0,1.0,18757061000.0,5335530000.0,0.0,0.0,13421531000.0,0.0,5605353000.0,6881815317.349799,6925048317.349799,13.585963664745005,0.0,0.021325302508745907,0.07496912209283801,0.0,13.585963664745005,0.04806945139470681,7.641519947489289,6.708049990398517,1.2898091318668998,0.021382117625040938,0.0,0.0007968827623395013,0.04801295895982852,0.0,0.013673570715582787,34.08239681329358,1.0,17.50019500195002,0.9592449469712433,0.5869220958032604,0.993715781527431,0.10092503511514958,12.346307956496851,0.0,0.43664656387168926,0.29561380490513384,0.48107705461736977,Insurance—Diversified,Financial Services,ACGL
2012Q4,2012,Q4,2013-03-01,2012-12-31,19217000.0,818023000.0,0.0,0.033333,818023000.0,1.0,17816762000.0,5168878000.0,0.0,0.0,12647884000.0,0.0,5354361000.0,5908750590.6522,5937709590.6522,12.835961916786268,0.0,0.022450768551547134,0.07738623353075852,0.0,12.835961916786268,0.003717828124401466,7.223208382468708,76.86879573622574,1.1431398827080461,0.28537232658583545,0.0,0.0009281149907860105,0.0459131126071056,0.0,0.001078591048137703,31.936775544835523,1.0,-0.9248127254231018,-0.8835710761277943,0.39102848208271734,0.869060967031453,-0.09590638362774495,-0.8986744421478888,0.0,-0.9217600539987881,0.04695071268774204,0.4172490494186173,Insurance—Diversified,Financial Services,ACGL
2012Q3,2012,Q3,2012-11-09,2012-09-30,189656000.0,904799000.0,0.0,0.443333,904799000.0,1.0,18889757000.0,5348794000.0,0.0,0.0,13540963000.0,0.0,5351241000.0,5724168223.536,5986951223.536,13.200312298495605,0.0,0.03627484461552364,0.1281079435850399,0.0,13.200312298495605,0.035457712523608124,6.326452862498743,7.545461550828869,1.0701792261089134,0.0289207828911292,0.0,0.0009582178206166942,0.047898922151301364,0.0,0.010040150331208602,17.29371632835343,1.0,-0.1363637249115098,0.42104187221487843,0.6121036411382724,1.1327931024940692,0.07398619294738791,-0.13897615631866636,0.0,-0.09777324838375802,0.23837895159521666,0.6021100813864024,Insurance—Diversified,Financial Services,ACGL
2012Q2,2012,Q2,2012-08-08,2012-06-30,220268000.0,842468000.0,0.0,0.513333,842468000.0,1.0,18496723000.0,5020316000.0,0.0,0.0,13476407000.0,0.0,5167069000.0,5339461130.01,5719887130.01,12.43922917739746,0.0,0.039780992557438416,0.14656806463975575,0.0,12.43922917739746,0.043875325776305714,6.337880050055314,6.0601870562337705,1.0635707254304312,0.04971670873662992,0.0,0.0020509560297107153,0.04554687876333554,0.0,0.01190848778997231,21.466292228377764,1.0,0.35087631578947376,0.7298239534764119,0.5703301826169956,1.1911097874975747,0.033692920805685346,0.3410042859925969,0.0,0.8712960502910384,0.3373453998703336,0.6784033909313613,Insurance—Diversified,Financial Services,ACGL
2012Q1,2012,Q1,2012-05-10,2012-03-31,164256000.0,815008000.0,0.0,0.38,815008000.0,1.0,17812783000.0,4839456000.0,0.0,0.0,12973327000.0,0.0,4954450000.0,4988456765.0577,5305201765.0577,12.042525773821184,0.0,0.04151799300536025,0.15281696951062268,0.0,12.042525773821184,0.033941004939398146,6.120745765756532,7.592503112607302,1.030788742589601,0.03933494058055718,0.0,0.0012951901368088267,0.04575410815929212,0.0,0.009221242969164335,36.06382716581986,1.0,0.0857142857142858,0.32659372834056005,0.5695441756763185,1.1179525927988656,0.09005796643991901,0.1464626723993523,0.0,0.5162342745473273,0.4669746208698937,0.8006155040582003,Insurance—Diversified,Financial Services,ACGL
2011Q4,2011,Q4,2012-02-29,2011-12-31,143272000.0,747674000.0,0.0,0.35,747674000.0,1.0,17141769000.0,4628486000.0,0.0,0.0,12513283000.0,0.0,4833067000.0,4987130614.29,5345917614.29,11.517547002962838,0.0,0.04144764755609529,0.15350289489910957,0.0,11.517547002962838,0.03095439847932996,6.670193980651995,8.702207364820062,1.0774863776816004,0.04509604109665531,0.0,0.001295534546756568,0.04361708526115362,0.0,0.008358063861436938,46.96864394697683,1.0,-0.11764780029596618,-0.034653521989108864,0.3713094511842781,1.1343498573855217,-0.02263942284439204,-0.15217648590432456,0.0,2.4176600958983023,0.8880489461247009,0.8211596457770305,Insurance—Diversified,Financial Services,ACGL
2011Q3,2011,Q3,2011-11-08,2011-09-30,168988000.0,764993000.0,0.0,0.396667,764993000.0,1.0,17430028000.0,4474371000.0,0.0,0.0,12955657000.0,0.0,4696256000.0,4298763962.5101,4743005962.5101,11.336632354255599,0.0,0.04670887505172109,0.18195563130549522,0.0,11.336632354255599,0.03776799018230719,5.619350716294267,6.359569854827118,0.9607526873632294,0.038233484034369304,0.0,0.0015029901749309689,0.043889372983221826,0.0,0.009695222520583444,14.014083191011784,1.0,0.7761235464530544,0.46773804467579055,0.5025457650545616,1.2332697840158513,-0.013635168031687744,0.7183705842874866,0.0,6.050957373365855,0.4040887213693095,0.743958927324043,Insurance—Diversified,Financial Services,ACGL
2011Q2,2011,Q2,2011-08-05,2011-06-30,98342000.0,775568000.0,0.0,0.223333,775568000.0,1.0,17213806000.0,4441269000.0,0.0,0.0,12772537000.0,0.0,4533729000.0,4188934026.48,4596374026.48,11.280937312758038,0.0,0.04754561542055255,0.18428088908823131,0.0,11.280937312758038,0.022142770455921494,5.40111766663916,10.648893724146347,0.9431840373731022,0.06569929429948547,0.0,0.001542397172922114,0.04505499829613509,0.0,0.005712972482668853,19.24168481761682,1.0,3.902383879181667,0.15150920487204625,0.5102091781325703,1.463930861928667,0.0006399405474588168,2.818217114458767,0.0,-0.2874133461354953,0.3361285753178865,0.6457684484678173,Insurance—Diversified,Financial Services,ACGL
2011Q1,2011,Q1,2011-05-09,2011-03-31,25756000.0,775072000.0,0.0,0.045556,775072000.0,1.0,17191966000.0,4325535000.0,0.0,0.0,12866431000.0,0.0,4441848000.0,4413925454.9553,4829270454.9553,10.80039848316441,0.0,0.0478259438158498,0.19008561946672492,0.0,10.80039848316441,0.005954407951848731,5.694858613077624,42.84366220448925,1.0204345716669267,0.2508541699021587,0.0,0.0014637764198637629,0.045083383715393575,0.0,0.001498141631969258,20.387834783486685,1.0,-0.91865,-0.6810541817543172,0.5109422758367376,1.5771701319235123,-0.061102611345914604,-0.8899842810278841,0.0,-0.80706656965455,0.339249394948981,0.5849390911111318,Insurance—Diversified,Financial Services,ACGL
2010Q4,2010,Q4,2011-02-28,2010-12-31,234112000.0,825513000.0,0.0,0.56,825513000.0,1.0,15770792000.0,4513003000.0,0.0,0.0,11257789000.0,0.0,4422553000.0,3918189373.4259,4281219373.4259,11.268486038308888,0.0,0.04601988283150269,0.16081753103199797,0.0,11.268486038308888,0.05187499321405282,4.746369074049591,4.184097113161543,0.8682000374087719,0.02759790185893931,0.0,0.001648975938687408,0.05234442252488017,0.0,0.014844657135798887,27.407592147635004,1.0,0.8194932711239922,2.80126504309986,0.6526407999068767,1.9804866167702786,0.035318153086717034,0.5815065763252292,0.0,0.4261551642939092,0.41143939563377285,0.640818783062827,Insurance—Diversified,Financial Services,ACGL
2010Q3,2010,Q3,2010-11-08,2010-09-30,148031000.0,797352000.0,0.0,0.307778,797352000.0,1.0,17701397000.0,4717910000.0,0.0,0.0,12983487000.0,0.0,4194902000.0,4106009986.0209,4496809986.0209,10.698690931234475,0.0,0.04275351826751301,0.16040937618564152,0.0,10.698690931234475,0.031376393360619426,5.1495575179104085,6.9343752086064745,0.8703027370214566,0.043646263282690785,0.0,0.0015735470741661058,0.04504458037972935,0.0,0.008362673296350565,15.484268707677252,1.0,-0.3775270809232188,2.2166764507247048,-0.2922252833177065,0.4229409396141219,0.027098536032409526,-0.3919474555454691,0.0,0.019167619336988715,0.3053999465499184,0.7286026048378597,Insurance—Diversified,Financial Services,ACGL
2010Q2,2010,Q2,2010-08-05,2010-06-30,243451000.0,776315000.0,0.0,0.494444,776315000.0,1.0,16777399000.0,4398003000.0,0.0,0.0,12379396000.0,0.0,4053332000.0,3798581927.5079994,4218325927.5079994,9.584047396677699,0.0,0.04537133556876129,0.17308150994894728,0.0,9.584047396677699,0.055354896301798795,4.893093560613925,3.900766404233295,0.8637060792154984,0.026539221444972498,0.0,0.0017008978938197177,0.04627147509575233,0.0,0.014510652098099354,19.044615769353793,1.0,0.17414173460204074,0.309854524136829,-0.3394473420886627,0.19091600773005346,-0.0811611493608021,0.12192503018516641,0.0,0.6814853102358259,0.27264289935732106,0.6881833878306858,Insurance—Diversified,Financial Services,ACGL
2010Q1,2010,Q1,2010-05-07,2010-03-31,216994000.0,844887000.0,0.0,0.421111,844887000.0,1.0,16935106000.0,4378757000.0,0.0,0.0,12556349000.0,0.0,3816342000.0,4044215124.6948004,4452253124.6948,9.17302960193039,0.0,0.04409455718789124,0.17053835140885873,0.0,9.17302960193039,0.04955607264801404,4.786693516049839,4.659362844934423,0.9235988945481104,0.029775016820741587,0.0,0.0015975905832871797,0.049889678871806294,0.0,0.012813264942067679,22.121294851191337,1.0,-0.27394655172413784,0.21314517658296078,-0.27355786294589896,0.23950808567505652,-0.08780190237635094,-0.2547182447957631,0.0,0.47538489997334193,0.369781231560539,0.6132862984161627,Insurance—Diversified,Financial Services,ACGL
2009Q4,2009,Q4,2010-02-26,2009-12-31,291157000.0,926210000.0,0.0,0.58,926210000.0,1.0,15375790000.0,4323349000.0,0.0,0.0,11052441000.0,0.0,3605809000.0,3794942310.3,4077936310.3,9.056955742571727,0.0,0.04016476551773925,0.14284412384935846,0.0,9.056955742571727,0.06734524554922584,4.097280649420758,3.2585016935021316,0.877778386685877,0.022190776797397966,0.0,0.0017025291748082572,0.060238205646669214,0.0,0.01893606767522189,21.07294465033373,1.0,0.18906551751001474,0.7608504694324839,-0.25756560851250015,0.24945725714984934,-0.051233066147660634,0.03663286668470598,0.0,0.651543588866542,0.43012358158387176,0.6783705933678593,Insurance—Diversified,Financial Services,ACGL
2009Q3,2009,Q3,2009-11-09,2009-09-30,280868000.0,976225000.0,0.0,0.487778,976225000.0,1.0,17183154000.0,4460822000.0,0.0,0.0,12722332000.0,0.0,3321113000.0,4062926968.7724004,4297620968.7724,8.239329152134527,0.0,0.03607271400815008,0.13895264146383782,0.0,8.239329152134527,0.06296328344865587,4.161875560216549,3.616402517172124,0.910802307012564,0.023003688565447114,0.0,0.0015902328665169606,0.05681291106394088,0.0,0.016345544013631023,14.203455905822718,1.0,0.8065851851851851,7.542159942762022,-0.32719962926666374,0.14917905288778507,0.1501995890398047,0.7710322214515417,0.0,0.7783606285765574,0.39780007815495744,0.6231138367220368,Insurance—Diversified,Financial Services,ACGL
2009Q2,2009,Q2,2009-08-07,2009-06-30,158590000.0,848744000.0,0.0,0.27,848744000.0,1.0,16641935000.0,4029968000.0,0.0,0.0,12611967000.0,0.0,3046706000.0,3539256806.5190997,3602563806.5190997,7.411346547920651,0.0,0.024035666525557275,0.09925637126647159,0.0,7.411346547920651,0.03935266979787433,4.169993315439166,5.579255953274323,0.878234468988116,0.040740273661643234,0.0,0.0018255244965833571,0.05100031937391896,0.0,0.00952954088572032,16.0970428276668,1.0,0.08482094427636423,-0.1939198505151362,-0.40320145727494533,0.04837077712212717,0.1309906282022752,0.08378322968632543,0.0,0.3445024333361896,0.19660649719574824,0.6187525009307582,Insurance—Diversified,Financial Services,ACGL
2009Q1,2009,Q1,2009-05-11,2009-03-31,146330000.0,750443000.0,0.0,0.248889,750443000.0,1.0,16092287000.0,3630396000.0,0.0,0.0,12461891000.0,0.0,2894577000.0,3248463677.58,3404426677.58,6.68800515528158,0.0,0.02485662852023457,0.11018081773999311,0.0,6.68800515528158,0.04030689764973298,4.328728068061132,5.549893524191894,0.8947959609860742,0.04415362536732044,0.0,0.001988940201053205,0.04663370719152598,0.0,0.009093176128414811,11.312539795720793,1.0,2.0265580532068466,-0.2432606279213557,-0.5452413986091095,-0.1832051678279065,0.4029436947800174,2.071928269516742,0.0,0.33694800964597027,0.07935966873763803,0.5958788145835288,Insurance—Diversified,Financial Services,ACGL
2008Q4,2008,Q4,2009-03-02,2008-12-31,-136511000.0,534906000.0,0.0,-0.24245,534906000.0,1.0,14616545000.0,3432965000.0,0.0,0.0,11183580000.0,0.0,2693239000.0,4227985886.355,4376246886.355,6.324292891987879,0.0,0.02736624831654813,0.11651735453172403,0.0,6.324292891987879,-0.03976475146120045,7.904166127048491,-7.74293992124261,1.2315843261888777,-0.04732951923288233,0.0,0.0015281507965415914,0.03659592605502874,0.0,-0.009339484809850754,25.882036082880337,1.0,-6.195320033428333,-1.7373325589129036,-0.6653444375677618,-0.09241823822970426,-0.2837349808984747,-5.155459498949804,0.0,-2.6353652878318505,-0.2099134416259732,0.6727597887616585,Insurance—Diversified,Financial Services,ACGL
2008Q3,2008,Q3,2008-11-10,2008-09-30,32851000.0,746799000.0,0.0,0.046667,746799000.0,1.0,16093048000.0,3516710000.0,0.0,0.0,12576338000.0,0.0,2836211000.0,4389804289.9872,4550707289.9872,6.500515681095024,0.0,0.024855453112424694,0.11374267426088588,0.0,6.500515681095024,0.009341401480360905,5.8781603751306575,33.40693045864053,1.2482701985626337,0.19667590027700832,0.0,0.001471819601328705,0.046405068822264126,0.0,0.002041316225490659,11.539453520708065,1.0,-0.8561631591276152,-0.826253722327617,-0.49575006222281787,-0.061210071413024404,-0.10660892554865029,-0.8347061280145716,0.0,1.2200904952491292,-0.4596452809277999,-0.13542227262318093,Insurance—Diversified,Financial Services,ACGL
2008Q2,2008,Q2,2008-08-08,2008-06-30,198743000.0,835915000.0,0.0,0.324444,835915000.0,1.0,16281502000.0,3886233000.0,0.0,0.0,12395269000.0,0.0,2809821000.0,4177871175.555,4331327175.555,6.854510622840291,0.0,0.02456775793781188,0.10292743641464626,0.0,6.854510622840291,0.05114026873839011,4.997961725241202,5.255368963378584,1.0750439244263017,0.0325093210830067,0.0,0.0015464813845395085,0.051341393441465044,0.0,0.012206674789586366,16.427357133243422,1.0,0.05035789555471378,0.33710621078557,-0.35419819345724124,0.03131736124467168,-0.015636021493347214,0.014600552370547725,0.0,-0.134519016680925,-0.4243138619893683,-0.1482568806237385,Insurance—Diversified,Financial Services,ACGL
2008Q1,2008,Q1,2008-05-08,2008-03-31,195883000.0,849193000.0,0.0,0.308889,849193000.0,1.0,16354475000.0,4004544000.0,0.0,0.0,12349931000.0,0.0,2617539000.0,4483843083.72,4525163083.72,6.814393400816885,0.0,0.018343603203404574,0.0749148966773745,0.0,6.814393400816885,0.04891518235284716,5.280122520699064,5.722603650801754,1.1196888044481468,0.03298397512801009,0.0,0.001440951406943452,0.051924198117029134,0.0,0.011977333420974992,13.525921821176471,1.0,-0.20797692307692303,0.48707322490383514,-0.22376069219476316,0.07769283365753983,-0.01049291655305652,-0.1867687964462158,0.0,-0.11044259570010519,-0.40690947355189827,-0.07920326371717155,Insurance—Diversified,Financial Services,ACGL
2007Q4,2007,Q4,2007-12-31,2007-12-31,240870000.0,858198000.0,0.0,0.39,858198000.0,1.0,15624267000.0,4035811000.0,0.0,0.0,11588456000.0,0.0,2428117000.0,4593559139.2548,4653644139.2548,6.867599368453486,0.0,0.019200900752656107,0.07433450178910757,0.0,6.867599368453486,0.059683171486474465,5.352563323679151,4.76767461623988,1.1381997668510244,0.026823597791339727,0.0,0.00140653462906067,0.054927248747093226,0.0,0.01541640321430759,14.46885979625361,1.0,0.2717377481111433,1.2057827266266923,0.11873326539545376,0.1394828540981645,-0.010338310098562785,0.1681037409192749,0.0,0.1832871168320963,-0.4412104242984822,-0.052576592620577886,Insurance—Diversified,Financial Services,ACGL
2007Q3,2007,Q3,2007-09-30,2007-09-30,206206000.0,867163000.0,0.0,0.306667,867163000.0,1.0,15464002000.0,3874795000.0,0.0,0.0,11589207000.0,0.0,2193708000.0,5251233363.9678,5300429363.9678,6.189213704348199,0.0,0.019399894024845574,0.07742345078900949,0.0,6.189213704348199,0.05321726697799496,6.055647397280327,6.366489534698069,1.3552286931225523,0.03133274492497794,0.0,0.0012303776183959394,0.05607623434089054,0.0,0.01333458182429102,12.41496766712012,1.0,0.04151213813152939,9.253523353720503,0.33453929994715437,-0.1265218231448156,-0.00016948957120291476,0.0017050836754025891,0.0,4.423461030695919,-0.4831710589318377,-0.13676045566885076,Insurance—Diversified,Financial Services,ACGL
2007Q2,2007,Q2,2007-06-30,2007-06-30,205855000.0,867310000.0,0.0,0.294444,867310000.0,1.0,15293768000.0,3704067000.0,0.0,0.0,11589701000.0,0.0,1993963000.0,5254403022.593101,5309260022.593101,5.677136421175896,0.0,0.01961583306350665,0.08099205548927706,0.0,5.677136421175896,0.05557539860915043,6.058275613786421,6.381194314679144,1.4185496705629514,0.031386169876855066,0.0,0.0012296354071468678,0.05671002724769985,0.0,0.013460057717627207,19.53222541222362,1.0,0.0231636886766883,2.001620214537653,0.7903397638688123,-0.16664955966348965,0.008765094082863635,0.004111954422180165,0.0,-0.12799531020622767,-0.4917465163711153,-0.19694162414165556,Insurance—Diversified,Financial Services,ACGL
2007Q1,2007,Q1,2007-03-31,2007-03-31,205012000.0,859774000.0,0.0,0.287778,859774000.0,1.0,14961871000.0,3783348000.0,0.0,0.0,11178523000.0,0.0,1794569000.0,5042908840.3596,5117659840.3596,5.6859279167845,0.0,0.020050968224495452,0.07929484678649704,0.0,5.6859279167845,0.05418798376464443,5.865388858420468,6.149528857285914,1.3329222795152864,0.0315152283768755,0.0,0.001281204995872834,0.05746433718082451,0.0,0.013702296992134206,12.639091012523027,1.0,-0.2006166666666667,8.102474244073228,0.9019481368034655,-0.3469564224222888,-0.047617254179123825,-0.1657327489735044,0.0,-0.13508246848088,-0.5749598276994898,-0.3055871772369942,Insurance—Diversified,Financial Services,ACGL
