Quarters,Year,Quarter,FillingDate,Date,NetIncome,Revenue,OperatingIncome,EPSDiluted,GrossProfit,GrossProfitRatio,TotalAssets,CommonStockEquity,CurrentAssets,CurrentLiability,TotalLiability,Inventory,RetainedEarnings,MarketCap,EnterpriseValue,bookValuePerShare,currentRatio,debtToAssets,debtToEquity,roic,shareholdersEquityPerShare,roe,priceToSalesRatio,peRatio,pbRatio,payoutRatio,inventoryTurnover,dividendYield,assetTurnover,quickRatio,returnOnAssets,priceToFreeCashFlowsRatio,grossProfitMargin,epsdilutedGrowth,fiveYNetIncomeGrowthPerShare,fiveYRevenueGrowthPerShare,fiveYShareholdersEquityGrowthPerShare,grossProfitGrowth,netIncomeGrowth,operatingIncomeGrowth,threeYNetIncomeGrowthPerShare,threeYRevenueGrowthPerShare,threeYShareholdersEquityGrowthPerShare,Industry,Sector,Symbol
2023Q1,2023,Q1,2023-05-05,2023-03-31,3820000.0,25379000.0,20313000.0,0.39,25379000.0,1.0,2968507000.0,239822000.0,313152000.0,1786000.0,2728685000.0,0.0,49637000.0,188173557.0,206658557.0,25.23455301426863,175.3370660694289,0.10562616156876167,1.3074363486252303,0.027169698692064453,25.23455301426863,0.015928480289548082,7.414537885653493,12.315023363874346,0.7846384276671865,0.04528795811518325,0.0,0.0009193640315785708,0.008549415581637503,175.3370660694289,0.001286842173523593,1045.40865,1.0,-0.3035714285714286,1.6311836523599483,0.414979291948535,0.880967906242366,16.872535211267607,-0.30177298482909887,0.10360751928718896,1.3693736537799148,0.2575812995392766,0.5417940734799832,Banks—Regional,Financial Services,MYFW
2022Q4,2022,Q4,2023-03-15,2022-12-31,5471000.0,1420000.0,18406000.0,0.56,1420000.0,1.0,2866748000.0,240864000.0,213803000.0,1125000.0,2625884000.0,0.0,51887000.0,267248555.79999998,269754555.79999995,25.37084467941585,190.04711111111112,0.06942291404755493,0.8262671050883487,0.031355056886945475,25.37084467941585,0.022714062707586025,188.20320830985915,12.21205244927801,1.1095413004849208,0.0636081155181868,0.0,0.0013021585802709885,0.0004953347835247465,190.04711111111112,0.0019084342258196395,21.76291171009772,1.0,-0.12499999999999993,98.42214430180529,-0.9260317609687082,0.9340016586267716,-0.9515242549414535,-0.12055939559556342,0.509554662511277,0.7715113405372906,-0.924627384295316,0.5711006547041486,Banks—Regional,Financial Services,MYFW
2022Q3,2022,Q3,2022-11-04,2022-09-30,6221000.0,29293000.0,12193000.0,0.64,29293000.0,1.0,2728699000.0,234862000.0,182514000.0,664000.0,2493837000.0,0.0,46416000.0,233714316.14999998,374275316.15,24.771046957535724,274.87048192771084,0.11207135708262436,1.302079519036711,0.017036253576459187,24.771046957535724,0.026487895019202765,7.978503948042194,9.392152232358143,0.9951133693402935,0.0,0.0,0.0,0.010735152539726808,274.87048192771084,0.0022798410524576,10.412292441860464,1.0,0.3913043478260869,3.8606731542152395,0.6987389902101617,0.0,0.0817208271787297,0.3879964301651049,0.5323614427548071,1.1519192618505423,0.45740825930985846,0.5546345872887501,Banks—Regional,Financial Services,MYFW
2022Q2,2022,Q2,2022-08-05,2022-06-30,4482000.0,27080000.0,7957000.0,0.46,27080000.0,1.0,2541493000.0,228024000.0,24866000.0,304000.0,2313469000.0,0.0,40195000.0,256972336.53,205527336.53,24.127003878007663,81.79605263157895,0.04712820377628425,0.5252780409079746,0.017158568142610697,24.127003878007663,0.019655825702557625,9.489377272156574,14.333575219210175,1.1269530248131776,0.007362784471218206,0.0,0.00012841849222220634,0.010655154273491998,621.2894736842105,0.0017635303343349756,22.122274150309917,1.0,-0.19298245614035078,8.113374424583515,0.6908828599211468,0.0,0.00601827773237239,-0.1886314265025344,-0.13941163746484966,1.66234267790883,0.36494404985738843,0.556759092311145,Banks—Regional,Financial Services,MYFW
2022Q1,2022,Q1,2022-05-06,2022-03-31,5524000.0,26918000.0,9246000.0,0.57,26918000.0,1.0,2576661000.0,223266000.0,527808000.0,312000.0,2353395000.0,0.0,35713000.0,294416620.68,-98310379.32,23.70550665203702,1691.6923076923076,0.023324372123457452,0.2691811561097525,0.024636990447833747,23.70550665203702,0.024741787822597262,10.93753698937514,13.324430696958727,1.3186809486442181,0.0,0.0,0.0,0.010446853505369934,1691.6923076923076,0.002143859824788748,-285.5641325703201,1.0,1.4782608695652173,4.352242881933394,0.11406755651148512,0.0,0.12491119562037695,1.881585811163276,1.3514750762970498,1.838393629512593,0.5184520827674174,0.5597358895048268,Banks—Regional,Financial Services,MYFW
2021Q4,2021,Q4,2022-03-15,2021-12-31,1917000.0,23929000.0,3932000.0,0.23,23929000.0,1.0,2527489000.0,219041000.0,456070000.0,355000.0,2308448000.0,0.0,0.0,244199718.84,-63632281.16,27.232155678103563,1284.7042253521126,0.030726147571759958,0.35454549604868496,0.009820196618611124,27.232155678103563,0.00875178619527851,10.20517860503991,31.84659870109546,1.114858491515287,0.0,0.0,0.0,0.009467499166168477,1284.7042253521126,0.0007584602742089085,0.0,1.0,-0.7051282051282052,40.11801107208843,0.4712113282296977,1.075888087879279,-0.055719979479894245,-0.7012622720897616,0.0,0.08848215978463314,0.7308798887274449,0.8345952029218072,Banks—Regional,Financial Services,MYFW
2021Q3,2021,Q3,2021-11-05,2021-09-30,6417000.0,25341000.0,0.0,0.78,25341000.0,1.0,2076272000.0,175129000.0,2011677000.0,0.0,1901143000.0,0.0,28272000.0,230219220.65,17558220.650000006,21.946350247103055,0.0,0.04699480607550456,0.5571550114487035,0.0,21.946350247103055,0.036641561363337884,9.0848514521921,8.96911409731962,1.3145693782868628,0.0,0.0,0.0,0.012205048278838225,0.0,0.0030906355236693457,39.59057964746346,1.0,0.026315789473684233,4.957182254615233,0.7460600778792525,0.0,0.0682939167825977,0.022303648239604908,0.0,2.5107201743579686,0.6231985507610044,0.41749885306735124,Banks—Regional,Financial Services,MYFW
2021Q2,2021,Q2,2021-08-06,2021-06-30,6277000.0,23721000.0,0.0,0.76,23721000.0,1.0,2009304000.0,167986000.0,1951584000.0,0.0,1841318000.0,0.0,21855000.0,206130613.65,62064613.650000006,21.09903746458866,0.0,0.0721757384646624,0.8633040848642148,0.0,21.09903746458866,0.037366209088852645,8.689794428986973,8.209758389756253,1.2270701942423774,0.0,0.0,0.0,0.011805580439794077,0.0,0.0031239673041013206,1.465452962107209,1.0,0.027027027027027053,14.150473643103204,0.7581850196312484,0.0,0.0022393104613824574,0.046341056842807135,0.0,4.674605538056704,0.5532426544540934,0.5163601898727147,Banks—Regional,Financial Services,MYFW
2021Q1,2021,Q1,2021-05-06,2021-03-31,5999000.0,23668000.0,0.0,0.74,23668000.0,1.0,2211578000.0,161439000.0,2148127000.0,0.0,2050139000.0,0.0,15578000.0,198470956.64000002,44823956.640000015,20.34347724399622,0.0,0.10051148998588338,1.3769225527908373,0.0,20.34347724399622,0.037159546330192826,8.385624329896908,8.271001693615602,1.2293866825240494,0.0,0.0,0.0,0.010701860843253098,0.0,0.0027125428087998705,-16.71756710242588,1.0,0.21311475409836067,5.898443058544495,0.16257338789947162,0.0,0.07787594498588214,0.23081657775954043,0.0,3.948536683335376,0.5803281338854669,0.5163901566115309,Banks—Regional,Financial Services,MYFW
2020Q4,2020,Q4,2021-03-12,2020-12-31,4874000.0,21958000.0,0.0,0.61,21958000.0,1.0,1973655000.0,154962000.0,1904859000.0,0.0,1818693000.0,0.0,9579000.0,155206812.78,173071812.78,19.53913159919474,0.0,0.08808733035915599,1.1219137595023296,0.0,19.53913159919474,0.031452872317084185,7.068349247654614,7.9609567490767335,1.0015798246021606,0.0,0.0,0.0,0.011125551324826274,0.0,0.0024695298823755926,-2.414693085755181,1.0,-0.49166666666666664,105.02760427397436,0.36919949004690555,0.48945426920013196,-0.29053311793214864,-0.49387331256490136,0.0,105.02760427397436,0.36919949004690555,0.48945426920013196,Banks—Regional,Financial Services,MYFW
2020Q3,2020,Q3,2020-11-05,2020-09-30,9630000.0,30950000.0,0.0,1.2,30950000.0,1.0,1972897000.0,149576000.0,1901569000.0,0.0,1823321000.0,0.0,4705000.0,102458729.44999999,88622729.44999999,18.905262737473855,0.0,0.11988563011652408,1.5812830935444189,0.0,18.905262737473855,0.06438198641493288,3.310459756058158,2.6598839421079954,0.6849944473043803,0.0,0.0,0.0,0.015687590381048784,0.0,0.004881146861696277,-4.977832650731186,1.0,0.09090909090909079,8.016784687279957,1.1508625180013015,0.0,0.180261602410098,0.10740570377184913,0.0,8.016784687279957,1.1508625180013015,0.0,Banks—Regional,Financial Services,MYFW
2020Q2,2020,Q2,2020-08-06,2020-06-30,8696000.0,26223000.0,0.0,1.1,26223000.0,1.0,1810526000.0,139417000.0,1732745000.0,0.0,1671109000.0,0.0,-4925000.0,112437302.25,157518302.25,17.66933402210831,0.0,0.13076697048261113,1.698193190213532,0.0,17.66933402210831,0.06237402899216021,4.287736042786866,3.2324431419618214,0.8064820090089443,0.0,0.0,0.0,0.014483636247145857,0.0,0.004803024093550714,12.5951946062507,1.0,5.470588235294118,20.17914900589201,0.9612314550261392,0.0,0.5704275961192957,5.5187406296851576,0.0,20.17914900589201,0.9612314550261392,0.0,Banks—Regional,Financial Services,MYFW
2020Q1,2020,Q1,2020-04-30,2020-03-31,1334000.0,16698000.0,0.0,0.17,16698000.0,1.0,1353863000.0,128703000.0,1275345000.0,0.0,1225160000.0,0.0,-13621000.0,111190794.96000001,17135794.96000001,16.36700610562844,0.0,0.01806608201863852,0.19004219015873755,0.0,16.36700610562844,0.010364948757993209,6.658928911246856,20.83785512743628,0.8639332024894525,0.0,0.0,0.0,0.012333596530815895,0.0,0.0009853286484673856,-5.976714414104494,1.0,-0.46875,0.5480746427978778,-0.1722730053638382,0.0,0.06424474187380497,-0.4813374805598756,0.0,0.5480746427978778,-0.1722730053638382,0.0,Banks—Regional,Financial Services,MYFW
2019Q4,2019,Q4,2020-03-12,2019-12-31,2572000.0,15690000.0,0.0,0.32,15690000.0,1.0,1251682000.0,127678000.0,1167262000.0,0.0,1124004000.0,0.0,-14955000.0,130220318.52,68142318.52,16.148452744546397,0.0,0.013230197446316237,0.12970127978195148,0.0,16.148452744546397,0.02014442582120647,8.299574156787763,12.657495968118196,1.019911954447908,0.0,0.0,0.0,0.012535132725404696,0.0,0.0020548350140051548,5.265469189276616,1.0,0.06666666666666674,55.122781732603,-0.018632452386880546,0.2309852031669863,-0.06205164992826399,0.06899418121363259,0.0,55.122781732603,-0.018632452386880546,0.2309852031669863,Banks—Regional,Financial Services,MYFW
2019Q3,2019,Q3,2019-11-07,2019-09-30,2406000.0,16728000.0,0.0,0.3,16728000.0,1.0,1271925000.0,125732000.0,1184647000.0,0.0,1146193000.0,0.0,-17527000.0,134856489.31,5240489.310000002,15.933678023165498,0.0,0.01301963559172121,0.1317087137721503,0.0,15.933678023165498,0.019135939935736326,8.061722220827356,14.012519670615129,1.0725709390608595,0.0,0.0,0.0,0.013151718851347367,0.0,0.0018916209682174657,-4.6847943205030225,1.0,0.6666666666666666,1.2587618598828403,0.1655889688827365,0.0,0.010999637374592046,0.7136752136752137,0.0,1.2587618598828403,0.1655889688827365,0.0,Banks—Regional,Financial Services,MYFW
2019Q2,2019,Q2,2019-08-08,2019-06-30,1404000.0,16546000.0,0.0,0.18,16546000.0,1.0,1190465000.0,122157000.0,1108108000.0,0.0,1068308000.0,0.0,-19933000.0,104594126.72999999,54445126.72999999,15.498225767346582,0.0,0.03580113653068339,0.34889527411445925,0.0,15.498225767346582,0.011493406026670596,6.321414645835851,18.624310315170938,0.8562270416758762,0.0,0.0,0.0,0.013898770648444095,0.0,0.0011793710860882093,-8.61140513173061,1.0,-0.14285714285714285,2.4230658961384073,0.23879279894132885,0.0,0.1164642375168691,-0.13706207744314688,0.0,2.4230658961384073,0.23879279894132885,0.0,Banks—Regional,Financial Services,MYFW
2019Q1,2019,Q1,2019-05-10,2019-03-31,1627000.0,14820000.0,0.0,0.21,14820000.0,1.0,1144688000.0,119668000.0,1059230000.0,0.0,1025020000.0,0.0,-21337000.0,103224442.97999999,60379442.97999999,15.19841071270269,0.0,0.02351819884544959,0.22496406725273255,0.0,15.19841071270269,0.013595948791656917,6.965212076923076,15.861162105101414,0.8625901910285122,0.0,0.0,0.0,0.012946759291614833,0.0,0.0014213480005031939,-18.024173734939758,1.0,-0.040904419953596276,0.8856591370142266,-0.2663136564170871,0.0,0.09510086455331412,-0.05626450116009281,0.0,0.8856591370142266,-0.2663136564170871,0.0,Banks—Regional,Financial Services,MYFW
2018Q4,2018,Q4,2019-03-21,2018-12-31,1724000.0,13533000.0,0.0,0.21895627961275727,13533000.0,1.0,1084324000.0,116875000.0,1005622000.0,0.0,967449000.0,0.0,-23199000.0,92201237.78,40404237.78,14.843686299153717,0.0,0.019883355897314825,0.1844705882352941,0.0,14.843686299153717,0.014750802139037433,6.813067152885539,13.370249098027845,0.7888875959786097,0.0,0.0,0.0,0.012480586983226415,0.0,0.001589930684924432,10.183481089021427,1.0,0.15240147164609086,36.77554891687341,-0.1500211321356662,0.1315237740582689,-0.06190212117010952,0.020722320899940794,0.0,36.77554891687341,-0.1500211321356662,0.1315237740582689,Banks—Regional,Financial Services,MYFW
2018Q3,2018,Q3,2018-11-08,2018-09-30,1689000.0,14426000.0,0.0,0.19,14426000.0,1.0,1051527000.0,114164000.0,972004000.0,0.0,937363000.0,0.0,-24923000.0,122109631.19999999,102849631.19999999,15.482446563969313,0.0,0.048651152086441905,0.4481097368697663,0.0,15.482446563969313,0.014794506149048738,8.464552280604464,18.07424973357016,1.0695983952909849,0.15097690941385436,0.0,0.0020882873651656727,0.013719096133527717,0.0,0.0016062355032253094,7.246862385756676,1.0,1.9489826010026539,0.6968547644799594,0.07569100345773902,0.0,-0.002971870896399198,0.6116412213740458,0.0,0.6968547644799594,0.07569100345773902,0.0,Banks—Regional,Financial Services,MYFW
2018Q2,2018,Q2,2018-08-30,2018-06-30,1048000.0,14469000.0,0.0,0.064429,14469000.0,1.0,1046573000.0,104958000.0,963367000.0,0.0,941615000.0,0.0,-26226000.0,148600921.79999998,179169921.79999998,13.914264965212348,0.0,0.08507098883689909,0.8482726423902894,0.0,13.914264965212348,0.009984946359496179,10.27029662036077,35.44869317748092,1.4158131995655405,0.5362595419847328,0.0,0.003781941546475656,0.013825122566701032,0.0,0.001001363497816206,-14.459562304174367,1.0,-0.4142818181818182,1.6698725649733106,0.13194484750303523,0.0,-0.012489762489762489,-0.1163575042158516,0.0,1.6698725649733106,0.13194484750303523,0.0,Banks—Regional,Financial Services,MYFW
2018Q1,2018,Q1,2018-03-31,2018-03-31,1186000.0,14652000.0,0.0,0.11,14652000.0,1.0,991621000.0,104155000.0,907145000.0,0.0,887466000.0,0.0,-26712000.0,152943885.29999998,177230885.29999998,13.415727578616705,0.0,0.06188150513149681,0.5891507848879074,0.0,13.415727578616705,0.011386875330036964,10.438430610155608,32.239436193086,1.4684257625654071,0.4730185497470489,0.0,0.0036680119568009953,0.01477580648251701,0.0,0.001196021463845562,104.82788574366003,1.0,17.977808666666668,0.39403696486187456,-0.26434683850048557,0.0,-0.06669214599656029,25.355555555555554,0.0,0.39403696486187456,-0.26434683850048557,0.0,Banks—Regional,Financial Services,MYFW
2017Q4,2017,Q4,2017-12-31,2017-12-31,45000.0,15699000.0,0.0,0.005796243493233658,15699000.0,1.0,969659000.0,101846000.0,881633000.0,0.0,867813000.0,0.0,-27296000.0,152943885.29999998,185439885.29999998,13.118315884708338,0.0,0.043312133440725036,0.4123676923983269,0.0,13.118315884708338,0.00044184356773952833,9.742269271928148,849.6882516666667,1.5017171543310488,12.444444444444445,0.0,0.003661473611066947,0.016190227698603323,0.0,4.640806716587996e-05,24.676328702807353,1.0,-0.9057705245605141,0.0,0.0,0.0,0.11182719546742209,-0.9570610687022901,0.0,0.0,0.0,0.0,Banks—Regional,Financial Services,MYFW
2017Q3,2017,Q3,2017-09-30,2017-09-30,1048000.0,14120000.0,0.0,0.061512,14120000.0,1.0,,,,,,,,152943885.29999998,,,0.0,0.0,0.0,0.0,,0.0,10.831719922096315,36.48470546278626,0.0,0.5572519083969466,0.0,0.003818393908684102,0.0,0.0,0.0,-12.200373747606891,1.0,0.1485073003168316,0.0,0.0,0.0,0.0732745515354211,1.5940594059405941,0.0,0.0,0.0,0.0,Banks—Regional,Financial Services,MYFW
2017Q2,2017,Q2,2017-06-30,2017-06-30,404000.0,13156000.0,0.0,0.0535582141994492,13156000.0,1.0,,,,,,,,152943885.29999998,,,0.0,0.0,0.0,0.0,,0.0,11.62540934174521,94.64349337871286,0.0,1.4183168316831682,0.0,0.003746472105609573,0.0,0.0,0.0,-79.57538257023933,1.0,-0.5112558400050263,0.0,0.0,0.0,0.06837745655351632,-0.23193916349809887,0.0,0.0,0.0,0.0,Banks—Regional,Financial Services,MYFW
2017Q1,2017,Q1,2017-03-31,2017-03-31,526000.0,12314000.0,0.0,0.10958333333333334,12314000.0,1.0,,,,,,,,94560000.0,,,0.0,0.0,0.0,0.0,,0.0,7.679064479454279,44.94296577946768,0.0,1.091254752851711,0.0,0.006070219966159053,0.0,0.0,0.0,40.56628056628057,1.0,0.0,0.0,0.0,0.0,0.0,0.0,0.0,0.0,0.0,0.0,Banks—Regional,Financial Services,MYFW
