Quarters,Year,Quarter,FillingDate,Date,NetIncome,Revenue,OperatingIncome,EPSDiluted,GrossProfit,GrossProfitRatio,TotalAssets,CommonStockEquity,CurrentAssets,CurrentLiability,TotalLiability,Inventory,RetainedEarnings,MarketCap,EnterpriseValue,bookValuePerShare,currentRatio,debtToAssets,debtToEquity,roic,shareholdersEquityPerShare,roe,priceToSalesRatio,peRatio,pbRatio,payoutRatio,inventoryTurnover,dividendYield,assetTurnover,quickRatio,returnOnAssets,priceToFreeCashFlowsRatio,grossProfitMargin,epsdilutedGrowth,fiveYNetIncomeGrowthPerShare,fiveYRevenueGrowthPerShare,fiveYShareholdersEquityGrowthPerShare,grossProfitGrowth,netIncomeGrowth,operatingIncomeGrowth,threeYNetIncomeGrowthPerShare,threeYRevenueGrowthPerShare,threeYShareholdersEquityGrowthPerShare,Industry,Sector,Symbol
2023Q1,2023,Q1,2023-04-27,2023-03-31,2623000.0,68946000.0,2891000.0,0.0856,45090000.0,0.6539900792,503159000.0,336039000.0,125108000.0,121004000.0,167120000.0,0.0,82069000.0,829016100.0,802752100.0,10.984897518878102,1.0339162341740769,0.044860570912971846,0.06717077482077972,0.0063335167307857,10.984897518878102,0.0078056416070753695,12.0241362805674,79.01411551658407,2.4670234704900325,0.0,0.0,0.0,0.13702626803853254,0.8755247760404615,0.00521306386251662,68.53638392857142,0.6539900791924115,0.06999999999999992,-0.8845873217846617,0.3186813774976611,0.14088044311952488,0.002,0.07017543859649122,-0.06105878531990906,-0.6090733088334652,0.18356352951513136,0.05894076721266886,Health Information Services,Healthcare,HSTM
2022Q4,2022,Q4,2023-02-28,2022-12-31,2451000.0,68536000.0,3079000.0,0.08,45000000.0,0.6565892378,497741000.0,334064000.0,114377000.0,117213000.0,163677000.0,0.0,80213000.0,759458160.0,736756160.0,10.926408059135213,0.9758047315570798,0.04685368494859776,0.06980997653144308,0.006061994333367216,10.926408059135213,0.0073369174768906555,11.081156764328236,77.46411260709914,2.273391206475406,0.0,0.0,0.0,0.13769410195262194,0.8242942335747742,0.004924247751340556,385.9035365853658,0.6565892377728493,-0.3333333333333333,-0.3522136137684183,0.1395025686683366,0.16125618783533185,0.024800163968026236,-0.3314238952536825,0.2926112510495382,-0.2952213118601905,0.15770262418723324,0.046184637655659486,Health Information Services,Healthcare,HSTM
2022Q3,2022,Q3,2022-10-27,2022-09-30,3666000.0,67285000.0,2382000.0,0.12,43911000.0,0.6526120235,481197000.0,330282000.0,104351000.0,105390000.0,150915000.0,0.0,77764000.0,649918200.0,625702200.0,10.804121687929342,0.9901413796375368,0.049960826854697764,0.07278931337463138,0.004686171461027485,10.804121687929342,0.01109960579141461,9.65918406777142,44.32066284779051,1.9677675440986795,0.0,0.0,0.0,0.13982838629501015,0.8019166903880823,0.007618501362227944,71.14594417077176,0.6526120234822026,0.1999999999999999,0.5274185836518294,0.10454174640726645,0.16545812543971739,0.011680951064418027,0.18910152448913395,-0.1933626820182865,0.045953182633413366,0.14107336114229954,0.047623770993702665,Health Information Services,Healthcare,HSTM
2022Q2,2022,Q2,2022-07-28,2022-06-30,3083000.0,65638000.0,2953000.0,0.1,43404000.0,0.6612632926,477704000.0,326732000.0,95333000.0,104914000.0,150972000.0,0.0,74098000.0,661959610.0,649514610.0,10.715686596044735,0.9086775835446175,0.051854286336308675,0.0758144289509445,0.0066617283873578025,10.715686596044735,0.009435867928455126,10.085005789329353,53.678203859876746,2.0260017690339485,0.0,0.0,0.0,0.13740307805670457,0.7064548106067827,0.006453787282501298,521.6387785657998,0.6612632926048935,0.07066381156316925,0.4223476821817952,0.11610888898659293,0.16727686702226047,0.0008070280615185962,0.06567576909782233,-0.2681536555142503,0.3641881557801495,0.09334425011536623,0.0529405121841871,Health Information Services,Healthcare,HSTM
2022Q1,2022,Q1,2022-04-28,2022-03-31,2893000.0,65367000.0,4035000.0,0.0934,43369000.0,0.6634693347,483926000.0,322572000.0,107226000.0,114562000.0,161354000.0,0.0,71015000.0,616623600.0,598749600.0,10.420675173639154,0.9359648050837102,0.05268574120836657,0.07903971826444949,0.008312939694377464,10.420675173639154,0.008968540356881565,9.433255312313552,53.285827860352576,1.9115843904616645,0.0,0.0,0.0,0.13507643730653035,0.7521342155339467,0.005978186747560578,44.96307423071314,0.6634693346795784,8.59349593495935,1.310927862524174,0.12070259697173522,0.1426923418249947,0.04859885393747431,8.47545219638243,9.086172344689379,-0.49411461403550416,0.04753001873513659,0.03639151349712689,Health Information Services,Healthcare,HSTM
2021Q4,2021,Q4,2022-02-28,2021-12-31,-387000.0,64338000.0,-499000.0,-0.0123,41359000.0,0.6428393795,486753000.0,339019000.0,106845000.0,100350000.0,147734000.0,0.0,68122000.0,830867200.0,810140200.0,10.755678934010152,1.0647234678624813,0.053780870379843575,0.0772169111465729,-0.0009888214627914403,10.755678934010152,-0.0011415289408558222,12.914097422984861,-536.7359173126615,2.4507983328368024,0.0,0.0,0.0,0.1321779218618067,0.8656302939711011,-0.0007950644371991544,-3811.3174311926605,0.6428393795268736,-1.246,-0.25317677134509603,0.10310678422934766,0.1933169166967868,-0.0035416566279574038,-1.258,-1.2795518207282912,-1.1422522310463403,0.10290263373926922,0.09007866994164612,Health Information Services,Healthcare,HSTM
2021Q3,2021,Q3,2021-10-28,2021-09-30,1500000.0,64091000.0,1785000.0,0.05,41506000.0,0.6476104289213774,494714000.0,342198000.0,112256000.0,101950000.0,152516000.0,0.0,68510000.0,901927640.0,873320640.0,10.843462830344128,1.101088769004414,0.054277825167672634,0.07846919035178464,0.004011291410033156,10.843462830344128,0.004383427138674101,14.072609882822862,150.32127333333332,2.635689396197523,0.004666666666666667,0.0,7.761154764034064e-06,0.12955161972371915,0.8955272192251104,0.0030320548842361445,160.57105928431548,0.6476104289213774,-0.375,0.2982815893234423,0.10436705817355685,0.2017244613874566,-0.0154889821864845,-0.3854977468250717,-0.4797435150102011,-0.49396769158587983,0.09541266845931458,0.11019660051310111,Health Information Services,Healthcare,HSTM
2021Q2,2021,Q2,2021-07-29,2021-06-30,2441000.0,64816000.0,3431000.0,0.08,42159000.0,0.6504412490743027,496302000.0,340379000.0,110167000.0,105918000.0,155923000.0,0.0,67010000.0,881590820.0,858709820.0,10.787532088866351,1.040115938745067,0.05422303355618152,0.07906186926925574,0.006311849924253092,10.787532088866351,0.0071714177431627685,13.601438225129598,90.2899242113888,2.5900270580735008,0.0,0.0,0.0,0.13059790208381186,0.8270076851904303,0.0049183763111976175,-3673.2950833333334,0.6504412490743027,0.14285714285714277,0.7499338756393064,0.1897855127290071,0.20515046509640955,-0.0017049087163458123,0.06547359231776517,0.039696969696969696,-0.017792659582900362,0.16431261661780047,0.11652829979195084,Health Information Services,Healthcare,HSTM
2021Q1,2021,Q1,2021-04-29,2021-03-31,2291000.0,63468000.0,3300000.0,0.07,42231000.0,0.6653904329740972,501682000.0,336805000.0,114977000.0,116906000.0,164877000.0,0.0,64569000.0,703799360.0,686126360.0,10.690864652107669,0.9834995637520744,0.055164426868015995,0.0821692077017859,0.006000266596504429,10.690864652107669,0.0068021555499472985,11.089042667170858,76.80045395024008,2.08963453630439,0.005237887385421213,0.0,1.7050313884911746e-05,0.12651041895065002,0.7968196670829555,0.004566637830338741,59.242370370370374,0.6653904329740972,1.3333333333333337,0.5341644168827347,0.17967316494536964,0.1998728311558687,0.08057417737065657,1.4821235102925243,1.9023746701846966,-0.9021167697674264,0.17872796279552813,0.11034248436695056,Health Information Services,Healthcare,HSTM
2020Q4,2020,Q4,2021-02-26,2020-12-31,923000.0,61818000.0,1137000.0,0.03,39082000.0,0.632210682972597,500313000.0,334062000.0,114725000.0,119442000.0,166251000.0,0.0,62277000.0,689095680.0,681008680.0,10.58766480730223,0.9605080290015238,0.056922366598509334,0.08525064209637732,0.0023625709682369186,10.58766480730223,0.0027629601690704123,11.147168785790546,186.6456338028169,2.062777807712341,0.0,0.0,0.0,0.12355865228367043,0.7752214463923913,0.001844845126950529,1648.5542583732058,0.632210682972597,-0.625,-0.48881843741704684,0.10983726662589977,0.1952669823483391,0.039940395412575505,-0.64958238420653,-0.6372048500319081,-0.7636173622970832,-0.004051520758414741,0.12525463131743936,Health Information Services,Healthcare,HSTM
2020Q3,2020,Q3,2020-10-29,2020-09-30,2634000.0,60883000.0,3134000.0,0.08,37581000.0,0.6172659034541662,476557000.0,336265000.0,199097000.0,95014000.0,140292000.0,0.0,61354000.0,641336850.0,562994850.0,10.523079330308246,2.0954490917128004,0.060150202389221016,0.08524526786909134,0.006485226884731089,10.523079330308246,0.007833107816751669,10.533923262651316,60.87099943052392,1.9072364058108933,0.003416856492027335,0.0,1.4033187084135272e-05,0.12775596623279062,1.894226114046351,0.005527145755911675,53.40913141239174,0.6172659034541662,-0.2727272727272727,-0.002187324203161041,0.11987656378663705,0.19452782809677205,-0.0009835716944016162,-0.2347472399767577,-0.27184014869888473,0.04987597375102669,-0.04387089403321934,0.1351416306108798,Health Information Services,Healthcare,HSTM
2020Q2,2020,Q2,2020-07-31,2020-06-30,3442000.0,60553000.0,4304000.0,0.11,37618000.0,0.6212408964048024,477825000.0,339424000.0,198680000.0,92442000.0,138401000.0,0.0,58677000.0,708093610.0,624947610.0,10.607994499484327,2.1492395231604684,0.06150368858891854,0.08658197416800226,0.008261899846221166,10.607994499484327,0.010140708965777318,11.693782471553845,51.43039003486344,2.0861624693598566,0.0002905287623474724,0.0,1.412242655317847e-06,0.12672631193428557,1.9297289111010147,0.00720347407523675,196.31095370113667,0.6212408964048024,-0.5,1.1349470114316769,0.060967239434569956,0.14053214270502648,-0.08722975760075705,-0.5146644106034969,-0.405853119823302,0.5132320023051589,-0.018818618741204874,0.15554579482736342,Health Information Services,Healthcare,HSTM
2020Q1,2020,Q1,2020-04-30,2020-03-31,7092000.0,61572000.0,7244000.0,0.22,41213000.0,0.6693464561813811,481511000.0,335416000.0,200656000.0,102474000.0,146095000.0,0.0,55235000.0,774399300.0,697082300.0,10.373476835529164,1.9581162050861682,0.0,0.0,0.015703925837180315,10.373476835529164,0.02114389295680588,12.577134086922626,27.298339678510995,2.3087726882438524,0.004230118443316413,0.0,3.873970443929895e-05,0.12787246812637718,1.7249741397817984,0.014728635482886165,746.049421965318,0.6693464561813811,1.0,1.232276432153069,0.11870008149260114,0.6801217736540937,0.0897144368059228,0.9256041270703231,1.171462829736211,4.423480168927481,0.010616675091448077,0.1375167482471827,Health Information Services,Healthcare,HSTM
2019Q4,2019,Q4,2020-02-26,2019-12-31,3683000.0,62695000.0,3336000.0,0.11,37820000.0,0.603237897758992,489544000.0,338168000.0,224572000.0,105185000.0,151376000.0,0.0,48143000.0,880708800.0,779903800.0,10.444053244386794,2.1350192517944575,0.0,0.0,0.008000770283428642,10.444053244386794,0.01089103640793925,14.047512560810272,59.78202552267174,2.604352866031085,0.0013575889220743959,0.0,5.677245418690038e-06,0.12806816139100877,1.9322336835100062,0.007523327831614727,95.41807150595884,0.603237897758992,0.0,0.18838731811288742,0.1810579319586131,0.7206720668746793,0.019352056492911433,-0.0078125,-0.10992529348986126,12.609830177532597,0.04641915981933934,0.1587427899134942,Health Information Services,Healthcare,HSTM
2019Q3,2019,Q3,2019-10-28,2019-09-30,3712000.0,62450000.0,3748000.0,0.11,37102000.0,0.5941072858286629,480197000.0,333893000.0,222967000.0,99699000.0,146304000.0,0.0,44460000.0,838214640.0,735638640.0,10.31297874969113,2.2364015687218526,0.0,0.0,0.007719360368056176,10.31297874969113,0.011117333996220346,13.422171977582066,56.45303340517241,2.5104289098603445,0.00026939655172413793,0.0,1.193011851952383e-06,0.13005079165425856,2.0149851051665513,0.007730160746526946,74.29663534834249,0.5941072858286629,0.5714285714285713,-0.07887329696784551,0.19589506759916847,0.7656056014265739,0.0034347532116294796,0.5460224906289046,0.6525573192239859,2.1316404025505817,0.04890249638365013,0.14293367600168577,Health Information Services,Healthcare,HSTM
2019Q2,2019,Q2,2019-07-26,2019-06-30,2401000.0,63781000.0,2268000.0,0.07,36975000.0,0.5797180978661357,476451000.0,329671000.0,214481000.0,98313000.0,146780000.0,0.0,40748000.0,839652480.0,750849480.0,10.17691547817497,2.181613825231658,0.0,0.0,0.004825159745580959,10.17691547817497,0.007283018524529,13.16461767611044,87.42737192836319,2.546940677220623,0.0,0.0,0.0,0.13386686144010612,1.947067020638166,0.005039342975458127,95.18790159845823,0.5797180978661357,-0.611111111111111,-0.13568984386091418,0.2778287065468749,0.7851386128956993,-0.03525022178155821,-0.5980917308336123,-0.5775749674054759,0.6765715745693691,0.14039119212958298,0.13693422376260106,Health Information Services,Healthcare,HSTM
2019Q1,2019,Q1,2019-04-29,2019-03-31,5974000.0,65187000.0,5369000.0,0.18,38326000.0,0.5879393130532161,483500000.0,325141000.0,223742000.0,110982000.0,158359000.0,0.0,38347000.0,916107210.0,837887210.0,10.054766985187246,2.016020615955741,0.0,0.0,0.01159436032172698,10.054766985187246,0.01837356716009362,14.053526163192048,38.33726188483428,2.8175690239004,0.008704385671242048,0.0,5.676191545310511e-05,0.13482316442606,1.6896433655908165,0.012355739400206825,-4925.307580645162,0.5879393130532161,1.0,1.6035525576102139,0.44306438965234085,0.7887434180572812,0.11422507776841004,1.1412186379928315,0.8924920690870638,2.8974271556435447,0.18041264719450978,0.12848138309848633,Health Information Services,Healthcare,HSTM
2018Q4,2018,Q4,2019-02-25,2018-12-31,2790000.0,59825000.0,2837000.0,0.09,34397000.0,0.5749603008775596,441948000.0,318947000.0,241434000.0,106854000.0,123001000.0,0.0,32373000.0,780648750.0,646327750.0,9.866883217324052,2.2594755460722107,0.0,0.0,0.0070844936278768415,9.866883217324052,0.008747534856888449,13.048871709151692,69.95060483870967,2.4475814163481706,0.0,0.0,0.0,0.1353666042158806,1.9636326202107548,0.00631295989573434,93.1672932330827,0.5749603008775596,0.0,0.33703438093229277,0.3619009866268384,0.8002094854357669,-0.01223329408724119,-0.08102766798418973,-0.39133233211757135,0.5082246800616496,0.04837201735264825,0.11389621252653027,Health Information Services,Healthcare,HSTM
2018Q3,2018,Q3,2018-10-29,2018-09-30,3036000.0,59925000.0,4661000.0,0.09,34823000.0,0.5811097204839383,421500000.0,315694000.0,230659000.0,97509000.0,105806000.0,0.0,29583000.0,974508300.0,844225300.0,9.767155497803353,2.365514978104585,0.0,0.0,0.01089822657720741,9.767155497803353,0.009616907511704373,16.26213266583229,80.24607213438735,3.0868762155758427,0.0013175230566534915,0.0,4.1046341011154036e-06,0.14217081850533808,2.109959080700243,0.007202846975088968,101.73382398997808,0.5811097204839383,0.12499999999999993,0.10805290708241354,0.49189221473274974,0.8466480053750197,0.031120454814639348,0.19292730844793712,0.09310506566604128,0.13703964984705608,0.08973964424466677,0.10871909991889492,Health Information Services,Healthcare,HSTM
2018Q2,2018,Q2,2018-08-07,2018-06-30,2545000.0,57008000.0,4264000.0,0.08,33772000.0,0.5924080830760595,417688000.0,312188000.0,225066000.0,96699000.0,105500000.0,0.0,26548000.0,882440720.0,759863720.0,9.661673681604357,2.327490460087488,0.0,0.0,0.010534861634547915,9.661673681604357,0.00815213909567312,15.479243614931237,86.68376424361493,2.82663241380194,0.0,0.0,0.0,0.13648464882879086,2.060279837433686,0.006093064679856735,328.2889583333333,0.5924080830760595,-0.891891891891892,-0.1310020191244369,0.4770379290342978,0.8608988396905818,0.035633241337013184,-0.8932735049903547,0.14316353887399463,0.5631816284774029,-0.010883297191722978,0.03878724548100525,Health Information Services,Healthcare,HSTM
2018Q1,2018,Q1,2018-05-07,2018-03-31,23846000.0,54858000.0,3730000.0,0.74,32610000.0,0.5944438368150498,457183000.0,309044000.0,258499000.0,139631000.0,148139000.0,0.0,24002000.0,796968510.0,640940510.0,9.62843879490295,1.8513009288768254,0.0,0.0,0.01083357370556675,9.62843879490295,0.07716053377512587,14.527844799300011,8.355368929799546,2.578818906045741,0.0,0.0,0.0,0.119991338260609,1.6818256690849454,0.05215854482778231,192.04060481927712,0.5944438368150498,5.166666666666667,9.081875558916053,0.5185363568262332,0.8761277850682702,-0.09767570558937465,5.040020263424519,2.303808680248007,6.5611835102069485,0.004073189713787786,0.5594530090630911,Health Information Services,Healthcare,HSTM
2017Q4,2017,Q4,2018-02-26,2017-12-31,3948000.0,62758000.0,1129000.0,0.12,36140000.0,0.5758628382038943,411074000.0,300170000.0,199728000.0,101066000.0,110904000.0,0.0,17542000.0,738850320.0,654082320.0,9.409127954360228,1.9762135634140068,0.0,0.0,0.010652242065220908,9.409127954360228,0.013152546890095613,11.77300615061028,46.786367781155015,2.4614395842356,0.0,0.0,0.0,0.15266837601015876,1.7272772247838046,0.009604110208867504,95.94212699649397,0.5758628382038943,0.4999999999999999,0.7813507738949708,0.8523084713296999,0.8656544974105896,-0.01852153603823801,0.5766773162939297,-0.7164741336012054,0.29294173644792465,0.19992170684049004,0.5501667088320085,Health Information Services,Healthcare,HSTM
2017Q3,2017,Q3,2017-10-30,2017-09-30,2504000.0,63553000.0,3982000.0,0.08,36822000.0,0.5793904300347741,403840000.0,295657000.0,189275000.0,94741000.0,108183000.0,0.0,13594000.0,745339410.0,684879410.0,9.270278744552096,1.9978150958930136,0.0,0.0,0.0081166419113813,9.270278744552096,0.008469273516270543,11.727839913143361,74.41487719648563,2.520959794626882,0.0,0.0,0.0,0.15737173137876387,1.7260531343346597,0.006200475435816165,90.80645833333334,0.5793904300347741,0.14285714285714277,0.03940735953192996,0.977057940873039,0.8811959154047775,0.04888053324218082,0.10503089143865843,0.39474605954465847,-0.3692263424335016,0.23544810216319711,0.5870929704627863,Health Information Services,Healthcare,HSTM
2017Q2,2017,Q2,2017-07-31,2017-06-30,2266000.0,61481000.0,2855000.0,0.07,35106000.0,0.571005676550479,397775000.0,292624000.0,181786000.0,92895000.0,105151000.0,0.0,11090000.0,838976320.0,784425320.0,9.180072782030368,1.9568975725281232,0.0,0.0,0.007320641383613137,9.180072782030368,0.007743725736781672,13.646107252647159,92.56137687555163,2.867079665372628,0.0,0.0,0.0,0.15456225252969644,1.674212820926853,0.005696687826032305,2145.7194884910487,0.571005676550479,0.7500000000000001,-0.23472794222234145,0.9501020274526601,0.8943824466954223,0.04500803714949098,0.7634241245136186,0.5575559192580469,-0.1710313218798988,0.2517655604409077,0.6102818607012807,Health Information Services,Healthcare,HSTM
2017Q1,2017,Q1,2017-05-01,2017-03-31,1285000.0,59870000.0,1833000.0,0.04,33594000.0,0.5611157507933857,401824000.0,289760000.0,184034000.0,98128000.0,112064000.0,0.0,8823000.0,769884020.0,716850020.0,9.119405803487128,1.875448393934453,0.0,0.0,0.004141015537864632,9.119405803487128,0.004434704583103258,12.859262067813596,149.7828832684825,2.656971355604638,0.0,0.0,0.0,0.1489955801544955,1.6045980759823903,0.0031979174962172494,61.39915623255443,0.5611157507933857,5.0,-0.2595435234938301,1.0692948060954632,0.9248977575025521,0.033248239165872114,5.131832797427653,4.518234165067178,-0.43005612081423616,0.34884426181681266,0.6223426292834369,Health Information Services,Healthcare,HSTM
2016Q4,2016,Q4,2017-02-27,2016-12-31,-311000.0,58737000.0,-521000.0,-0.01,32513000.0,0.5535352503532697,396000000.0,286108000.0,177437000.0,94970000.0,109892000.0,0.0,5346000.0,795162150.0,745528150.0,9.01326276659421,1.8683478993366327,0.0,0.0,-0.0013983409873539942,9.01326276659421,-0.0010870021110909167,13.537670463251443,-639.1978697749197,2.779237735400618,0.0,0.0,0.0,0.14832575757575758,1.5853427398125723,-0.0007853535353535354,147.66242339832868,0.5535352503532697,-1.25,-1.1421448267840828,1.1976313156845768,0.9380210781845333,-0.028824899934285202,-1.2676419965576593,-1.4051321928460343,-1.1517711850572638,0.361648941441519,0.6444667246754368,Health Information Services,Healthcare,HSTM
2016Q3,2016,Q3,2016-11-02,2016-09-30,1162000.0,58367000.0,1286000.0,0.04,33478000.0,0.5735775352510837,394051000.0,286389000.0,173079000.0,95240000.0,107662000.0,0.0,5657000.0,875996400.0,836176400.0,9.023252150351302,1.8172931541369173,0.0,0.0,0.0032149353485354934,9.023252150351302,0.004057418406433208,15.008419140952936,188.4673838209983,3.0587641285105227,0.0,0.0,0.0,0.14812042096073857,1.5647732045359093,0.0029488568738564296,77.55612217795485,0.5735775352510837,0.0,-0.5481911871541908,0.976859201405943,2.1462496760856804,0.04062665133194492,-0.17177476835352815,-0.44473229706390327,-0.5681132852634176,0.4797957073229266,0.7060003385007612,Health Information Services,Healthcare,HSTM
2016Q2,2016,Q2,2016-08-01,2016-06-30,1403000.0,54793000.0,2316000.0,0.04,32171000.0,0.5871370430529447,377183000.0,284075000.0,204496000.0,81742000.0,93108000.0,0.0,4494000.0,841638720.0,774835720.0,8.951191076380136,2.501724939443615,0.0,0.0,0.004716843508184912,8.951191076380136,0.004938836574848192,15.360332889237677,149.9712615823236,2.962734207515621,0.0,0.0,0.0,0.14526900735186898,2.2380416432189083,0.0037196798371082473,-101.5368222946073,0.5871370430529447,-0.20000000000000004,-0.4686062808345101,0.8045346678030288,2.224141160783437,0.03184938097376355,-0.06528980679546968,-0.06875753920386007,-0.512246601139833,0.4454150580915315,0.7240554418226308,Health Information Services,Healthcare,HSTM
2016Q1,2016,Q1,2016-05-02,2016-03-31,1501000.0,54078000.0,2487000.0,0.05,31178000.0,0.5765375938459263,375793000.0,282144000.0,205722000.0,83634000.0,93649000.0,0.0,3092000.0,699501940.0,616708940.0,8.909998105223268,2.459789080995767,0.0,0.0,0.005281751060655144,8.909998105223268,0.005319978450720199,12.935055660342469,116.5059860093271,2.479237339798117,0.0,0.0,0.0,0.14390369166003625,2.2035057512494918,0.003994220222303236,674.5438187078109,0.5765375938459263,-0.1666666666666666,-0.321575176506193,1.0152117737419508,2.3141768685230524,-0.03270042194092827,-0.17117614577581447,0.3242811501597444,-0.3567530731062653,0.5173196436960746,0.7361376403996248,Health Information Services,Healthcare,HSTM
2015Q4,2015,Q4,2016-02-26,2015-12-31,1811000.0,55866000.0,1878000.0,0.06,32232000.0,0.5769519922672108,379569000.0,280320000.0,209537000.0,89078000.0,99249000.0,0.0,1591000.0,696212000.0,614202000.0,8.857991531315173,2.352286759918274,0.0,0.0,0.005927098041905629,8.857991531315173,0.006460473744292238,12.462177352951706,96.10877967973495,2.48363299086758,0.0,0.0,0.0,0.14718272567043147,2.1030108444284785,0.004771201020104382,129.4074349442379,0.5769519922672108,-0.25000000000000006,0.037991215153067255,1.1853821979831867,2.406123760673883,0.049594581393076945,-0.3071920428462127,-0.5657803468208092,-0.1762605981331856,0.6622291038357793,0.7563744290207974,Health Information Services,Healthcare,HSTM
2015Q3,2015,Q3,2015-10-30,2015-09-30,2614000.0,53835000.0,4325000.0,0.08,30709000.0,0.5704281601188818,374717000.0,278756000.0,201674000.0,85473000.0,95961000.0,0.0,-220000.0,690133830.0,622692830.0,8.809404923679804,2.3595053408678766,0.0,0.0,0.00931705810400451,8.809404923679804,0.009377376630458178,12.819426581220396,66.00361801836266,2.475763140524329,0.0,0.0,0.0,0.14366842176896163,2.105764393434184,0.006975931169389165,258.76784026996626,0.5704281601188818,0.6,1.2633690309964813,1.2327316601215128,2.470153488939541,0.03352068118332043,0.7746096401900883,0.6868174726989079,0.0936409610562551,0.6879741058779888,0.787671872252196,Health Information Services,Healthcare,HSTM
2015Q2,2015,Q2,2015-07-31,2015-06-30,1473000.0,52145000.0,2564000.0,0.05,29713000.0,0.5698149391120912,371350000.0,271903000.0,198868000.0,86963000.0,99447000.0,0.0,-2835000.0,889298280.0,834805280.0,9.300916740781282,2.286811632533376,0.0,0.0,0.005511962161576177,9.300916740781282,0.005417373107321361,17.05433464378176,150.93317718940938,3.2706453404339046,0.0,0.0,0.0,0.1404200888649522,2.01025723583593,0.0039666083209909785,130.01436842105264,0.5698149391120912,-0.5,-0.18513368040885803,1.3334859935824523,2.7030923613751083,0.10199161814338167,-0.4588537839823659,-0.46471816283924844,-0.4575817750518746,0.8034522931276408,0.9193195773350648,Health Information Services,Healthcare,HSTM
2015Q1,2015,Q1,2015-05-01,2015-03-31,2722000.0,47156000.0,4790000.0,0.1,26963000.0,0.5717830180676903,299442000.0,171045000.0,124736000.0,88304000.0,128397000.0,0.0,-4308000.0,698115600.0,720962600.0,6.174241056925243,1.412574741801051,0.09350725683103907,0.16369961121342336,0.013649653025683573,6.174241056925243,0.01591394077581923,14.80438544405802,64.1178912564291,4.081473296500921,0.0,0.0,0.0,0.15747957868301707,1.148373799601377,0.009090241181931726,149.45741811175338,0.5717830180676903,0.11111111111111122,1.6396121716061705,1.4867711850002412,1.5235343207769332,0.038156476205144,0.028333962976955042,0.13345953620444864,0.7989936006320564,0.8693695221063868,0.3032409151274987,Health Information Services,Healthcare,HSTM
2014Q4,2014,Q4,2015-02-27,2014-12-31,2647000.0,45339000.0,4226000.0,0.09,25972000.0,0.5728401596859216,257262000.0,167859000.0,174611000.0,77259000.0,89403000.0,0.0,-7030000.0,815269400.0,733274400.0,6.069752305188935,2.26007326007326,0.0,0.0,0.01566171216289056,6.069752305188935,0.015769187234524213,17.981636119014535,76.9993766528145,4.8568703495195376,0.0,0.0,0.0,0.1762366770063204,2.016761801214098,0.010289121595882796,333.034885620915,0.5728401596859216,-0.25,-0.7994180837124844,1.3549122922407952,1.5388972559659584,0.02211727666273121,-0.22962747380675202,-0.10862687196793926,0.38866956456466156,0.9471047547495821,0.30511094721587156,Health Information Services,Healthcare,HSTM
2014Q3,2014,Q3,2014-10-30,2014-09-30,3436000.0,44525000.0,4741000.0,0.12,25410000.0,0.5706906232453678,243333000.0,161242000.0,162935000.0,74437000.0,82091000.0,0.0,-9677000.0,662796050.0,597869050.0,5.841043289259193,2.1888979942770397,0.0,0.0,0.021091594866456648,5.841043289259193,0.021309584351471702,14.88593037619315,48.22439246216531,4.110567035883951,0.0,0.0,0.0,0.18297970271192152,1.968604323118879,0.01412056728844834,143.58666594454073,0.5706906232453678,0.4999999999999999,1.611353498404922,1.4544779999396427,2.046294908699527,0.07043558850787766,0.45346869712351945,0.1535279805352798,0.5360565792727424,0.7338749924911258,1.036669290696779,Health Information Services,Healthcare,HSTM
2014Q2,2014,Q2,2014-07-31,2014-06-30,2364000.0,42476000.0,4110000.0,0.08,23738000.0,0.5588567661738394,241399000.0,157157000.0,160381000.0,75046000.0,84242000.0,0.0,-13113000.0,669878100.0,609016100.0,5.700910508941851,2.1371025770860537,0.0,0.0,0.014958572783505243,5.700910508941851,0.015042282558206124,15.770743478670308,70.84159263959391,4.262477013432427,0.0,0.0,0.0,0.17595764688337565,1.9140926898169124,0.00979291546361004,64.60392516153921,0.5588567661738394,0.14285714285714277,0.061083198791108094,1.2592084266410768,2.0731918666410536,0.10800970873786407,0.2135523613963039,0.24620982413583992,0.03078692079396397,0.6104470266724029,1.0534183740445155,Health Information Services,Healthcare,HSTM
2014Q1,2014,Q1,2014-05-01,2014-03-31,1948000.0,38350000.0,3298000.0,0.07,21424000.0,0.5586440677966101,230959000.0,154317000.0,150251000.0,69719000.0,76642000.0,0.0,-15476000.0,732995100.0,673950100.0,5.621134302262048,2.1550940202814153,0.0,0.0,0.012453443519983844,5.621134302262048,0.012623366187782292,19.113301173402867,94.07021303901438,4.749930986216683,0.0,0.0,0.0,0.16604678752505855,1.9434730848118877,0.008434397447165946,110.70761214318078,0.5586440677966101,0.16666666666666682,0.7289686042697288,1.1931742986063636,2.1808510611425462,0.023700305810397553,0.10681818181818181,-0.060131091479053864,0.015578242282328585,0.6484236473144273,1.0908459305392333,Health Information Services,Healthcare,HSTM
2013Q4,2013,Q4,2014-03-04,2013-12-31,1760000.0,37050000.0,3509000.0,0.06,20928000.0,0.5648582995951417,212594000.0,149433000.0,147124000.0,56212000.0,63161000.0,0.0,-17424000.0,889515263.9999999,829978263.9999999,5.480963908450704,2.617305913328115,0.0,0.0,0.011596096619708092,5.480963908450704,0.011777853620016997,24.00850914979757,126.35159999999999,5.952602597819759,0.0,0.0,0.0,0.1742758497417613,2.3998790293887424,0.00827869083793522,5969.90110067114,0.5648582995951417,-0.25000000000000006,-0.041831722360688925,1.1518665634409073,2.1878510103916486,0.0695558849082639,-0.23344947735191637,-0.09538540861046661,0.17089282871650824,0.6822761464185345,1.1075704728290832,Health Information Services,Healthcare,HSTM
2013Q3,2013,Q3,2013-10-29,2013-09-30,2296000.0,33659000.0,3879000.0,0.08,19567000.0,0.5813304019727265,204801000.0,143256000.0,140648000.0,54347000.0,61545000.0,0.0,-19184000.0,1025979800.0000001,970876800.0000001,5.28912682296474,2.587962537030563,0.0,0.0,0.015839416603619764,5.28912682296474,0.016027251912659853,30.48158887667489,111.71382839721255,7.1618626793991185,0.0,0.0,0.0,0.16434978344832302,2.3672879827773383,0.011210882759361527,106.45152521269975,0.5813304019727265,-0.11111111111111106,1.979244876364268,0.9472677919548729,2.2298571950412693,0.027246955060898782,-0.05202312138728324,-0.05528494885533366,1.322578925635631,0.6308793497058864,1.0834644402391784,Health Information Services,Healthcare,HSTM
2013Q2,2013,Q2,2013-07-30,2013-06-30,2422000.0,31919000.0,4106000.0,0.09,19048000.0,0.5967605501425484,185886000.0,138739000.0,129775000.0,39998000.0,47147000.0,0.0,-21480000.0,695573660.0,640922660.0,5.191939226105831,3.2445372268613433,0.0,0.0,0.017339000202574492,5.191939226105831,0.017457239853249627,21.791837463579686,71.79744632535095,5.01354096540987,0.0,0.0,0.0,0.17171277019248357,3.0997049852492626,0.013029491193527216,121.05354333449355,0.5967605501425484,0.28571428571428553,1.6918989135294404,1.015858988952299,2.1548104037660654,0.11222702323951886,0.24781040700669757,0.29404349196344154,0.465807848214402,0.5626477334475924,1.0671328455845612,Health Information Services,Healthcare,HSTM
2013Q1,2013,Q1,2013-04-30,2013-03-31,1941000.0,29646000.0,3173000.0,0.07,17126000.0,0.577683329960197,181656000.0,135179000.0,125333000.0,39295000.0,46477000.0,0.0,-23901000.0,603186000.0,559298000.0,5.132080485952923,3.1895406540272297,0.0,0.0,0.014149155072462236,5.132080485952923,0.014358739153270848,20.34628617688727,77.69010819165378,4.4621279932533895,0.0,0.0,0.0,0.1631985731272295,3.0429062221656697,0.010685031047694544,295.82442373712604,0.577683329960197,0.0,23.77911675789058,1.1764827751746103,2.151614868678811,0.023914863087408825,0.06589785831960461,-0.05170352659892409,0.979650701762477,0.6442808659715545,1.0975827026976044,Health Information Services,Healthcare,HSTM
2012Q4,2012,Q4,2013-03-01,2012-12-31,1821000.0,27838000.0,3346000.0,0.07,16726000.0,0.6008333932035347,174528000.0,132196000.0,118291000.0,35032000.0,42332000.0,0.0,-25842000.0,637213720.0,595848720.0,5.04333892873493,3.376655629139073,0.0,0.0,0.013648549757503762,5.04333892873493,0.01377500075645254,22.8900682520296,87.48129049972542,4.820219371236648,0.0,0.0,0.0,0.15950449211587825,3.1350765014843573,0.01043385588558856,143.41969840198064,0.6008333932035347,0.0,-0.46701673045349845,0.9560635094022842,2.1190329004282717,0.07383153569594247,-0.07890743550834597,-0.10318949343339587,-0.8544134401009761,0.525507452404382,1.1095620913764521,Health Information Services,Healthcare,HSTM
2012Q3,2012,Q3,2012-10-30,2012-09-30,1977000.0,26380000.0,3731000.0,0.07,15576000.0,0.5904473085670963,161858000.0,128977000.0,117942000.0,31105000.0,32881000.0,0.0,-27663000.0,768439280.0,744736280.0,4.927864593283155,3.791737662755184,0.0,0.0,0.015157683764157343,4.927864593283155,0.015328314350620653,29.129616376042456,97.17239251390995,5.9579559146204355,0.0,0.0,0.0,0.16298236726019102,3.6304452660343998,0.012214410161993846,174.96340619307833,0.5904473085670963,-0.22222222222222213,1.2512351431464417,0.8798167050970018,2.3195151367417135,-0.006252392497129004,-0.18541409147095178,-0.0767136847315021,0.5847232389519594,0.5337841770523417,1.5700423841890485,Health Information Services,Healthcare,HSTM
2012Q2,2012,Q2,2012-07-30,2012-06-30,2427000.0,25841000.0,4041000.0,0.09,15674000.0,0.6065554738593708,162158000.0,126610000.0,118773000.0,33536000.0,35548000.0,0.0,-29640000.0,679302000.0,651961000.0,4.845944808052972,3.5416567270992365,0.0,0.0,0.019046555457907708,4.845944808052972,0.0191691019666693,26.28775976161913,69.9734239802225,5.3653107969354705,0.0,0.0,0.0,0.1593569234943697,3.329824666030534,0.014966884150026517,207.2938663411657,0.6065554738593708,0.7999999999999998,3.805360997393515,0.803822029840681,2.3595072212181454,0.11171005035818143,0.7091549295774648,0.7261853908586074,0.14940135045786948,0.45018017648096625,1.6123052005361236,Health Information Services,Healthcare,HSTM
2012Q1,2012,Q1,2012-04-30,2012-03-31,1420000.0,23674000.0,2341000.0,0.05,14099000.0,0.5955478584100701,154351000.0,123173000.0,110901000.0,30235000.0,31178000.0,0.0,-32067000.0,602916810.0,578648810.0,4.73760529251125,3.667967587233339,0.0,0.0,0.011435686364789113,4.73760529251125,0.011528500564247035,25.467466841260453,106.14732570422537,4.894878017097904,0.0,0.0,0.0,0.15337769110663357,3.404068132958492,0.009199810820791573,365.1828043609933,0.5955478584100701,-0.2745814732142856,25.893477378861782,1.465536374172144,2.3755376829307533,0.04840868530636526,-0.20758928571428573,-0.2146930560214693,0.3308210604862932,0.42959357899380557,1.680885389252248,Health Information Services,Healthcare,HSTM
2011Q4,2011,Q4,2012-02-28,2011-12-31,1792000.0,21891000.0,2981000.0,0.06892572791261202,13448000.0,0.6143163857292951,154237000.0,120915000.0,111079000.0,32448000.0,33322000.0,0.0,-33487000.0,479681550.0,402777550.0,4.650755798299935,3.4232926528599608,0.0,0.0,0.014810391803952013,4.650755798299935,0.014820328329818468,21.912272166643827,66.91985909598215,3.9670971343505768,0.0,0.0,0.0,0.14193092448634245,3.10607741617357,0.011618483243320345,124.7221918876755,0.6143163857292951,-0.13842840109234977,0.4022881633758383,1.1585449620664114,2.4425483330567634,0.05864756356766118,-0.0022271714922048997,0.10653303637713438,0.02305752711276154,0.3332931722079913,1.7049834332673222,Health Information Services,Healthcare,HSTM
2011Q3,2011,Q3,2011-10-31,2011-09-30,1796000.0,20618000.0,2694000.0,0.08,12703000.0,0.6161121350276457,91435000.0,63565000.0,51703000.0,27412000.0,27870000.0,0.0,-35279000.0,284364120.0,254128120.0,2.8679390001804728,1.8861447541222822,0.0,0.0,0.0283386961089952,2.8679390001804728,0.02825454259419492,13.792032204869532,39.582978841870826,4.473595846771022,0.0,0.0,0.0,0.22549351998687592,1.6231577411352691,0.019642368895937005,85.38514339247591,0.6161121350276457,0.0,2.6931525292401135,1.6883994393729926,1.1818559047431147,-0.052902158149906287,-0.018805499496837342,-0.13259929468152,1.847877786943204,0.4576447920487453,0.7513350926760555,Health Information Services,Healthcare,HSTM
2011Q2,2011,Q2,2011-08-01,2011-06-30,1830422.0,21050859.0,3105831.0,0.08,13412553.0,0.6371499139298781,87308888.0,61084207.0,47602103.0,25747902.0,26224681.0,0.0,-37075264.0,291966540.0,267998450.0,2.7763024725024996,1.8487759895932492,0.005488673730445404,0.007845071967620043,0.029771089686989455,2.7763024725024996,0.029965552307161816,13.869578433830183,39.87694367746891,4.779738566467762,0.0,0.0,0.0,0.24110785834312767,1.5653672675932975,0.020964898785562357,-670.3645180399234,0.6371499139298781,0.14285714285714277,5.188814585695913,1.4984692013807996,1.1464868608652363,0.1728414795906277,0.19968120742687073,0.21463388879980916,1.4708286852240309,0.6146838238182685,0.6869819816480651,Health Information Services,Healthcare,HSTM
2011Q1,2011,Q1,2011-05-02,2011-03-31,1525757.0,18505735.0,2557010.0,0.07,11435947.0,0.6179677273018337,85089527.0,58708576.0,44640021.0,25888379.0,26380951.0,0.0,-38905686.0,168802591.82000002,154584993.82000002,2.688449789704183,1.7243266177461323,3.2354157991734986e-05,4.6892637968258677e-05,0.025782961040865544,2.688449789704183,0.02598865623993333,9.121636715320955,27.658826376021874,2.8752629227457334,0.0,0.0,0.0,0.21748546093104973,1.4287300104807643,0.017931196162366728,59.55992377999298,0.6179677273018337,0.2696736055391374,1.2584559363087227,1.397708180512537,1.1479405665795874,0.030986442952269867,0.26730108261029184,0.5880254530233229,22.494262228745903,0.638745918403641,0.6509792381704764,Health Information Services,Healthcare,HSTM
2010Q4,2010,Q4,2011-03-23,2010-12-31,1203942.0,17640097.0,1610182.0,0.05513227942568447,11092238.0,0.6288082202722581,82010703.0,56790338.0,44270781.0,24746468.0,25220365.0,0.0,-40431443.0,175572165.35999998,157785133.35999998,2.600607656593978,1.7889737234420686,0.0009855786750175767,0.0014232702753063382,0.021201076516294697,2.600607656593978,0.021199768171832327,9.953015868336777,36.45777067333808,3.0915851453463787,0.0,0.0,0.0,0.21509505899492168,1.45497171555957,0.014680303374548563,84.89978706891173,0.6288082202722581,0.3783069856421118,-0.015399848056705788,1.1384948574003662,1.1454215525579732,0.07254677594058072,0.5126742831726981,-0.047226766943097465,-0.5770298310313625,0.48780643371226157,0.6083354612173452,Health Information Services,Healthcare,HSTM
2010Q3,2010,Q3,2010-11-08,2010-09-30,795903.0,16616445.0,1689995.0,0.04,10341962.0,0.6223931773613429,77765188.0,55358647.0,40117781.0,21928592.0,22406541.0,0.0,-41635385.0,116011010.92,94767717.92,2.538621116258436,1.829473638799974,0.002572796454886729,0.0036141417979380893,0.01437093114514253,2.538621116258436,0.014377211928608009,6.981698607614324,36.440059567560375,2.0956258363756617,0.0,0.0,0.0,0.21367459434419422,1.550731164134934,0.010234695246927198,38.425146115967344,0.6223931773613429,-0.3333333333333333,0.3981073365047886,1.3663397753722641,1.189049329757629,-0.03832308669109396,-0.4094400200636784,-0.28004531041854197,0.08777796806309586,0.42116582062885627,0.7100695569757123,Health Information Services,Healthcare,HSTM
2010Q2,2010,Q2,2010-08-09,2010-06-30,1347709.0,16660469.0,2347363.0,0.06,10754092.0,0.6454855502567185,74913823.0,54743077.0,36403365.0,19677517.0,20170746.0,0.0,-42431288.0,102439122.60000001,83940613.60000001,2.5116621010574725,1.849997893535043,0.003646082779676055,0.004989525890186991,0.024538396536073384,2.5116621010574725,0.024618802483462886,6.148633786960019,19.00245576010845,1.8712708202354063,0.0,0.0,0.0,0.2223951245953634,1.5425862419531895,0.017990124466081513,18.00671524044901,0.6454855502567185,0.4999999999999999,55.603310136215356,1.3646605976256572,1.2146484329704281,0.1470701110474685,0.670305032818418,0.6624113063314124,2.1987030507641543,0.3940974940741101,0.7412387676682511,Health Information Services,Healthcare,HSTM
2010Q1,2010,Q1,2010-05-10,2010-03-31,806864.0,14837252.0,1412023.0,0.04,9375270.0,0.6318737458931074,72563267.0,53033893.0,32714379.0,19526621.0,19529374.0,0.0,-43778997.0,88654840.0,76094164.0,2.4466641908101128,1.6753732763082767,0.006286100652000688,0.008600914890407914,0.015172872326588295,2.4466641908101128,0.015214119770539944,5.975152272132333,27.468953875746095,1.6716638169481541,0.0,0.0,0.0,0.20447331843534552,1.3547222532766934,0.011119455247239627,131.65628373832942,0.6318737458931074,-0.9161754001521535,4.341095892796503,1.4918070116343085,1.178473208648057,-0.028539294686993497,-0.9219931584106468,0.1340675739059478,17.32890233790518,0.8534067715287796,0.7432450919057232,Health Information Services,Healthcare,HSTM
2009Q4,2009,Q4,2010-03-26,2009-12-31,10343503.0,15090467.0,1245096.0,0.477186888724857,9650694.0,0.6395225542059103,71002280.0,51820904.0,29890859.0,19177014.0,19181376.0,0.0,-44585861.0,85620200.0,74004142.0,2.3907041889647536,1.5586816070531107,0.00938898018486167,0.012864287353999073,0.19752689847751376,2.3907041889647536,0.19960097569891871,5.67379392566181,2.069419808743711,1.652232851823658,0.0,0.0,0.0,0.2125349636659555,1.2255710925590397,0.1456784627197887,37.99162251626244,0.6395225542059103,8.543737774497139,127.83040801576878,1.653940146922859,1.275856416474201,0.10962527832057356,9.109992503154638,0.1534423198244309,8.708327297252504,0.7847429701855361,0.7696295134569137,Health Information Services,Healthcare,HSTM
2009Q3,2009,Q3,2009-11-09,2009-09-30,1023097.0,14105033.0,1079461.0,0.05,8697255.0,0.6166064978366232,59431591.0,41156227.0,24421803.0,18268391.0,18275364.0,0.0,-54929364.0,95301567.48,85810225.48,1.9174254181952308,1.336833824062557,0.010208257759749356,0.014741220083172347,0.024694534798100656,1.9174254181952308,0.02485886279128551,6.7565646588703485,23.28752002009585,2.3156050597155082,0.0,0.0,0.0,0.23733224641420084,1.1707633146236032,0.017214699838676708,56.0880535470255,0.6166064978366232,-0.375,6.562487098206853,1.6974844260905348,0.8308988484094169,-0.07035447668862213,-0.4079700622122229,-0.42024837575062957,1.172394983774577,0.8991201216187802,0.45872906304162664,Health Information Services,Healthcare,HSTM
2009Q2,2009,Q2,2009-08-10,2009-06-30,1728117.0,14583522.0,1861937.0,0.08,9355453.0,0.641508477856035,57659268.0,39666069.0,22343415.0,17985206.0,17993199.0,0.0,-55952461.0,53884661.04,46471453.04,1.8550454238878515,1.2423218838861227,0.01490442091633907,0.02166531803290112,0.042669739519521195,1.8550454238878515,0.0435666312182334,3.694900384145887,7.795285423382793,1.3584573011255539,0.0,0.0,0.0,0.25292589562531387,1.0848292201935301,0.029971192142085466,14.595061629548814,0.641508477856035,1.0,4.144422901762357,1.9919880745107923,0.750534660514226,0.1202287958021773,0.9692990203172772,0.9897080950304771,5.012110207213019,0.7810009245488373,0.4342207551666081,Health Information Services,Healthcare,HSTM
2009Q1,2009,Q1,2009-05-12,2009-03-31,877529.0,13619208.0,935784.0,0.04,8351377.0,0.6132057752550663,55814171.0,37785926.0,19888734.0,17895516.0,18028245.0,0.0,-57680578.0,42764110.0,39101342.0,1.7671793473545925,1.1113808621109333,0.019861031349905744,0.02933703411158959,0.022569861398863675,1.7671793473545925,0.023223699744714475,3.139985085770039,12.183104489994063,1.1317470425364196,0.0,0.0,0.0,0.24400985907324504,0.9472483498100865,0.015722333312090223,50.045183789540204,0.6132057752550663,-0.4062840926918596,3.0028623058135726,1.653615182364649,0.6323428417095858,-0.005016273939263102,-0.39084091025838597,-0.1665265348002052,0.32659361448455937,0.8021544692675195,0.4118903105950253,Health Information Services,Healthcare,HSTM
2008Q4,2008,Q4,2009-03-27,2008-12-31,1440558.0,13503077.0,1122752.0,0.06737228952034778,8393481.0,0.6215976551122385,52796882.0,36762782.0,16862770.0,15714380.0,16034100.0,0.0,-58558107.0,49820188.15,47112439.15,1.719328754883476,1.0730789251628126,0.026495182045030614,0.0380510647970004,0.03742529578439909,1.719328754883476,0.03918522814731486,3.689543364819737,8.645987900174795,1.355180033709092,0.0,0.0,0.0,0.2557551978164165,0.8962027136928088,0.02728490671096827,38.01378940806451,0.6215976551122385,1.2457429840115928,4.29223523380574,1.7091982849639031,0.5583982702177134,-0.013498302663190387,1.365013330881677,0.9011649959360607,0.2031928878964264,0.6718224768039311,0.4183934886551681,Health Information Services,Healthcare,HSTM
2008Q3,2008,Q3,2008-11-12,2008-09-30,609112.0,13661771.0,590560.0,0.03,8508329.0,0.6227837518283684,52369039.0,35055888.0,16521101.0,16806585.0,17313151.0,0.0,-59998665.0,52661766.12,51011686.12,1.6375729648620452,0.9830135628386135,0.023697303286394085,0.03540075778425582,0.016262670548272243,1.6375729648620452,0.017375454873657742,3.854680781869349,21.614155574015946,1.502223139234128,0.0,0.0,0.0,0.26087496087144163,0.8221531024892922,0.011631147174573893,-77.3351632927286,0.6227837518283684,0.0,1.9321629513304108,2.001159889416066,0.4547340555102172,0.043921020882888934,-0.1762534130512103,-0.18459771130649935,0.08994552992412466,0.9818612981669074,0.4120768074457088,Health Information Services,Healthcare,HSTM
2008Q2,2008,Q2,2008-08-08,2008-06-30,739441.0,13012995.0,724256.0,0.03,8150357.0,0.6263244549006589,52909990.0,36142104.0,16694967.0,16077707.0,16767886.0,0.0,-60607777.0,61271893.08,57065887.08,1.645721473438764,1.038392290641943,0.02721695846096361,0.03984408323322848,0.019055375000934235,1.645721473438764,0.02045926822633237,4.708515839743272,20.71561256408557,1.6953050956856301,0.0,0.0,0.0,0.24594589792967264,0.8741132675200513,0.013975451516811854,31.526669534354106,0.6263244549006589,9.380197308324707,1.6782102051051917,1.5780624471361486,0.41983181281881465,0.18225171226791348,10.257551306254186,15.498986263298175,29.821950934180528,0.833030754384775,0.4511086028341293,Health Information Services,Healthcare,HSTM
2008Q1,2008,Q1,2008-05-12,2008-03-31,65684.0,11421700.0,43897.0,0.0028901184735612502,6893927.0,0.6035815158864267,52403443.0,35966317.0,15451119.0,15563463.0,16437126.0,0.0,-61347218.0,64052140.5,60949783.5,1.628397091585097,0.9927815551076261,0.03150571614159016,0.045904283165829854,0.0011662535836520138,1.628397091585097,0.0018262642794367853,5.607934064106043,243.78897638694355,1.7808923971837316,0.0,0.0,0.0,0.21795705293638817,0.8416615890692194,0.0012534290924357775,47.43036041426314,0.6035815158864267,-0.9778272563399204,1.044421791067323,1.377543544770116,0.34827481426896023,-0.07342231476448764,-0.9771846186176485,-0.949446988262608,-0.5732897045659108,0.882500811703115,0.44990041967466204,Health Information Services,Healthcare,HSTM
2007Q4,2007,Q4,2008-03-28,2007-12-31,2878935.0,11991971.0,868336.0,0.13034555027868272,7440204.0,0.6204321207914862,53361457.0,35713618.0,15678408.0,16584312.0,17647839.0,0.0,-61412902.0,77304307.5,75566795.5,1.6169559891601124,0.9453758467640985,0.034890988827385276,0.05213232666597935,0.07328209186255133,1.6169559891601124,0.08061168711610232,6.446338762827228,6.712925743373852,2.164561078633926,0.0,0.0,0.0,0.22473095140561847,0.8041320616737071,0.05395158156944627,93.19790551488673,0.6204321207914862,3.344851675956091,2.021447093967949,1.7136847753906066,0.26792315668875316,-0.004376341847109585,2.8956328415081676,0.1894671523147964,34.19055284673807,1.0697719950837064,0.5392785439841318,Health Information Services,Healthcare,HSTM
2007Q3,2007,Q3,2007-11-09,2007-09-30,739016.0,11809386.0,730021.0,0.03,7472908.0,0.6327939488132576,49959610.0,32696830.0,13660978.0,15653455.0,17262780.0,0.0,-64291837.0,63432820.8,62758847.8,1.4845133672504125,0.8727132763980859,0.04116757516722008,0.0629026116599071,0.02049322417645762,1.4845133672504125,0.022602068763240963,5.371390248400721,21.458541087067125,1.9400296848348906,0.0,0.0,0.0,0.2363786666869497,0.7339610328837947,0.014792269195055765,58.13743103189122,0.6327939488132576,0.4999999999999999,1.2859101755624822,1.6806588077302305,0.05889952434825298,-0.02789189785467553,0.740052600721906,0.7894557514640024,4.915629425799808,1.2009374208477865,0.41752257415334937,Health Information Services,Healthcare,HSTM
2007Q2,2007,Q2,2007-08-10,2007-06-30,424709.0,12046568.0,407957.0,0.02,7687322.0,0.6381337821693283,49014444.0,31691306.0,12362574.0,15516305.0,17323138.0,0.0,-65030853.0,78214495.84,78923078.84,1.4424570298425643,0.7967472926060682,0.046062095491688125,0.07124061091076524,0.011859533442429756,1.4424570298425643,0.01340143571236856,6.492678731403003,46.04005085835242,2.468011127089556,0.0,0.0,0.0,0.24577587782083174,0.6640619013354017,0.008664976389408803,-135.17700384370767,0.6381337821693283,9.147520707535524,1.1208351058514525,1.6863571252479501,-0.05253360172517227,0.4822291314177187,8.533524882713417,5.486199085070819,1.752119129375856,1.4054045921072569,0.36119094148632963,Health Information Services,Healthcare,HSTM
2007Q1,2007,Q1,2007-05-14,2007-03-31,44549.0,8101339.0,-90936.0,0.0019709247782217433,5186325.0,0.6401812095506682,46335149.0,30787125.0,12102854.0,15241575.0,15548024.0,0.0,-65455562.0,94323884.1,92499423.1,1.4035113032415933,0.7940684607725907,0.003907702983754298,0.005881159738039846,-0.0026819808951933314,1.4035113032415933,0.0014470009784934448,11.642999274564364,529.3266072190172,3.063744474354133,0.0,0.0,0.0,0.17484219161569978,0.6603925119287213,0.0009614515321834835,48.813119020548584,0.6401812095506682,-0.9599017004084657,1.0119614477925765,1.1100686634363348,-0.27120560474935745,-0.10614138557672156,-0.9586818710901089,-1.096971506568845,1.0991114425360953,0.5386474381675902,0.2964228178280113,Health Information Services,Healthcare,HSTM
