Quarters,Year,Quarter,FillingDate,Date,NetIncome,Revenue,OperatingIncome,EPSDiluted,GrossProfit,GrossProfitRatio,TotalAssets,CommonStockEquity,CurrentAssets,CurrentLiability,TotalLiability,Inventory,RetainedEarnings,MarketCap,EnterpriseValue,bookValuePerShare,currentRatio,debtToAssets,debtToEquity,roic,shareholdersEquityPerShare,roe,priceToSalesRatio,peRatio,pbRatio,payoutRatio,inventoryTurnover,dividendYield,assetTurnover,quickRatio,returnOnAssets,priceToFreeCashFlowsRatio,grossProfitMargin,epsdilutedGrowth,fiveYNetIncomeGrowthPerShare,fiveYRevenueGrowthPerShare,fiveYShareholdersEquityGrowthPerShare,grossProfitGrowth,netIncomeGrowth,operatingIncomeGrowth,threeYNetIncomeGrowthPerShare,threeYRevenueGrowthPerShare,threeYShareholdersEquityGrowthPerShare,Industry,Sector,Symbol
2023Q1,2023,Q1,2023-04-26,2023-03-31,488652000.0,3610461000.0,709497000.0,39.91,3566062000.0,0.9877026784,50942261000.0,13744483000.0,19627148000.0,8968638000.0,36661057000.0,0.0,10255401000.0,17181164500.0,17045978500.0,1021.8946468401487,2.1884201369260303,0.07649377792634685,0.28351492013195406,0.0322088934508867,1021.8946468401487,0.03555259226556576,4.758717654061352,8.790081949935741,1.2500407981878985,0.0,0.0,0.0,0.07087359157458677,3.423064795345737,0.009592271532667151,69.5588072161359,0.9877026784114272,-0.18634046890927627,8.871171333807446,1.407590165894524,0.5268891083413867,-0.6943861180007304,-0.2915109248814719,-0.6469985044017159,1.3570394272412045,7.545856058495414,0.4523063032004037,Insurance—Property & Casualty,Financial Services,MKL
2022Q4,2022,Q4,2023-02-17,2022-12-31,689710000.0,4105600000.0,2009898000.0,49.05,11668521000.0,2.8420988406,63442738000.0,13065534000.0,2988476000.0,8664626000.0,49791259000.0,-27082407000.0,9836827000.0,17778210060.0,17744407060.0,968.2476656291685,0.3449053657942074,0.06468240699195549,0.3140804654444281,0.09214432668411335,968.2476656291685,0.052788504472913236,4.330234328721746,6.444088841687086,1.3606952505729961,0.026097925214945413,0.27925586525599444,0.0010124753807752005,0.06471347437747721,3.470586035681171,0.010871378218260378,22.68381103427157,2.84209884060795,4.443951165371809,0.6376880855689242,1.5504155750296276,0.4195447054146078,2.712110202884424,4.628907206398433,14.376537731807332,0.38355268216201,0.6666081453727362,0.20999615061580515,Insurance—Property & Casualty,Financial Services,MKL
2022Q3,2022,Q3,2022-11-01,2022-09-30,122530000.0,3186784000.0,130712000.0,9.01,3143366000.0,0.9863756063,48421355000.0,12293923000.0,28907076000.0,8499392000.0,35549593000.0,0.0,9255658000.0,14706360080.0,15296835080.0,906.3641256266588,3.4010757475358235,0.08531700527587466,0.33603309537565834,0.006938995315077108,906.3641256266588,0.00996671282226186,4.614796635102976,30.005631437199053,1.1962300463407816,0.0,0.0,0.0,0.0658136064139469,3.4010757475358235,0.002530495067723735,17.089588667646666,0.9863756062538284,1.138828967642527,1.4861825005491824,1.1755947311948405,0.4189273360375636,0.6959851431087246,1.138704780577482,1.1182474210949593,-0.39162437099613107,0.5593949775778392,0.18155891443626518,Insurance—Property & Casualty,Financial Services,MKL
2022Q2,2022,Q2,2022-08-02,2022-06-30,-883387000.0,1898939000.0,-1105411000.0,-64.9,1853416000.0,0.9760271394,47946773000.0,12756207000.0,28142645000.0,7575028000.0,34684063000.0,0.0,9289820000.0,17603719000.0,18407102000.0,937.1295180722891,3.7151869273618527,0.09390073029523802,0.35294480561502334,-0.05040702361024983,937.1295180722891,-0.06925154162205113,9.2702919893688,-4.981881949813615,1.3800120208146514,0.0,0.0,0.0,0.0396051471493191,3.7151869273618527,-0.018424326492212522,39.358324315622845,0.9760271393657195,-16.73224043715847,-7.060902360660853,0.316144080969265,0.4627720572174429,-0.30217140516329966,-16.698180871098288,-50.22386468952734,-2.8095206628858613,-0.21498767196209043,0.24988280976960328,Insurance—Property & Casualty,Financial Services,MKL
2022Q1,2022,Q1,2022-04-26,2022-03-31,-49914000.0,2655976000.0,-21580000.0,-3.66,2655976000.0,1.0,48985257000.0,14101178000.0,28157757000.0,7421326000.0,34398174000.0,0.0,10278405000.0,20139976480.0,20677588480.0,1032.9019923820686,3.7941679155450116,0.0904086713273751,0.3140653922672276,-0.0008505647961128186,1032.9019923820686,-0.003539704271515472,7.582890989978825,-100.87338462154906,1.4282478017084814,0.0,0.0,0.0,0.05421990538908472,3.7941679155450116,-0.0010189596433065565,55.45498883464536,1.0,-1.0575109993714644,-1.7324998781676295,0.9290156535451358,0.6708919347020981,-0.296175516756527,-1.0570411815526393,-1.0182285683393926,-1.0881333607299128,0.10308692126105443,0.4651081621167578,Insurance—Property & Casualty,Financial Services,MKL
2021Q4,2021,Q4,2022-02-18,2021-12-31,875052000.0,3773634000.0,1183856000.0,63.64,3773634000.0,1.0,47964628000.0,14695048000.0,28073276000.0,7492982000.0,33269580000.0,0.0,10424461000.0,16908268000.0,17291044000.0,1072.4746752298934,3.746609293869917,0.09092671374413662,0.2967847400022103,0.04770202628603929,1072.4746752298934,0.05954740671823597,4.4806327269682225,4.830646635857069,1.150609919749837,0.02057020611346526,0.0,0.001064567938005241,0.07867535217827604,3.746609293869917,0.018243694082230765,28.797971161608764,1.0,3.217362491716368,5.743525351612561,1.7017842732955608,0.7764876795825038,0.37959406607339097,3.6527994895517626,0.0,2.182525418154008,2.535507283326921,0.6435555439128877,Insurance—Property & Casualty,Financial Services,MKL
2021Q3,2021,Q3,2021-11-02,2021-09-30,188070000.0,2735322000.0,0.0,15.09,2735322000.0,1.0,46696436000.0,14016764000.0,0.0,0.0,32424299000.0,0.0,9650355000.0,16442598540.000002,16772262540.000002,1018.8082570141008,0.0,0.09140504855659648,0.3045132243076933,0.0,1018.8082570141008,0.01341750492481717,6.011211308942787,21.857019381081514,1.1730666607499423,0.0,0.0,0.0,0.05857667595873912,0.0,0.004027502227364846,20.966016627350974,1.0,-0.7353560154331814,1.2892406895511845,0.949299040515136,0.6766109756975204,-0.2138743042456999,-0.7625708550580096,0.0,-0.5353545384059539,0.23671134931288607,0.4491788743148237,Insurance—Property & Casualty,Financial Services,MKL
2021Q2,2021,Q2,2021-08-03,2021-06-30,792110000.0,3479497000.0,0.0,57.02,3479497000.0,1.0,45641513000.0,13974971000.0,0.0,0.0,31415063000.0,0.0,9503889000.0,16368291030.0,16849033030.0,1013.1929964474733,0.0,0.09114892838894276,0.29768755870763525,0.0,1013.1929964474733,0.056680618514342536,4.70421185303508,5.166041026498845,1.1712576026096941,0.0,0.0,0.0,0.07623535617673323,0.0,0.017355033782512862,34.82911530768576,1.0,0.3569728700618753,9.21215047338295,1.5689716374830096,0.6824175698197122,0.19105667818986613,0.3807186409479618,0.0,1.8741964394841752,0.6944072804572176,0.4881258109001784,Insurance—Property & Casualty,Financial Services,MKL
2021Q1,2021,Q1,2021-04-28,2021-03-31,573694000.0,2921353000.0,0.0,42.02,2921353000.0,1.0,43043029000.0,13163944000.0,0.0,0.0,29623211000.0,0.0,8754760000.0,15748408779.999998,15430978779.999998,952.5974383095738,0.0,0.08282291192843329,0.27081161998258274,0.0,952.5974383095738,0.04358070803096701,5.390792820997667,6.862721581539985,1.1963290621716407,0.0,0.0,0.0,0.06787052556175821,0.0,0.013328383557764951,54.782028218204076,1.0,-0.2917579639305578,2.6226170879544357,1.14967802782268,0.6179707327465929,-0.10418556358348711,-0.3229143431067427,0.0,9.994264616113457,0.8960492237812798,0.4233469738650253,Insurance—Property & Casualty,Financial Services,MKL
2020Q4,2020,Q4,2021-02-19,2020-12-31,847299000.0,3261114000.0,0.0,59.33,3261114000.0,1.0,41710054000.0,12799789000.0,0.0,0.0,28649731000.0,0.0,8195182000.0,14270906300.0,13413193300.0,926.7822025921367,0.0,0.08352957298976404,0.2721937838194051,0.0,926.7822025921367,0.06619632558005448,4.376083234134103,4.210705518358926,1.1149329336600782,0.0,0.0,0.0,0.07818532193700828,0.0,0.020314023089013502,31.892502720858875,1.0,0.9120206252014179,3.3352559816539014,1.3245733917834221,0.6543112298141394,0.14679560779624956,0.8715492372870125,0.0,0.9656986575643094,0.9793193875669279,0.3587523269754252,Insurance—Property & Casualty,Financial Services,MKL
2020Q3,2020,Q3,2020-10-27,2020-09-30,452726000.0,2843675000.0,0.0,31.03,2843675000.0,1.0,40170019000.0,11893947000.0,0.0,0.0,28021241000.0,0.0,7377095000.0,13445823300.0,12351109300.0,861.3184879426461,0.0,0.0870876112854216,0.2941253227376917,0.0,861.3184879426461,0.038063562919861675,4.728326303111291,7.424923297977142,1.1304761405107993,0.0,0.0,0.0,0.07079097971051494,0.0,0.011270246100705105,17.90999768229916,1.0,-0.5280608365019012,3.4716644132308456,1.144462216839361,0.5651015521176131,-0.08413550417596914,-0.5088503831766779,0.0,2.7644846217443733,0.9069130101295633,0.34840767967440195,Insurance—Property & Casualty,Financial Services,MKL
2020Q2,2020,Q2,2020-07-28,2020-06-30,921768000.0,3104908000.0,0.0,65.75,3104908000.0,1.0,39067626000.0,11394553000.0,0.0,0.0,27442725000.0,0.0,6948466000.0,12747131360.0,11519551360.0,825.2138615295481,0.0,0.09230427771577418,0.31647656560112536,0.0,825.2138615295481,0.08089549454024217,4.105477959411358,3.4572504578158494,1.118703942137967,0.0,0.0,0.0,0.07947521561714552,0.0,0.023594164641588408,31.68547847139711,1.0,1.6535785288270377,9.210424388280408,1.408744499157439,0.48960957945243644,6.155056159061266,1.655706545128873,0.0,5.234463304153765,1.1214476499580208,0.2880821216228223,Insurance—Property & Casualty,Financial Services,MKL
2020Q1,2020,Q1,2020-04-28,2020-03-31,-1405763000.0,433946000.0,0.0,-100.6,433946000.0,1.0,36048787000.0,9720728000.0,0.0,0.0,26161040000.0,0.0,6039474000.0,12818800350.0,12578090350.0,703.6357582338038,0.0,0.09969694680711448,0.369720662896853,0.0,703.6357582338038,-0.14461499179896814,29.540081830458167,-2.2796873210491384,1.3187078529509313,0.0,0.0,0.0,0.01203774207437271,0.0,-0.038996124890415866,358.35733834670543,1.0,-3.7744070601213457,-8.443970092290837,-0.6629603245920738,0.24925362881623397,-0.828187761091088,-3.7504441366140746,0.0,-21.386500438411584,-0.688546880290476,0.13824866451217874,Insurance—Property & Casualty,Financial Services,MKL
2019Q4,2019,Q4,2020-02-21,2019-12-31,511104000.0,2525699000.0,0.0,36.26,2525699000.0,1.0,37473815000.0,11070867000.0,0.0,0.0,26217837000.0,0.0,7457176000.0,15815756950.000002,16277132950.000002,800.2072280448139,0.0,0.09431073404189032,0.3192327213397108,0.0,800.2072280448139,0.046166573945834594,6.261932617465503,7.7360757057272105,1.4285924444761193,0.0,0.0,0.0,0.06739903583342129,0.0,0.013638963633673272,29.60405087198148,1.0,1.5992831541218637,3.3906028189067445,0.910110589469848,0.47254301803602394,0.21047120067556752,1.4854671095182288,0.0,2.900921512814324,0.7909245309336318,0.32549356601801027,Insurance—Property & Casualty,Financial Services,MKL
2019Q3,2019,Q3,2019-10-29,2019-09-30,205637000.0,2086542000.0,0.0,13.95,2086542000.0,1.0,37036196000.0,10623454000.0,0.0,0.0,26235724000.0,0.0,6988888000.0,16368133100.000002,17549640100.0,767.0917755794642,0.0,0.10522036334401082,0.36682626949766056,0.0,767.0917755794642,0.01935688712917663,7.844621915111223,19.89930447827969,1.540754362940716,0.0,0.0,0.0,0.0563379133213357,0.0,0.005552325082197967,39.29216371601753,1.0,-0.6132520099805933,1.7386383543807593,0.6212208954693472,0.49469291130935267,-0.15323414217831763,-0.5864913995230224,0.0,1.4866237725051374,0.4771820831694343,0.26237148300421387,Insurance—Property & Casualty,Financial Services,MKL
2019Q2,2019,Q2,2019-07-30,2019-06-30,497298000.0,2464131000.0,0.0,36.07,2464131000.0,1.0,36421584000.0,10396365000.0,0.0,0.0,25857206000.0,0.0,6808201000.0,15314581020.0,16719532020.0,749.7739073993941,0.0,0.09954932218214342,0.3487511259945183,0.0,749.7739073993941,0.04783383422956004,6.215002781913786,7.698895340419628,1.473070733857459,0.0,0.0,0.0,0.06765578894097522,0.0,0.013653936632739531,74.3574256041251,1.0,-0.15645463049579042,11.516971602624306,0.9739142642932217,0.46783629489070677,0.005511657439084903,-0.13727497150549853,0.0,5.377580693125931,0.8097316254970385,0.24500741677453433,Insurance—Property & Casualty,Financial Services,MKL
2019Q1,2019,Q1,2019-04-30,2019-03-31,576427000.0,2450624000.0,0.0,42.76,2450624000.0,1.0,34736726000.0,9795982000.0,0.0,0.0,24770378000.0,0.0,6338874000.0,13675320050.0,14318867050.0,705.0005037783376,0.0,0.0880614943388735,0.31226762156157495,0.0,705.0005037783376,0.058843207347665606,5.58034200677052,5.931071952736427,1.3960131868351737,0.0,0.0,0.0,0.07054850246969159,0.0,0.016594166070803565,-2266.7528675617436,1.0,1.7936154417223458,5.618808986757305,0.9910868206377093,0.4298975802749621,1.2606752808750368,1.7669913764082694,0.0,2.6199661070747626,0.7934287509292106,0.19743150234491869,Insurance—Property & Casualty,Financial Services,MKL
2018Q4,2018,Q4,2019-02-28,2018-12-31,-751543000.0,1084023000.0,0.0,-53.88,1084023000.0,1.0,33306263000.0,9080653000.0,0.0,0.0,24031899000.0,0.0,5782310000.0,14445503800.0,15440912800.0,652.5332710549009,0.0,0.09036069282224787,0.3314273764232594,0.0,652.5332710549009,-0.0827631008474831,13.325827773026957,-4.805281866772759,1.590800110961183,0.0,0.0,0.0,0.03254712184312002,0.0,-0.022564614949446594,141.6586953537176,1.0,-2.8905263157894736,-8.648307106447941,-0.14864314741004403,0.3676298126544278,-0.5154840676305528,-2.835547750819416,0.0,-4.816300739951431,-0.23312163891121068,0.16477540798066587,Insurance—Property & Casualty,Financial Services,MKL
2018Q3,2018,Q3,2018-10-30,2018-09-30,409438000.0,2237332000.0,0.0,28.5,2237332000.0,1.0,33958305000.0,9783992000.0,0.0,0.0,24019412000.0,0.0,6576562000.0,16445301390.000002,17091504390.000002,703.024502407128,0.0,0.08814465268510899,0.3059326908689214,0.0,703.024502407128,0.04184774476512246,7.350407266333295,10.041386846115895,1.680837575296464,0.0,0.0,0.0,0.06588467828414875,0.0,0.012057079998545274,38.321172823108334,1.0,0.42714071106659995,5.279200584688644,0.8888161116885097,0.524299408324683,0.07918353092919012,0.4715757769623083,0.0,3.0127168557639443,0.6741157242549253,0.27746560104881474,Insurance—Property & Casualty,Financial Services,MKL
2018Q2,2018,Q2,2018-07-31,2018-06-30,278231000.0,2073171000.0,0.0,19.97,2073171000.0,1.0,33247031000.0,9480860000.0,0.0,0.0,23613619000.0,0.0,6184299000.0,15099573749.999998,16178509749.999998,680.8517055655296,0.0,0.09096469396019151,0.3189906822798776,0.0,680.8517055655296,0.02934659935912987,7.283322866275864,13.567479675162003,1.592637561360467,0.0,0.0,0.0,0.06235657553903084,0.0,0.00836859688313221,68.37460264630766,1.0,5.698823529411764,7.9724464356357005,0.7985184051599039,0.34255094811893383,0.33463910742990827,5.326672472242093,0.0,2.0560697185184322,0.5948237673788561,0.22901864604782513,Insurance—Property & Casualty,Financial Services,MKL
2018Q1,2018,Q1,2018-04-24,2018-03-31,-64306000.0,1553357000.0,0.0,-4.25,1553357000.0,1.0,32866471000.0,9324211000.0,0.0,0.0,23389601000.0,0.0,5927739000.0,16303923000.0,17303043000.0,669.2657909847833,0.0,0.09274180973065226,0.32690122520822407,0.0,669.2657909847833,-0.00689666932676663,10.495927851743032,-63.384143781295684,1.7485579208793107,0.0,0.0,0.0,0.04726266473817648,0.0,-0.001956583656334749,475.19449140192364,1.0,-1.139848634419217,-1.500291691471632,0.31042686304906203,0.5534219393308244,-0.06551895694253691,-1.1478703369427499,0.0,-1.3376614109181826,0.19633839381795332,0.18823227535928388,Insurance—Property & Casualty,Financial Services,MKL
2017Q4,2017,Q4,2018-02-23,2017-12-31,434881000.0,1662267000.0,0.0,30.39,1662267000.0,1.0,32805016000.0,9504148000.0,0.0,0.0,23137166000.0,0.0,3776743000.0,15872637420.000002,16773408420.000002,682.083249605282,0.0,0.09447427186135193,0.3260923546224238,0.0,682.083249605282,0.04575696843104716,9.548789346115878,9.124701596528705,1.6700747315803586,0.0,0.0,0.0,0.05067112297704717,0.0,0.013256539792573185,67.4647639975688,1.0,2.614771519659936,3.993609875125592,0.3416676549516395,0.5938406256590151,0.10365448813795192,2.6781636252078984,0.0,2.709271844825209,0.24819103919414645,0.2551710253601103,Insurance—Property & Casualty,Financial Services,MKL
2017Q3,2017,Q3,2017-10-25,2017-09-30,-259141000.0,1506148000.0,0.0,-18.82,1506148000.0,1.0,28519411000.0,8908885000.0,0.0,0.0,19459257000.0,0.0,3378524000.0,14895117060.0,15290270060.0,638.7671183767119,0.0,0.0866574348257052,0.2774105850507667,0.0,638.7671183767119,-0.029087927389342214,9.889544095268194,-14.369703231059539,1.671939536765824,0.0,0.0,0.0,0.05281132909792562,0.0,-0.009086477978104105,43.02000381241751,1.0,-2.82541222114452,-4.604344634303112,0.3583201349586497,0.6165048264962205,0.016641995608484145,-2.731531471335026,0.0,-4.42694529230998,0.16203798698790614,0.24464987659911144,Insurance—Property & Casualty,Financial Services,MKL
2017Q2,2017,Q2,2017-07-26,2017-06-30,149660000.0,1481493000.0,0.0,10.31,1481493000.0,1.0,27203341000.0,8954409000.0,0.0,0.0,18164134000.0,0.0,3666246000.0,13639595220.0,13810054220.0,640.653144451599,0.0,0.09137373971822065,0.2775918544707976,0.0,640.653144451599,0.016713554183196234,9.206655191755884,22.784303120406257,1.523226738917108,0.0,0.0,0.0,0.05445996504620517,0.0,0.005501530124553451,66.12015037448191,1.0,1.6435897435897437,0.152217837038383,0.4756044470224853,0.6915629815724873,0.04940106293531933,1.1420086161244616,0.0,2.73702089291447,0.1773384497682856,0.2542100072855586,Insurance—Property & Casualty,Financial Services,MKL
2017Q1,2017,Q1,2017-04-26,2017-03-31,69869000.0,1411751000.0,0.0,3.9,1411751000.0,1.0,26400679000.0,8653200000.0,0.0,0.0,17661494000.0,0.0,3557927000.0,13660088280.0,14388958280.0,618.1740248606944,0.0,0.09778555316702271,0.29834107613368466,0.0,618.1740248606944,0.008074353996209494,9.675989802734335,48.87750032203123,1.5786169601996949,0.0,0.0,0.0,0.053474041330527904,0.0,0.002646484963511734,-3486.495222052067,1.0,-0.5718990120746432,-0.1594038100220206,0.3264023684977974,0.6547140642140042,-0.011811357074109722,-0.4735846782092431,0.0,-0.2036341610165074,0.1385816527223537,0.2537941995784166,Insurance—Property & Casualty,Financial Services,MKL
2016Q4,2016,Q4,2017-02-24,2016-12-31,132726000.0,1428625000.0,0.0,9.11,1428625000.0,1.0,25875299000.0,8460927000.0,0.0,0.0,17334210000.0,0.0,3526395000.0,12676567500.0,13512349500.0,603.7051016767749,0.0,0.0994975555644787,0.30428450688677494,0.0,603.7051016767749,0.01568693359486496,8.873264502581153,23.87732527914651,1.498248064307847,0.0,0.0,0.0,0.05521192238203702,0.0,0.005129447972755793,64.62459917311133,1.0,0.6267857142857143,0.819843301773974,0.4346246980930884,0.7183475282212832,-0.0018563777089350667,0.5839180867821853,0.0,0.34118537228600737,0.11407057284058648,0.26529195020197577,Insurance—Property & Casualty,Financial Services,MKL
2016Q3,2016,Q3,2016-11-01,2016-09-30,83796000.0,1431282000.0,0.0,5.6,1431282000.0,1.0,26403645000.0,8527283000.0,0.0,0.0,17798710000.0,0.0,3433891000.0,13033429410.0,13466381410.0,607.6593030713318,0.0,0.09806789933738315,0.3036547514606939,0.0,607.6593030713318,0.009826811189449208,9.106122629921986,38.88440202992983,1.5284387078510238,0.0,0.0,0.0,0.054207742908223465,0.0,0.003173652728628945,54.48484779191679,1.0,0.03512014787430675,0.0852113876450987,0.46031590056459576,0.831199389115956,0.04022349860495066,0.06344150158000939,0.0,0.2744846216612841,0.19833861995484714,0.31752835493380516,Insurance—Property & Casualty,Financial Services,MKL
2016Q2,2016,Q2,2016-08-02,2016-06-30,78797000.0,1375937000.0,0.0,5.41,1375937000.0,1.0,26335628000.0,8438369000.0,0.0,0.0,17823854000.0,0.0,3355262000.0,13350353360.0,13944847360.0,602.2244504710249,0.0,0.09881792072700905,0.3084046217936191,0.0,602.2244504710249,0.009337941964851264,9.702735924682598,42.356794548015785,1.5821011572259993,0.0,0.0,0.0,0.05224621945601601,0.0,0.002992030415982486,86.10409199672361,1.0,-0.5147982062780269,0.8025964478820415,0.47439411412706506,0.7824742954714975,-0.00017802877817032922,-0.5086549853463865,0.0,1.5252833539793798,0.18624224389063535,0.18750823468776834,Insurance—Property & Casualty,Financial Services,MKL
2016Q1,2016,Q1,2016-05-03,2016-03-31,160370000.0,1376182000.0,0.0,11.15,1376182000.0,1.0,25685230000.0,8239116000.0,0.0,0.0,17370999000.0,0.0,3293367000.0,12476630580.0,12492221580.0,588.7606116907245,0.0,0.08953612640416302,0.279126547071312,0.0,588.7606116907245,0.019464466819013107,9.066119583020269,19.449757716530524,1.5143166548450102,0.0,0.0,0.0,0.05357872987705386,0.0,0.006243666106941615,-104.43404213645381,1.0,-0.21145685997171146,12.461793880853607,0.5373027091685957,0.7887150498780228,-0.031171592301085564,-0.18960847330867342,0.0,0.24212848034670487,0.15581673364494236,0.3665626773907564,Insurance—Property & Casualty,Financial Services,MKL
2015Q4,2015,Q4,2016-02-26,2015-12-31,197892000.0,1420460000.0,0.0,14.14,1420460000.0,1.0,24941271000.0,7834150000.0,0.0,0.0,17037704000.0,0.0,3137285000.0,12352766400.0,11964184400.0,560.2223970251716,0.0,0.08986819476842219,0.28610978855395924,0.0,560.2223970251716,0.0252601750030316,8.696314151753658,15.605439330543932,1.5767845139549281,0.0,0.0,0.0,0.056952189806205145,0.0,0.0079343189847863,148.71025931187248,1.0,0.9133964817320706,-0.018799829272130596,0.6130398039367723,0.7164248948828663,0.057862736862173844,0.9302958475989817,0.0,1.2642105263157897,0.1423983473715394,0.3090853884764246,Insurance—Property & Casualty,Financial Services,MKL
2015Q3,2015,Q3,2015-11-04,2015-09-30,102519000.0,1342764000.0,0.0,7.39,1342764000.0,1.0,25181573000.0,7695230000.0,0.0,0.0,17427482000.0,0.0,2942606000.0,11212408380.0,11191724380.0,550.3275405849961,0.0,0.08897446557448972,0.291156599607809,0.0,550.3275405849961,0.013322408816890464,8.350245002100145,27.34226918912592,1.4570595524760144,0.0,0.0,0.0,0.05332327730281186,0.0,0.004071191263548151,38.765470461939515,1.0,0.09970238095238095,0.129949395920908,0.6675467964312544,0.7542488140746043,0.02924946631355851,0.12203263688997362,0.0,0.4222468617897978,0.20785449933978573,0.39269398802208927,Insurance—Property & Casualty,Financial Services,MKL
2015Q2,2015,Q2,2015-08-05,2015-06-30,91369000.0,1304605000.0,0.0,6.72,1304605000.0,1.0,25366140000.0,7741870000.0,0.0,0.0,17564372000.0,0.0,2843303000.0,11189503000.0,11583434000.0,553.9799642218247,0.0,0.08857772605528472,0.2902238089763843,0.0,553.9799642218247,0.011801928991316052,8.576927882385856,30.616245663189922,1.4453230291906216,0.0,0.0,0.0,0.051430962692786526,0.0,0.0036020064542732952,55.98474485532879,1.0,-0.5018532246108228,2.07395167636235,0.7739080756194027,0.9037519634569459,0.0018822658456680238,-0.521608234899891,0.0,-0.29645825185753855,0.29960549468756575,0.4627134950108505,Insurance—Property & Casualty,Financial Services,MKL
2015Q1,2015,Q1,2015-05-06,2015-03-31,190992000.0,1302154000.0,0.0,13.49,1302154000.0,1.0,25253389000.0,7869658000.0,0.0,0.0,17320883000.0,0.0,2753963000.0,10743909120.0,11035376120.0,563.2449184082451,0.0,0.08907929149628195,0.2858515579711342,0.0,563.2449184082451,0.024269415519708733,8.250874412703874,14.063297310882133,1.3652320240600035,0.0,0.0,0.0,0.0515635347002337,0.0,0.007563024511284406,-13881.01953488372,1.0,0.6757763975155279,2.1511200585833206,0.7039568844593547,0.9031329151859581,-0.025155062118427406,0.6241506866788554,0.0,1.3021068573690944,0.22570778991744,0.5076810907692553,Insurance—Property & Casualty,Financial Services,MKL
2014Q4,2014,Q4,2015-02-27,2014-12-31,117595000.0,1335755000.0,0.0,8.05,1335755000.0,1.0,25200357000.0,7594818000.0,0.0,0.0,17537307000.0,0.0,2581866000.0,9543371840.0,9836796840.0,543.4185746994848,0.0,0.08942706644989196,0.296727847856262,0.0,543.4185746994848,0.015483583675079508,7.144552586365014,20.28864288447638,1.2565635990223862,0.0,0.0,0.0,0.0530053998838191,0.0,0.004666402146604511,63.4608652631299,1.0,0.5188679245283021,-0.11556579977972313,0.5423268723175573,0.922088868613318,0.028068493003080154,0.5513238262337902,0.0,0.616877266891749,0.3451077537930822,0.5467518197723322,Insurance—Property & Casualty,Financial Services,MKL
2014Q3,2014,Q3,2014-11-05,2014-09-30,75803000.0,1299286000.0,0.0,5.3,1299286000.0,1.0,25076435000.0,7175193000.0,0.0,0.0,17835817000.0,0.0,2468744000.0,8894013150.0,9402217150.0,513.2102853873114,0.0,0.09067457156489749,0.31689670229079553,0.0,513.2102853873114,0.010564593872248455,6.845308230828317,29.332655534741367,1.2395503716764134,0.0,0.0,0.0,0.0518130268517036,0.0,0.003022877853251469,33.5411765038636,1.0,0.9924812030075186,-0.09987212992050867,0.8797445560928607,0.8707828652773579,0.03202218319564152,0.8918588399720475,0.0,-0.014651777444430695,0.33057283563875933,0.5465744642420954,Insurance—Property & Casualty,Financial Services,MKL
2014Q2,2014,Q2,2014-08-06,2014-06-30,40068000.0,1258971000.0,0.0,2.66,1258971000.0,1.0,25166274000.0,7143057000.0,0.0,0.0,17959136000.0,0.0,2402713000.0,9168469760.0,9482857760.0,510.802131006865,0.0,0.08974399627056433,0.31618423316515604,0.0,510.802131006865,0.005609363050021861,7.282510685313641,57.20568633323351,1.2835498526751221,0.0,0.0,0.0,0.05002611828830919,0.0,0.0015921308017229725,44.202651444660326,1.0,-0.5744,-0.14254923487688254,0.7503891852154123,1.1312147744699108,0.015581754601078525,-0.5432076246066853,0.0,-0.0815506602971281,0.3517596508872861,0.5118809405358214,Insurance—Property & Casualty,Financial Services,MKL
2014Q1,2014,Q1,2014-05-07,2014-03-31,87716000.0,1239655000.0,0.0,6.25,1239655000.0,1.0,24452992000.0,6900132000.0,0.0,0.0,17491891000.0,0.0,2365469000.0,8342419500.0,8446823500.0,493.04265809217577,0.0,0.09225145127434713,0.32692476027994827,0.0,493.04265809217577,0.012712220577809236,6.7296300180292095,23.776789582288295,1.209023175208822,0.0,0.0,0.0,0.05069543228084318,0.0,0.003587127497526683,713.515181320561,1.0,-0.10071942446043168,2.760293689504762,0.8451996679504123,1.2195151767442538,-0.03135682946744961,-0.11186262200801912,0.0,6.362538741730777,0.3846924448132779,0.49791410167330824,Insurance—Property & Casualty,Financial Services,MKL
2013Q4,2013,Q4,2014-02-28,2013-12-31,98764000.0,1279785000.0,0.0,6.95,1279785000.0,1.0,23955511000.0,6673577000.0,0.0,0.0,17205318000.0,0.0,2294909000.0,8117355450.0,8395056450.0,477.1271180381783,0.0,0.09418404808814139,0.3380836094346405,0.0,477.1271180381783,0.014799259827226088,6.3427493289888535,20.547353919444333,1.216342517663316,0.0,0.0,0.0,0.05342340641366406,0.0,0.004122809152349119,42.27437010457462,1.0,0.4882226980728052,3.1185543277651995,1.5109210198614014,1.1472836088414324,0.07394695656917002,0.5055717312763914,0.0,-0.5104073508721462,0.45298098846665436,0.46183527787027834,Insurance—Property & Casualty,Financial Services,MKL
2013Q3,2013,Q3,2013-11-06,2013-09-30,65599000.0,1191665000.0,0.0,4.67,1191665000.0,1.0,23808577000.0,6457423000.0,0.0,0.0,17274749000.0,0.0,2197816000.0,7249297770.0,7384454770.0,461.2115563174059,0.0,0.09452387683648628,0.34851038874176277,0.0,461.2115563174059,0.010158696433546324,6.08333530816127,27.627318137471608,1.1226301529263298,0.0,0.0,0.0,0.05005192036466522,0.0,0.0027552675659700283,24.807077272120647,1.0,1.0848214285714284,1.324083038003056,1.015515910520998,0.9627627577153567,0.15497267314679933,1.3634169188643896,0.0,-0.27790696824873884,0.47799793508796157,0.4701786954860792,Insurance—Property & Casualty,Financial Services,MKL
2013Q2,2013,Q2,2013-08-07,2013-06-30,27756000.0,1031769000.0,0.0,2.24,1031769000.0,1.0,23499980000.0,6320904000.0,0.0,0.0,17099273000.0,0.0,2148240000.0,6581241280.0,7128438280.0,507.1328626444159,0.0,0.09573706020175336,0.3559331070365884,0.0,507.1328626444159,0.004391144051547057,6.37859955086846,59.27764519383196,1.041186716330449,0.0,0.0,0.0,0.043905101195830805,0.0,0.0011811073881765005,38.16517695907586,1.0,-0.7642105263157895,-0.7318261623021248,0.3552063160020918,1.0178675584121455,0.25846359884078335,-0.687791050820004,0.0,0.04700659978410537,0.5730007277248762,0.7427619144115125,Insurance—Property & Casualty,Financial Services,MKL
2013Q1,2013,Q1,2013-04-30,2013-03-31,88902000.0,819864000.0,0.0,9.5,819864000.0,1.0,13117991000.0,4151509000.0,0.0,0.0,8887069000.0,0.0,2160060000.0,4867625400.0,5700800400.0,430.8332295558323,0.0,0.13205147038140216,0.4172579175427537,0.0,430.8332295558323,0.02141438209576325,5.937113228535464,13.688177431328878,1.172495446836319,0.0,0.0,0.0,0.062499204337005565,0.0,0.006777104817345888,118.39913893753649,1.0,0.5248796147672551,1.6976689121543305,0.6256896797854306,0.6374701381586513,0.014739682284285635,0.5653965347232005,0.0,1.1267825612374045,0.555606878773842,0.4557306658722082,Insurance—Property & Casualty,Financial Services,MKL
2012Q4,2012,Q4,2013-02-28,2012-12-31,56792000.0,807955000.0,0.0,6.23,807955000.0,1.0,12556588000.0,3888657000.0,0.0,0.0,8581346000.0,0.0,2068340000.0,3938366182.4,4457735182.4,427.94946911536834,0.0,0.11886588936421263,0.38382145815380475,0.0,427.94946911536834,0.014604527989997574,4.874487047422195,17.3368,1.0127831234279598,0.0,0.0,0.0,0.06434510712623524,0.0,0.004522884719957364,27.939997604960343,1.0,0.17105263157894737,-0.3352749328453249,0.5106471161126873,0.6102635731780784,0.055081453429532176,0.1437778180573178,0.0,-0.34303901195423975,0.43486993550910374,0.5136709512929504,Insurance—Property & Casualty,Financial Services,MKL
2012Q3,2012,Q3,2012-11-08,2012-09-30,49653000.0,765775000.0,0.0,5.32,765775000.0,1.0,12383417000.0,3806116000.0,0.0,0.0,8489760000.0,0.0,2009133000.0,4363777600.0,5039547600.0,395.1532392026578,0.0,0.1219855553600432,0.39688701027504153,0.0,395.1532392026578,0.013045582425758963,5.698511442656133,21.97136930296256,1.1465172369943533,0.0,0.0,0.0,0.06183874773820505,0.0,0.004009636435565402,35.13678277533536,1.0,-0.36817102137767216,-0.4445038570679244,0.27725609343638297,0.5349283260632537,0.10462071959921933,-0.44637461393512995,0.0,-0.14417480018740314,0.608114702709696,0.44043471089298336,Insurance—Property & Casualty,Financial Services,MKL
2012Q2,2012,Q2,2012-08-08,2012-06-30,89687000.0,693247000.0,0.0,8.42,693247000.0,1.0,11965233000.0,3655166000.0,0.0,0.0,8222329000.0,0.0,1957778000.0,4262846700.0,4735168700.0,378.7344316651124,0.0,0.10944458833354938,0.35826827016885143,0.0,378.7344316651124,0.024537052489544936,6.149102268022797,11.882565756464146,1.16625255870732,0.0,0.0,0.0,0.0579384454945424,0.0,0.007495633390507314,26.78155380062951,1.0,0.4222972972972973,-0.23639876225616027,0.08403834509376618,0.5398936259835027,-0.05440744201272617,0.5665030653415541,0.0,1.7809944620774387,0.39658056328782776,0.5801899940670068,Insurance—Property & Casualty,Financial Services,MKL
2012Q1,2012,Q1,2012-05-09,2012-03-31,57253000.0,733135000.0,0.0,5.92,733135000.0,1.0,11859284000.0,3602093000.0,0.0,0.0,8183316000.0,0.0,1890040000.0,4328679480.0,4942455480.0,373.58359261563993,0.0,0.11008868663571933,0.36244844316901315,0.0,373.58359261563993,0.015894370300822327,5.904341601478582,18.901540006637205,1.2017123044851978,0.0,0.0,0.0,0.06181949938967648,0.0,0.004827694488132673,-55.9919217684875,1.0,0.137608418367347,-0.3996080711241223,0.22567134255741833,0.5706760855343113,0.07011385199240987,0.14104352678571427,0.0,2.5624351794233564,0.5839164173968433,0.6817499256586411,Insurance—Property & Casualty,Financial Services,MKL
2011Q4,2011,Q4,2012-02-28,2011-12-31,50176000.0,685100000.0,0.0,5.203899605890894,685100000.0,1.0,11532103000.0,3387513000.0,0.0,0.0,8069757000.0,0.0,1835086000.0,3998248140.0,4516736140.0,351.3288736776602,0.0,0.11216687884247999,0.3818494571090945,0.0,351.3288736776602,0.014812046477755214,5.836006626769815,19.92111836336097,1.1802901243478623,0.0,0.0,0.0,0.05940807153734232,0.0,0.004350984378131205,119.03444996873976,1.0,-0.050383283596552315,-0.5722588048556233,0.09034608374730232,0.5264201383143887,0.013329625729195016,-0.05797536797837188,0.0,2.5613289737760083,0.9498780570784165,0.5811357251347783,Insurance—Property & Casualty,Financial Services,MKL
2011Q3,2011,Q3,2011-11-07,2011-09-30,53264000.0,676088000.0,0.0,5.48,676088000.0,1.0,11371754000.0,3212180000.0,0.0,0.0,8093662000.0,0.0,1794387000.0,3457018400.0,3808635400.0,331.83677685950414,0.0,0.11183938730999633,0.39593360272462935,0.0,331.83677685950414,0.016581885199459558,5.113266911999621,16.22586737759087,1.0762218804674706,0.0,0.0,0.0,0.059453273435215004,0.0,0.004683886056627676,29.48315963634503,1.0,0.762057877813505,-0.4890920077377817,0.06409835967320865,0.6236696304218625,0.04468700553797468,0.7570759385102593,0.0,1.3806068133623772,0.6539370377169517,0.41218679007231857,Insurance—Property & Casualty,Financial Services,MKL
2011Q2,2011,Q2,2011-08-08,2011-06-30,30314000.0,647168000.0,0.0,3.11,647168000.0,1.0,11464537000.0,3282973000.0,0.0,0.0,8116458000.0,0.0,1761067000.0,3855802770.0,4356292770.0,337.8587012452403,0.0,0.11064066520959373,0.38637052452152365,0.0,337.8587012452403,0.009233703719159433,5.957962646484375,31.798861664577423,1.1744850688689794,0.0,0.0,0.0,0.05644955395930948,0.0,0.0026441538807890803,35.19802430029394,1.0,2.6588235294117646,-0.6667001071358002,0.046660215583072956,0.8780487651805429,0.041142610771661245,2.664651837524178,0.0,-0.6243114041931542,0.09034820868156129,0.34433037728034993,Insurance—Property & Casualty,Financial Services,MKL
2011Q1,2011,Q1,2011-05-05,2011-03-31,8272000.0,621594000.0,0.0,0.85,621594000.0,1.0,11041536000.0,3198378000.0,0.0,0.0,7778467000.0,0.0,1744245000.0,4027210650.0,4404974650.0,329.15282494597096,0.0,0.0930768146750597,0.32132255787152114,0.0,329.15282494597096,0.0025863109363558653,6.478844149074798,121.71212070841392,1.2591415555009446,0.0,0.0,0.0,0.05629597186478403,0.0,0.000749171129813823,-437.5975931761382,1.0,-0.9410641273556296,-0.8918308097001252,0.004707166201830179,0.8779404804257623,0.015832497148254798,-0.9409745759688318,0.0,-0.751084334228394,0.22227022980144837,0.2510128856477689,Insurance—Property & Casualty,Financial Services,MKL
2010Q4,2010,Q4,2011-02-28,2010-12-31,140143000.0,611906000.0,0.0,14.422455490377688,611906000.0,1.0,10825589000.0,3171523000.0,0.0,0.0,7637897000.0,0.0,1735973000.0,3674289210.0,3944977210.0,326.3891118658022,0.0,0.0938468105522942,0.32033411077264773,0.0,326.3891118658022,0.04418791854891167,6.004662824028527,6.554535742063464,1.1585251659849227,0.0,0.0,0.0,0.056524037629730815,0.0,0.012945531185416331,439.29808823529413,1.0,1.225687575675569,0.13993400063038625,0.05730546633566036,0.86250876642062,0.09005369160992885,1.215699604743083,0.0,0.5339148311002594,0.0698810808616364,0.22811812012730937,Insurance—Property & Casualty,Financial Services,MKL
2010Q3,2010,Q3,2010-11-05,2010-09-30,63250000.0,561354000.0,0.0,6.48,561354000.0,1.0,10581122000.0,3058057000.0,0.0,0.0,7506962000.0,0.0,1598968000.0,3359063319.9999995,3537772319.9999995,313.7112228149364,0.0,0.09419256294370294,0.3259138073619949,0.0,313.7112228149364,0.020683067712603132,5.9838592403367565,13.276930118577074,1.0984305786321185,0.0,0.0,0.0,0.05305240786374073,0.0,0.005977626947312392,30.744323710849546,1.0,2.056603773584906,1.5736967984226653,0.13952192974247304,0.9316423575299886,0.08913223156530478,2.03634007008785,0.0,-0.3008070548348856,-0.07484484239486633,0.21857597086691924,Insurance—Property & Casualty,Financial Services,MKL
2010Q2,2010,Q2,2010-08-06,2010-06-30,20831000.0,515414000.0,0.0,2.12,515414000.0,1.0,10324461000.0,2849993000.0,0.0,0.0,7458018000.0,0.0,1553547000.0,3329960000.0,3646861000.0,290.9937716969573,0.0,0.09720371843140287,0.3521327947121274,0.0,290.9937716969573,0.007309140759293093,6.460748058842018,39.96399596754837,1.1684098873225304,0.0,0.0,0.0,0.04992163755570388,0.0,0.0020176355937612626,56.204702347798204,1.0,-0.5103926096997691,-0.6518961467330266,-0.06446685703400581,0.6362119907471454,-0.03969488689612255,-0.5106532923019098,0.0,-0.8252329879428066,-0.20580879635268026,0.18314950205864883,Insurance—Property & Casualty,Financial Services,MKL
2010Q1,2010,Q1,2010-05-05,2010-03-31,42569000.0,536719000.0,0.0,4.33,536719000.0,1.0,10339951000.0,2904223000.0,0.0,0.0,7417492000.0,0.0,1552580000.0,3676538580.0000005,4035252580.0000005,295.95669010496283,0.0,0.0963627390497305,0.3430817812544009,0.0,295.95669010496283,0.014657620988470926,6.850025022404648,21.591642862176702,1.2659284703688387,0.0,0.0,0.0,0.051907305943712886,0.0,0.004116944074493196,851.2476452882613,1.0,-0.5448574274818972,-0.4358880309711518,-0.05548958303846395,0.7896743185661577,-0.11737204238832281,-0.5440143108102318,0.0,-0.5613729877383316,-0.11833748485492843,0.24430543709668634,Insurance—Property & Casualty,Financial Services,MKL
2009Q4,2009,Q4,2010-03-01,2009-12-31,93356000.0,608092000.0,0.0,9.513502496688067,608092000.0,1.0,10241896000.0,2774360000.0,0.0,0.0,7450182000.0,0.0,1514398000.0,3336420000.0,3449574000.0,282.7229185773973,0.0,0.09408882886528042,0.347340647933217,0.0,282.7229185773973,0.03364956242160354,5.486702669990725,8.93466943742234,1.2025908678037458,0.0,0.0,0.0,0.05937299109461764,0.0,0.009115109155570414,75.85876040198264,1.0,0.5803160293501775,0.8632442724295808,0.08105335616484093,0.6805118836797253,0.2530461104780431,0.5789331258667929,0.0,-0.21802547394729976,-0.04907772931259319,0.22834753648942535,Insurance—Property & Casualty,Financial Services,MKL
2009Q3,2009,Q3,2009-11-04,2009-09-30,59126000.0,485291000.0,0.0,6.02,485291000.0,1.0,10201653000.0,2692815000.0,0.0,0.0,7508838000.0,0.0,1421483000.0,3237513120.0,3150350120.0,274.3291564792176,0.0,0.0932444967496934,0.35325412254462335,0.0,274.3291564792176,0.021956948397866174,6.671282014296577,13.689041707539829,1.2022783295547597,0.0,0.0,0.0,0.04756983990731698,0.0,0.005795727417899825,31.698681340200128,1.0,0.8023952095808383,3.3024508091745264,-0.14791084863281026,0.7988647831815624,-0.0386926928989113,0.8027318738947496,0.0,-0.44072136993097044,-0.24678043767187846,0.3422861815679284,Insurance—Property & Casualty,Financial Services,MKL
2009Q2,2009,Q2,2009-08-05,2009-06-30,32798000.0,504824000.0,0.0,3.34,504824000.0,1.0,9711499000.0,2352425000.0,0.0,0.0,7359074000.0,0.0,1362357000.0,2764885500.0,2817503500.0,239.6765155374427,0.0,0.07607002791227184,0.3140393423807348,0.0,239.6765155374427,0.013942208572005484,5.476929583379554,21.075107476065615,1.1753341764349554,0.0,0.0,0.0,0.05198208844999109,0.0,0.003377233524917214,26.48712950012454,1.0,1.0,-0.44213353523232807,-0.09998963803260355,0.6494171688218457,0.07154243407716522,1.0050128377552268,0.0,-0.6429893365595073,-0.19170373105334892,0.33228530858863214,Insurance—Property & Casualty,Financial Services,MKL
2009Q1,2009,Q1,2009-05-06,2009-03-31,16358000.0,471119000.0,0.0,1.67,471119000.0,1.0,9395753000.0,2180080000.0,0.0,0.0,7215673000.0,0.0,1314259000.0,2785998320.0,2877654320.0,222.1398002853067,0.0,0.07861328410825615,0.33880912627059556,0.0,222.1398002853067,0.007503394370848776,5.913576654730546,42.57852916004401,1.277933984073979,0.0,0.0,0.0,0.05014169699863332,0.0,0.0017409993642872477,277.0759144704127,1.0,1.501051054723326,-0.6114679603449403,-0.15741911241447107,0.4844274589917331,0.3173621383412141,1.5000917150718436,0.0,-0.7882080709633709,-0.24603800528820616,0.26739098574635567,Insurance—Property & Casualty,Financial Services,MKL
2008Q4,2008,Q4,2009-03-02,2008-12-31,-32710000.0,357623000.0,0.0,-3.3329936824943958,357623000.0,1.0,9477690000.0,2180674000.0,0.0,0.0,7297016000.0,0.0,1297901000.0,2934386000.0,2983317000.0,222.20032606480538,0.0,0.0726452331739063,0.3157322002280029,0.0,222.20032606480538,-0.01499994955688012,8.205249662353932,-22.427285233873434,1.3456325888234555,0.0,0.0,0.0,0.0377331396152438,0.0,-0.0034512629132204156,67.24536517175791,1.0,0.7695025115840667,-1.7344290556964521,-0.37193956343589696,0.5841108142569608,-0.13953505158607946,0.7701125190635828,0.0,-1.2634359194310916,-0.3881748054057141,0.26796526033435325,Insurance—Property & Casualty,Financial Services,MKL
2008Q3,2008,Q3,2008-11-04,2008-09-30,-142287000.0,415616000.0,0.0,-14.46,415616000.0,1.0,9931115000.0,2312681000.0,0.0,0.0,7618434000.0,0.0,1330974000.0,3459463000.0,3459390000.0,234.98079658605974,0.0,0.05924672103786936,0.2544172758802446,0.0,234.98079658605974,-0.061524697958775985,8.323700242531567,-6.078318820412266,1.4958669180920325,0.0,0.0,0.0,0.041849882918483974,0.0,-0.014327394255327825,36.61814890869446,1.0,-2.7442702050663454,-7.605429706233835,-0.19307675241720898,0.7760236419171161,-0.3129916606745845,-2.7301014080396877,0.0,-0.27826023549898987,-0.16437719476425938,0.4468684155413013,Insurance—Property & Casualty,Financial Services,MKL
2008Q2,2008,Q2,2008-08-04,2008-06-30,82242000.0,604965000.0,0.0,8.29,604965000.0,1.0,10043763000.0,2489085000.0,0.0,0.0,7554678000.0,0.0,1491593000.0,3634768000.0,3540883000.0,251.3211833602585,0.0,0.05857007975994655,0.23633744930365977,0.0,251.3211833602585,0.033041057255979604,6.0082285752068305,11.049001726611706,1.4602827946815797,0.0,0.0,0.0,0.060232902747705215,0.0,0.008188365257125243,19.74623249345372,1.0,1.4310850439882694,0.38861495034344845,0.15372964047623638,0.8608139905132675,0.16311687213049195,1.4197363775450158,0.0,0.3590700528789378,0.08588212534125914,0.41313929622884993,Insurance—Property & Casualty,Financial Services,MKL
2008Q1,2008,Q1,2008-04-30,2008-03-31,33988000.0,520124000.0,0.0,3.41,520124000.0,1.0,10155623000.0,2614781000.0,0.0,0.0,7540842000.0,0.0,1442355000.0,4372427139.64,4441414139.64,263.1090604438795,0.0,0.06706068155542994,0.26045890650115633,0.0,263.1090604438795,0.012998411721669998,8.406509100983612,32.16155069171472,1.6721963099930741,0.0,0.0,0.0,0.051215371031398074,0.0,0.0033467173801154295,86.9287091123084,1.0,-0.6373260033604092,-0.0756756811256357,0.06464321967809637,1.1993018510991063,-0.1108185869830942,-0.6362624543829797,0.0,-0.5552665885311528,-0.09620703141029871,0.5910420145984259,Insurance—Property & Casualty,Financial Services,MKL
2007Q4,2007,Q4,2008-02-29,2007-12-31,93441000.0,584947000.0,0.0,9.402383494807614,584947000.0,1.0,10134419000.0,2641162000.0,0.0,0.0,7493257000.0,0.0,1417269000.0,4880557693.2,5083594693.2,265.7636154997599,0.0,0.06716694859369837,0.25772671271205627,0.0,265.7636154997599,0.03537874617308594,8.343589578543012,13.057859219186438,1.8478827475179487,0.0,0.0,0.0,0.05771884900357879,0.0,0.00922016348445826,44.1671435195743,1.0,0.01537618734423479,2.514119239891495,0.13830463094297515,1.257686918049755,-0.055707032794956854,0.011780884215997314,0.0,0.8414813261451892,0.026825486175578304,0.5797053749456494,Insurance—Property & Casualty,Financial Services,MKL
2007Q3,2007,Q3,2007-10-31,2007-09-30,92353000.0,619455000.0,0.0,9.26,619455000.0,1.0,10229608000.0,2562008000.0,0.0,0.0,7667600000.0,0.0,1323828000.0,4834699503.92,5131426503.92,257.4408410431366,0.0,0.06650821810571822,0.26555459623857536,0.0,257.4408410431366,0.036047116168255525,7.804763064177382,13.08755401535413,1.8870743197991575,0.0,0.0,0.0,0.060555106314924285,0.0,0.009028009675444064,33.07202079473551,1.0,-0.2378600823045268,9.426965884259815,0.2523354956583849,1.2180426332101506,-0.06130808151983671,-0.23801783813664903,0.0,5.628571359668107,0.07281311819496492,0.688122650354244,Insurance—Property & Casualty,Financial Services,MKL
2007Q2,2007,Q2,2007-07-31,2007-06-30,121201000.0,659913000.0,0.0,12.15,659913000.0,1.0,10197182000.0,2449400000.0,0.0,0.0,7747782000.0,0.0,1231475000.0,4825732070.88,5175304070.88,245.94843778460444,0.0,0.07384265574547949,0.30741691842900304,0.0,245.94843778460444,0.04948191393810729,7.312679202985849,9.953985674375625,1.97016904992243,0.0,0.0,0.0,0.06471523211020457,0.0,0.011885734705921695,28.061965789250262,1.0,0.22975708502024286,4.135020673827333,0.6229016154912,1.1385961755130967,0.06619693961136845,0.2282972211524819,0.0,1.031719531625563,0.15949494219467564,0.692579579677106,Insurance—Property & Casualty,Financial Services,MKL
2007Q1,2007,Q1,2007-05-01,2007-03-31,98674000.0,618941000.0,0.0,9.88,618941000.0,1.0,9969557000.0,2373054000.0,0.0,0.0,7596503000.0,0.0,1110274000.0,4837221149.67,5186721149.67,237.84890854090682,0.0,0.07547797760722968,0.31709434340727183,0.0,237.84890854090682,0.041581017541109475,7.815318664735411,12.25556162127308,2.038394891001216,0.0,0.0,0.0,0.06208309958005155,0.0,0.009897531053787044,74.2223830735592,1.0,-0.18790074211991883,4.683907657875012,0.6213903392799701,1.1372062857597105,-0.048036445684456294,-0.18707880904911767,0.0,1.3053611146835418,0.08885445428369647,0.5894020363566924,Insurance—Property & Casualty,Financial Services,MKL
