Quarters,Year,Quarter,FillingDate,Date,NetIncome,Revenue,OperatingIncome,EPSDiluted,GrossProfit,GrossProfitRatio,TotalAssets,CommonStockEquity,CurrentAssets,CurrentLiability,TotalLiability,Inventory,RetainedEarnings,MarketCap,EnterpriseValue,bookValuePerShare,currentRatio,debtToAssets,debtToEquity,roic,shareholdersEquityPerShare,roe,priceToSalesRatio,peRatio,pbRatio,payoutRatio,inventoryTurnover,dividendYield,assetTurnover,quickRatio,returnOnAssets,priceToFreeCashFlowsRatio,grossProfitMargin,epsdilutedGrowth,fiveYNetIncomeGrowthPerShare,fiveYRevenueGrowthPerShare,fiveYShareholdersEquityGrowthPerShare,grossProfitGrowth,netIncomeGrowth,operatingIncomeGrowth,threeYNetIncomeGrowthPerShare,threeYRevenueGrowthPerShare,threeYShareholdersEquityGrowthPerShare,Industry,Sector,Symbol
2023Q1,2023,Q1,2023-05-11,2023-03-31,-160130.0,10143290.0,-742797.0,-0.0031,5047669.0,0.4976362699,115371227.0,16085391.0,104129430.0,96067841.0,99285836.0,84404182.0,-2906766.0,190224538.01999998,187409529.01999998,0.30695287757177225,1.0839155841963806,0.031072314070127727,0.22286377744874217,-0.03224939569813143,0.30695287757177225,-0.009954995809551661,18.75373158215924,-296.9845407169175,11.825919433354153,0.0,0.06037166499640977,0.0,0.08791871477625873,0.17844438702437374,-0.0013879543813814167,120.95342369122322,0.4976362698887639,-1.31,-1.323466347281991,0.8076132111723808,1.3975288989627186,-0.08388933354386385,-1.2245563354111304,-3.3617896001984064,-1.096597602071629,-0.10849374641322791,-0.3074485226103161,Software—Infrastructure,Technology,PAYS
2022Q4,2022,Q4,2023-03-22,2022-12-31,713095.0,10617824.0,314506.0,0.01,5509890.0,0.5189283605,108244253.0,16293295.0,97717401.0,88639181.0,91950958.0,80189113.0,-2746636.0,134761103.88,128726050.88,0.31193497151397775,1.1024176881778724,0.03393422651269994,0.22544150830142093,0.012556160371585736,0.31193497151397775,0.043766162706806694,12.69197001946915,47.24514401306978,8.270954639930107,0.0,0.06369859709010624,0.0,0.09809134162531474,0.17857204704993834,0.0065878324274638396,-18.863491489451942,0.5189283604625581,-0.5,0.10498405211454839,0.9157655808306402,1.6901181320043377,-0.041532896082696315,-0.16314110049301203,-0.49518144229287586,-0.6566904377721914,-0.013873007999854532,-0.24472282000976686,Software—Infrastructure,Technology,PAYS
2022Q3,2022,Q3,2022-11-09,2022-09-30,852109.0,10596428.0,623008.0,0.02,5748648.0,0.542508098,114361936.0,14926477.0,104467756.0,96031292.0,99435459.0,89059415.0,-3459731.0,123577073.25,119355328.25,0.28626467320870946,1.0878511975034137,0.032879891085439476,0.2519153045959874,0.026624213582144618,0.28626467320870946,0.05708708089658397,11.662144380162825,36.25623988539025,8.27905159737291,0.0,0.054433099521257806,0.0,0.09265694837485088,0.1401021346250345,0.007450984390470619,9.122743990458615,0.542508098011896,5.545454545454546,0.42045746022752156,1.2076609023839693,1.8071895120012282,0.22368652123297425,4.736762938859995,3.2959995577585732,-0.7384734699622593,0.06868380392953703,-0.19211565173619843,Software—Infrastructure,Technology,PAYS
2022Q2,2022,Q2,2022-08-10,2022-06-30,-228034.0,8598776.0,-271345.0,-0.0044,4697811.0,0.5463348504,99897070.0,13508163.0,90177476.0,82893722.0,86388907.0,76967850.0,-4311840.0,79029407.12,76347869.12,0.2598071845436362,1.0878685843060587,0.03849900702793385,0.284712140355428,-0.014512219124792655,0.2598071845436362,-0.016881199908529383,9.190774026442833,-86.64213134883394,5.850492559202906,0.0,0.05068304493369634,0.0,0.08607635839569669,0.13819485630045664,-0.0022826895723768474,7.62686939513058,0.5463348504484824,0.26666666666666666,-1.4935523803429096,1.0931902709402292,1.9593622557136166,-0.060108650049247245,0.26296805055026745,0.15687901216154912,-1.1193333829414278,-0.09401688315828319,-0.04873497906734866,Software—Infrastructure,Technology,PAYS
2022Q1,2022,Q1,2022-05-12,2022-03-31,-309395.0,8220639.0,-321834.0,-0.006,4998249.0,0.6080122239,88810553.0,13247910.0,79184070.0,71977792.0,75562643.0,64677683.0,-4083806.0,102082791.72,97557515.72,0.25565898287327915,1.1001180753085618,0.04425594557439587,0.29668038203761954,-0.015340567674675001,0.25565898287327915,-0.023354249840163467,12.417865779047103,-82.48581240808674,7.705577084989254,0.0,0.04982228568701201,0.0,0.09256376322755247,0.1789545864368832,-0.003483763917110166,22.876802937688414,0.6080122238672687,-4.0,-1.6980358998120109,1.1403680223423263,2.4064635739403064,0.05045748738378921,-3.941967936405302,-3.6158772992172703,-1.3216713991586946,0.026556492223450134,0.13109118652736884,Software—Infrastructure,Technology,PAYS
2021Q4,2021,Q4,2022-03-23,2021-12-31,105166.0,8766942.0,123031.0,0.002,4758164.0,0.5427393041,84050793.0,12987803.0,74327195.0,67389804.0,71062990.0,0.0,-3774411.0,82611212.80000001,79237654.80000001,0.251545572273695,1.1029442228382205,0.047752053927676806,0.30902824750267616,0.005450300831171412,0.251545572273695,0.008097289433786454,9.423036310722715,196.38289180913986,6.360676459290306,0.0,0.0,0.0,0.10430528597154343,0.1751053319579324,0.0012512196047930208,0.0,0.5427393040811722,1.3775172874401305,-0.8260000908699987,1.393224687231965,2.8313542771537956,0.1987503999475974,1.3880578289779562,1.4439548940009022,-0.8527184402583189,0.1492802354131186,0.2850221289345814,Software—Infrastructure,Technology,PAYS
2021Q3,2021,Q3,2021-11-10,2021-09-30,-271006.0,7767189.0,-277125.0,-0.0052977706360458395,3969270.0,0.5110304384250209,83189899.0,12382432.0,73411256.0,67047259.0,70807467.0,0.0,-3879577.0,138117757.5,135286353.5,0.24205842177824238,1.094918078604824,0.049231517879352156,0.33075610671635425,-0.013469957219853324,0.24205842177824238,-0.02188633056898677,17.782206342603484,-127.41208451104404,11.154332000369557,0.0,0.0,0.0,0.09336697235321803,0.12837825331532196,-0.0032576791564562424,-61.24190123452411,0.5110304384250209,0.735111468197708,-1.4735976745494448,1.3185990458166252,3.5828299065728255,0.25905968057142004,0.7092107338564563,0.7039822597649803,-1.3073886438658437,0.0987553937010563,0.4343011346360518,Software—Infrastructure,Technology,PAYS
2021Q2,2021,Q2,2021-08-11,2021-06-30,-931967.0,6651290.0,-936177.0,-0.02,3152567.0,0.4739782809049072,84773560.0,11977847.0,75060562.0,68949775.0,72795713.0,0.0,-3608571.0,161380029.66,158941163.66,0.2360239587280294,1.088626641638787,0.049264346100364315,0.34866984024758374,-0.04608752644865636,0.2360239587280294,-0.07780755589881888,24.26296698234478,-43.290167371806085,13.473208470604108,0.0,0.0,0.0,0.07845948666069939,0.10969048122347028,-0.01099360460973917,22.962763655891,0.4739782809049072,0.3333333333333333,-3.3474122234454584,1.3672130170098253,4.663902195955276,0.11327082434319301,0.4259615023341158,0.42531558696351446,-2.142941154801036,0.09351155717254606,0.6454320156963322,Software—Infrastructure,Technology,PAYS
2021Q1,2021,Q1,2021-05-12,2021-03-31,-1623527.0,6279428.0,-1629028.0,-0.03,2831806.0,0.4509655975034669,77700256.0,12359218.0,67916726.0,61410643.0,65341038.0,0.0,-2676604.0,220038113.27,217734300.27,0.24545648868442507,1.105943899659217,0.0547728568616299,0.34434743363212783,-0.0781294172646514,0.24545648868442507,-0.13136162821952005,35.041107768096076,-33.882730818458825,17.803562755345848,0.0,0.0,0.0,0.08081605290978706,0.11716623778064007,-0.020894744542411803,23.679628077926058,0.4509655975034669,0.6666666666666666,-17.79331777643052,1.4398655182691555,6.581161123421501,-0.23715554822829898,0.623412781438305,-1.4744253021967173,-4.413181270229839,0.1646359377753205,0.9171966385010452,Software—Infrastructure,Technology,PAYS
2020Q4,2020,Q4,2021-03-26,2020-12-31,-4311158.0,7253437.0,-658346.0,-0.09,3712167.0,0.5117804152707193,67833506.0,13236065.0,57960627.0,50583843.0,54597441.0,0.0,-1053077.0,231623148.48,228127929.48,0.2651520023064665,1.1458328106862106,0.06389517888106801,0.3274563852625384,-0.20085674813073012,0.2651520023064665,-0.32571296680697776,31.93288209162084,-13.431608658276962,17.49939642031072,0.0,0.0,0.0,0.106930002998813,0.16772770704669474,-0.06355499301480894,565.8370876471249,0.5117804152707193,0.25,-54.1193466660433,1.8301384564366148,7.79027637937795,2.0808687557669705,0.29924197047041395,0.921856613165392,-7.99010069570381,0.36940390217386804,1.2866631646971944,Software—Infrastructure,Technology,PAYS
2020Q3,2020,Q3,2020-11-17,2020-09-30,-6152135.0,-152541.0,-8424846.0,-0.12,-3434429.0,-22.51479274424581,71057493.0,16690373.0,57610754.0,50271555.0,54367120.0,0.0,3258081.0,280782126.64,277695986.64,0.33763302448929694,1.145991087803033,0.06208267156287093,0.26431039018720554,-0.24148412503100705,0.33763302448929694,-0.3686038053193898,-1840.699396490124,-11.40994657301896,16.822998901222878,0.0,0.0,0.0,-0.0021467264543093296,0.16489885781333002,-0.08657967992200344,35.914065605667616,22.51479274424581,-25.827632461435275,-1.0083660771009215,-1.063969295361484,10.857956504789986,-2.0392511911011995,-27.061956630814564,-12.038307790163751,-11.817511673762215,-1.0335218439425176,2.310921583958729,Software—Infrastructure,Technology,PAYS
2020Q2,2020,Q2,2020-08-14,2020-06-30,-219234.0,6443065.0,-646161.0,-0.004473,3304715.0,0.5129103928021834,61363967.0,21903979.0,49658537.0,35283674.0,39459988.0,0.0,9410216.0,475942311.06000006,472786709.06000006,0.4468769242564513,1.4074083384853857,0.07296703943537418,0.2044170604801986,-0.007138942164117806,0.4468769242564513,-0.010008866425593267,73.86892900506204,-542.7332337365556,21.728577764797894,0.0,0.0,0.0,0.10499753055404648,0.23514368146582468,-0.0035726829720770822,-67.5147477401451,0.5129103928021834,-1.1491,-1.3258577780108074,1.1030847538710074,3.648106556873165,-0.42234886390431803,-1.1422705901821262,-1.4644453596865559,-1.5033285947448625,0.6636985391860648,4.090200661374773,Software—Infrastructure,Technology,PAYS
2020Q1,2020,Q1,2020-05-08,2020-03-31,1540965.0,10576473.0,1391253.0,0.03,5720953.0,0.5409131191466191,63882040.0,21590663.0,57141494.0,42291377.0,42291377.0,0.0,9629450.0,251359921.08,241935536.08,0.44322030577238436,1.3511381764656185,0.0,0.0,0.0683193255852334,0.44322030577238436,0.07137182401485309,23.76594929897708,40.779628524982726,11.6420658819046,0.0,0.0,0.0,0.16556254308722765,0.24439927789534968,0.024122038056392688,27.165502338778,0.5409131191466191,-0.24559489727829015,3.6373959445072055,4.003297240710592,5.903477904956195,0.13027331857373786,-0.18198206902189695,-0.04276368750369821,2.6982581682881372,1.9292991422824177,4.905577069406834,Software—Infrastructure,Technology,PAYS
2019Q4,2019,Q4,2020-04-03,2019-12-31,1883779.0,9764975.0,1453406.0,0.03976643303679589,5061566.0,0.5183388590344573,53548346.0,19564602.0,47877449.0,34246831.0,34246831.0,0.0,8088485.0,480816492.45,471152746.45,0.4130072770343883,1.3980110743677276,0.0,0.0,0.09147262102731156,0.4130072770343883,0.096285066264062,49.238886167143285,63.81009827187796,24.57583816169631,0.0,0.0,0.0,0.18235810682182416,0.3082236134490809,0.03517903242053452,115.1792553298522,0.5183388590344573,-0.20467133926408226,-0.4390580766247571,0.6240737925093067,4.890735457083496,-0.056825631200244774,-0.3636049455453539,-0.36311470417207664,2.3971077216535908,1.9054417854718235,5.290618368108802,Software—Infrastructure,Technology,PAYS
2019Q3,2019,Q3,2019-11-06,2019-09-30,2960078.0,9008117.0,2282053.0,0.05,5366522.0,0.5957429282945592,47605618.0,16785407.0,44156998.0,31028713.0,31028713.0,0.0,6150122.0,478447938.3,470459135.3,0.35433867956955933,1.4231011772869857,0.0,0.0,0.16795270207317795,0.35433867956955933,0.17634830063995469,53.11298002679139,40.408389432643325,28.503803232176615,0.0,0.0,0.0,0.18922382228080728,0.2887083972835096,0.06217917389498021,-60.39058827969451,0.5957429282945592,0.6666666666666669,77.33585619179668,3.338939233836056,178.8114231787527,0.06515955097749548,0.7023771114527277,0.4002455588334912,4.586068421175444,1.9038102818260871,5.7086031787589935,Software—Infrastructure,Technology,PAYS
2019Q2,2019,Q2,2019-08-07,2019-06-30,1738791.0,8636271.0,1629752.0,0.03,5038233.0,0.5833806048930146,54042735.0,12921249.0,50804963.0,41329484.0,41329484.0,0.0,3190044.0,658085007.19,651795999.19,0.2731175632726543,1.2292668110736635,0.0,0.0,0.1244630185338666,0.2731175632726543,0.13456833778220667,76.20013396870016,94.6181868881884,50.93044853403878,0.0,0.0,0.0,0.159804476956986,0.17512679325974648,0.032174370893701065,-292.5005554525862,0.5833806048930146,0.4999999999999999,14.979789283744292,4.767395954326331,98.87459989930936,0.33457681461471506,0.9947789934505106,1.2130019390476396,3.6979026704724673,2.297049919036267,5.554042965428131,Software—Infrastructure,Technology,PAYS
2019Q1,2019,Q1,2019-05-08,2019-03-31,871671.0,7257290.0,736444.0,0.02,3775154.0,0.5201878387111443,56098584.0,10614548.0,52873507.0,45691530.0,45691530.0,0.0,1451253.0,373810188.84,368599027.84,0.22602862255358314,1.157183990118081,0.0,0.0,0.07063668698534123,0.22602862255358314,0.08212040682278698,51.50823362990868,107.21080225222589,35.216778787000635,0.0,0.0,0.0,0.12936672340963187,0.12866747950878424,0.015538199680761996,19.195784726734036,0.5201878387111443,0.44617893061159714,10.025475649075092,1.4991427474244632,414.33244442890776,0.08182256884982451,0.3564140429392387,0.24924768027684008,8.66736234060455,2.0234214538023,5.98111268220251,Software—Infrastructure,Technology,PAYS
2018Q4,2018,Q4,2019-03-12,2018-12-31,642629.0,6865237.0,589510.0,0.013829547351752586,3489624.0,0.5083035006657454,36177708.0,9096167.0,33178285.0,27288471.0,27288471.0,0.0,579582.0,163566747.52,157951674.52,0.19575193812596267,1.2158352514510615,0.0,0.0,0.06512714284965132,0.19575193812596267,0.07064832912588347,23.825360656886282,63.63187294691027,17.981942011398868,0.0,0.0,0.0,0.18976428799745965,0.21812786799231074,0.017763120869901432,23.603379652117045,0.5083035006657454,-0.3085226324123707,0.3535155016703752,1.9796850727747268,128.71182509139643,0.14615211044447576,-0.19757835931783505,-0.22794743583363236,7.506104836818318,1.8776038078090966,5.4895366542896324,Software—Infrastructure,Technology,PAYS
2018Q3,2018,Q3,2018-11-13,2018-09-30,800862.0,6421396.0,763562.0,0.02,3044643.0,0.4741403582647761,29127653.0,7842097.0,26230305.0,21488807.0,21488807.0,0.0,-63047.0,177971773.58,173672203.58,0.16876401749459938,1.2206496619379568,0.0,0.0,0.09736706903778415,0.16876401749459938,0.10212344988846733,27.715433463377746,55.55631731184649,22.69441114793658,0.0,0.0,0.0,0.22045703442017797,0.21827777596029413,0.027494903211048277,57.45167034297308,0.4741403582647761,0.0,8.25384437014442,4.072627048870756,20.379512861020768,0.16214534665573982,0.09399007726184883,0.08840215296545904,1.2781272082755026,1.8647267263083198,4.9271345925108525,Software—Infrastructure,Technology,PAYS
2018Q2,2018,Q2,2018-08-09,2018-06-30,732056.0,5460723.0,701544.0,0.02,2619847.0,0.4797619289606889,25485244.0,6535314.0,22775899.0,19152564.0,19152564.0,0.0,-863909.0,109345660.8,106271513.8,0.14344193894157709,1.189182764250259,0.0,0.0,0.10734664011553233,0.14344193894157709,0.11201542879194482,20.02402626904899,37.34197274525446,16.73150835598718,0.0,0.0,0.0,0.2142699909014016,0.17040689695645972,0.0287247004580376,35.93082632350462,0.4797619289606889,1.0,6.835184599408572,2.874400087018747,23.64077403555407,0.16795297600206854,0.7744747277892512,0.6781221519759456,0.1706020004244366,0.9176051301389578,0.4919844385214289,Software—Infrastructure,Technology,PAYS
2018Q1,2018,Q1,2018-05-14,2018-03-31,412548.0,4676320.0,418053.0,0.01,2243110.0,0.4796741882505902,22251622.0,5591118.0,19646617.0,16862516.0,16862516.0,0.0,-1595924.0,51094795.05,48924404.05,0.128028854085794,1.1651059070900214,0.0,0.0,0.07477091343806373,0.128028854085794,0.07378631608204299,10.92628285703288,30.96293949431339,9.138564961426319,0.0,0.0,0.0,0.21015636523036388,0.13847820811556236,0.01854013159130602,38.41165175651599,0.4796741882505902,-0.1906181290806628,0.6242565703732171,0.9745791046465829,16.264700343279102,0.17227157111702124,-0.2319501356264789,-0.24648252890220296,1.787612455186059,1.4676024445262628,0.9941423122252834,Software—Infrastructure,Technology,PAYS
2017Q4,2017,Q4,2018-03-26,2017-12-31,537137.0,4613036.0,554802.0,0.01235510747064484,1913473.0,0.41479689297894057,20402579.0,5041169.0,17903069.0,15561527.0,15561527.0,0.0,-2008472.0,31519298.875,28770985.875,0.11595586372319013,1.1504699378152285,0.0,0.0,0.1106335211014638,0.11595586372319013,0.10655008788636128,6.832658334988064,14.670046410412986,6.25237893730601,0.0,0.0,0.0,0.22610063168974864,0.1872461487873266,0.026326916807919234,11.463680881777433,0.41479689297894057,0.23551074706448394,2.2468622531489255,0.9685618160184948,9.046269004223678,0.03076057036043461,0.07391316517650069,0.1666361761050726,-0.8257199044812856,-0.16401932479699743,0.6538820400350085,Software—Infrastructure,Technology,PAYS
2017Q3,2017,Q3,2017-11-13,2017-09-30,500168.0,4001991.0,475557.0,0.01,1856370.0,0.4638616128821879,17502431.0,4433376.0,15120681.0,13304983.0,13304983.0,0.0,-2545609.0,20867949.599999998,18951213.599999998,0.10197554243661773,1.13646751747071,0.0,0.0,0.10661066399886984,0.10197554243661773,0.11281876384949077,5.21439193641365,10.430470162025559,4.7070110001948855,0.0,0.0,0.0,0.22865343677115482,0.1578549179656975,0.028577058809716206,15.258409108856448,0.4638616128821879,0.0,2.980555070124863,4.895263833189222,6.39055869451687,0.18797796023370855,0.3010199171268563,0.1899872883052408,13.4227512762646,1.1003923566466918,52.172557148169766,Software—Infrastructure,Technology,PAYS
2017Q2,2017,Q2,2017-08-10,2017-06-30,384443.0,3418169.0,399632.0,0.01,1562630.0,0.45715410794492606,15899892.0,3798077.0,13694989.0,12324530.0,12324530.0,0.0,-3045776.0,19468085.85,18064274.85,0.08779161254828759,1.1111976683897884,0.0,0.0,0.10437535208847791,0.08779161254828759,0.10122043339300388,5.695472005626405,12.659929983118433,5.125774398465329,0.0,0.0,0.0,0.21498064263581163,0.12352122149891315,0.024178969265954763,67.28701875719338,0.45715410794492606,0.0,-0.779226470973192,0.14742613057300655,4.6731408728000785,0.14281973984638854,0.040739697991846104,0.1830362164818444,4.380098272200526,1.4962677475152864,32.461063322759806,Software—Infrastructure,Technology,PAYS
2017Q1,2017,Q1,2017-05-15,2017-03-31,369394.0,3200895.0,337802.0,0.01,1367346.0,0.4271761491707788,15029378.0,3241141.0,13145190.0,11997419.0,11997419.0,0.0,-3430219.0,18569878.95,17136373.95,0.07505114243084497,1.0956681599600715,0.0,0.0,0.10334954580156684,0.07505114243084497,0.11397035796961626,5.801464574751749,12.567799524356108,5.729426442724955,0.0,0.0,0.0,0.21297587964052803,0.1283708604325647,0.024578129580612052,15.147807469051612,0.4271761491707788,-0.14573486676306963,2.9470865396323798,0.778882102093448,1.914863490794928,-0.10746251899507564,-0.2652545693593847,-0.3399855415095446,5.159151958935907,0.19863088290496328,138.24399948846877,Software—Infrastructure,Technology,PAYS
2016Q4,2016,Q4,2017-03-27,2016-12-31,502751.0,3047132.0,511810.0,0.011705967633384027,1531976.0,0.5027599723280777,13871707.0,2819746.0,12015351.0,11218755.0,11246647.0,0.0,-3799613.0,14344720.510000002,12864837.510000002,0.06565447987246982,1.0710057399417314,0.010961880899012646,0.05392684305607668,0.1722218745099781,0.06565447987246982,0.17829655578906753,4.707613752866631,7.1331138625283685,5.087238534960242,0.0,0.0,0.0,0.21966525100335524,0.15529459374057103,0.036242907956461304,42.33366635285924,0.5027599723280777,0.17059676333840268,2.705725125167985,0.781835496296377,1.7796939967249945,0.07586664101026303,0.046462640681557525,0.06587113165896122,0.14567803636964705,0.43091168170102223,42.5048689234659,Software—Infrastructure,Technology,PAYS
2016Q3,2016,Q3,2016-11-14,2016-09-30,480429.0,2812536.0,480180.0,0.01,1423946.0,0.5062854306575987,12222546.0,2268465.0,10483646.0,10126566.0,10144716.0,0.0,-4302364.0,7730687.699999999,6589653.699999999,0.052818548083374266,1.0352617066831935,0.015714401893026215,0.08466958934786298,0.19515268020979176,0.052818548083374266,0.2117859433581739,2.748653777231651,4.022804462261853,3.4078937519423924,0.0,0.0,0.0,0.2301104859822168,0.1425337078729354,0.039306786000232685,29.841532398150218,0.5062854306575987,0.0,11.412397964690781,7.809704778819578,1.604577941875842,0.13272653798914325,0.43121553627125914,0.5221243426412271,5.708108809600557,1.4038551815316416,7.065260516300233,Software—Infrastructure,Technology,PAYS
2016Q2,2016,Q2,2016-08-09,2016-06-30,335679.0,2375645.0,315467.0,0.01,1257096.0,0.5291598702668118,13538672.0,1788035.0,11852610.0,11901238.0,11925526.0,0.0,-4782794.0,6993962.109,6111986.109,0.041671616239521155,0.995914038522715,0.016946787690845896,0.12831795798180684,0.15636747374932589,0.041671616239521155,0.18773625795915627,2.9440266155086303,5.208817135567015,3.9115353496995304,0.0,0.0,0.0,0.17547105063184926,0.09887912501203656,0.024794086155569762,28.283344962431556,0.5291598702668118,4.208333333333333,3.6235832442354394,2.0062548504629976,1.4722259663794535,0.24924449832800846,3.0966438857700758,5.167126072762106,2.8149051302899104,0.7897423011034975,7.577418389189482,Software—Infrastructure,Technology,PAYS
2016Q1,2016,Q1,2016-05-12,2016-03-31,81940.0,2181359.0,51153.0,0.00192,1006285.0,0.46131104508703064,10767050.0,1381746.0,9163368.0,9434240.0,9519354.0,0.0,-5118472.0,8108546.78,7358625.78,0.03237716290267243,0.9712884132691133,0.015618019791864996,0.121701094122943,0.033003937012954336,0.03237716290267243,0.05930178194834651,3.7171995897970027,24.73928112033195,5.868333818227084,0.0,0.0,0.0,0.20259578993317576,0.12062031493792823,0.0076102553624251765,-17.419940447929534,0.46131104508703064,0.18092956127168472,9.505315936831852,0.9545125139169782,1.000359978358386,-0.08497335262286392,0.1955237164242256,-0.3553578404809013,-0.6698757102169247,-0.05746207320352139,4.860283630623125,Software—Infrastructure,Technology,PAYS
2015Q4,2015,Q4,2016-03-30,2015-12-31,68539.0,2164376.0,79351.0,0.0016258378678677896,1099733.0,0.5081062624978284,10264075.0,1271607.0,8724406.0,8744823.0,9084006.0,0.0,-5200412.0,9695905.3,8480509.3,0.030164239537281784,0.9976652471982567,0.016961879175668534,0.13691179743427018,0.05488740787366717,0.030164239537281784,0.05389951455127252,4.479769365396771,35.366380090167645,7.624922873183303,0.0,0.0,0.0,0.21086907490446047,0.16080782881483136,0.00667756227424293,-8.067745510733385,0.5081062624978284,1.0270972977977966,1.0941794439198436,0.006847698778150165,1.3337513908662413,-0.004352939365763697,1.0262370726747658,1.3289515139455443,-0.5727377025685605,-0.047482561711701794,3.0931204152314815,Software—Infrastructure,Technology,PAYS
2015Q3,2015,Q3,2015-11-16,2015-09-30,-2612296.0,2033548.0,-241224.0,-0.06,1104541.0,0.5431595418450904,11666147.0,1200316.0,10286689.0,10046928.0,10546928.0,0.0,-5268951.0,14333077.4,11915870.4,0.028473120503765645,1.023864110502235,0.015251136472050283,0.14822929961776732,-0.1750234719983051,0.028473120503765645,-2.176340230405993,7.048310342317959,-1.37169346429348,11.941086680507468,0.0,0.0,0.0,0.17431187863482261,0.2608218153847624,-0.22392105979806357,-65.52024337395662,0.5431595418450904,-6.999999999999999,-191.6172403878855,0.6420528556112581,0.0,-0.16989377740301007,-6.146823496960921,-1.5137825714687352,-22.440165431038253,2.089296405398954,2.5051258725786996,Software—Infrastructure,Technology,PAYS
2015Q2,2015,Q2,2015-08-10,2015-06-30,507555.0,2311208.0,469506.0,0.01,1330602.0,0.5757171141671369,8957116.0,3555087.0,7710339.0,5386905.0,5386905.0,0.0,-2724316.0,13681701.27,11045736.27,0.09614171249917958,1.4313114859088847,0.020274048030638432,0.05108088775323923,0.12564776684354365,0.09614171249917958,0.14276865798220972,5.919718722849696,6.739023982622573,3.848485640435803,0.0,0.0,0.0,0.25803037495551023,0.5277410683871351,0.056665002440517684,36.66433863667425,0.5757171141671369,2.0,7.112130153054174,2.3937556850328443,2.08948529457907,1.4054907150295037,2.14884731606288,2.10089148795483,-0.6589873324483235,-0.09229945500555102,5.022503329318547,Software—Infrastructure,Technology,PAYS
2015Q1,2015,Q1,2015-05-15,2015-03-31,-441795.0,1598409.0,-426478.0,-0.01,553152.0,0.34606411750684585,9068794.0,2364838.0,7773587.0,6646385.0,6646385.0,0.0,-3231870.0,25415506.919999998,23419971.919999998,0.06420246604312073,1.1695962542043532,0.020413960224479683,0.07828443216829228,-0.16724837331292,0.06420246604312073,-0.18681829368438768,15.900502887558815,-14.381957084167995,10.747250729225426,0.0,0.0,0.0,0.17625375546075916,0.33879560091688943,-0.04871595936571059,-42.48109895399797,0.34606411750684585,-1.1410591497749378,-66.62566161774362,0.6593536909492734,1.0007138209854893,-0.8618102183872812,-1.1599603027476697,-1.149380276302968,-6.5347567613186355,0.04148875535202231,1.7826195618004659,Software—Infrastructure,Technology,PAYS
2014Q4,2014,Q4,2015-03-25,2014-12-31,2761904.0,4944950.0,2854982.0,0.07089224638001264,4002843.0,0.8094809856520289,12957482.0,2731480.0,11980383.0,10178300.0,10178300.0,0.0,-2790075.0,9237222.2893,6376140.2893,0.0701113265131869,1.1770514722497862,0.07917325295146078,0.37557880709359026,0.7598360127812941,0.0701113265131869,1.011138284007205,1.8680112618530016,0.8361281102909442,3.381764570599089,0.0,0.0,0.0,0.3816289306826743,0.3904017370287769,0.2131512897336072,3.147813959130179,0.8094809856520289,95.71520652116321,90.31358546656512,1.4891075671534588,1.775744825601592,5.380842693226127,87.87292853235512,59.42034199610598,21.442158292049463,2.1876749256433508,1.832622244376046,Software—Infrastructure,Technology,PAYS
2014Q3,2014,Q3,2014-11-13,2014-09-30,31077.0,1707446.0,47252.0,0.000733,627322.0,0.36740371291390767,8272842.0,-77637.0,7371291.0,8302730.0,8302730.0,0.0,-5551979.0,8376224.345,8449630.344999999,-0.0019927779286336676,0.8878153330290157,0.09418540811005456,-10.036206963174775,0.06735429281698653,-0.0019927779286336676,-0.400285946133931,4.905703808495261,67.38282608520771,-107.88959317078198,0.0,0.0,0.0,0.20639170916113228,0.09393729532334545,0.003756508343807364,380.0292339276802,0.36740371291390767,1.278813236972233,1.4537457955089423,0.4918679021868037,0.0,0.18386765605066693,1.3034152151839413,1.5477603635351942,-0.1148816433197747,4.895844568897526,0.9771900284572915,Software—Infrastructure,Technology,PAYS
2014Q2,2014,Q2,2014-08-13,2014-06-30,-102424.0,1233109.0,-86264.0,-0.002629,529892.0,0.42972032480502537,7699778.0,-108715.0,6933452.0,7760588.0,7760588.0,0.0,-5583057.0,7791836.600000001,7887283.600000001,-0.0027904845951210013,0.8934183853079174,0.10160383844832929,-7.196127489306903,-0.12806185162972156,-0.0027904845951210013,0.9421331003081451,6.318854699787286,-19.01858109427478,-71.6721390792439,0.0,0.0,0.0,0.1601486432465975,0.09374817990595558,-0.013302201699841216,-6.448567704346171,0.42972032480502537,-0.2780748663101605,-2.55375332412934,0.7185871040961274,0.9683780135374673,0.10761525726994532,-0.27910084295972526,-0.3391496033655712,-2.55375332412934,0.7185871040961274,0.9683780135374673,Software—Infrastructure,Technology,PAYS
2014Q1,2014,Q1,2014-05-15,2014-03-31,-80075.0,2407675.0,-64417.0,-0.002057,478408.0,0.19870123667023165,7989320.0,-21292.0,7268323.0,7962623.0,7962623.0,0.0,-5480634.0,7397860.14,6285002.14,-0.0005468446176923804,0.912805114596032,0.0960424666930352,-36.037666729288,-0.08634731951604645,-0.0005468446176923804,3.7608021792222432,3.0726157558640597,-23.09665981891976,-347.44787431899306,0.0,0.0,0.0,0.30136169285996806,0.26173121595735477,-0.010022755378430205,9.173945081777134,0.19870123667023165,-1.2013212230393882,-12.252448027411,1.364536828635183,0.9999939200284979,-0.49992212546267406,-1.2011995336542811,-1.1563580139034526,-12.252448027411,1.364536828635183,0.9999939200284979,Software—Infrastructure,Technology,PAYS
2013Q4,2013,Q4,2014-03-28,2013-12-31,397988.0,1931337.0,411984.0,0.01021750200473177,956667.0,0.49533923908670524,9164706.0,58783.0,8543480.0,9057777.0,9057777.0,0.0,-5400559.0,6232255.2,5925796.2,0.0015091294721050576,0.9432203950262852,0.0786473674114587,12.261708317030434,0.5284807000845345,0.0015091294721050576,6.770460847523944,3.226912341036287,3.9148512015437653,106.02138713573652,0.0,0.0,0.0,0.21073638368759456,0.15664439519762963,0.04342616118836764,12.155943919546239,0.49533923908670524,5.30029545653694,12.16077272488468,-0.027645975623251287,1.016697721143932,1.960433357780109,5.30038791100738,6.304355663134584,12.16077272488468,-0.027645975623251287,1.016697721143932,Software—Infrastructure,Technology,PAYS
2013Q3,2013,Q3,2013-11-14,2013-09-30,-92547.0,1061132.0,-77669.0,-0.002376,323151.0,0.3045342144049939,6691693.0,-339205.0,6128057.0,6981980.0,6981980.0,0.0,-5798547.0,7011287.1,7217520.1,-0.008708372532626713,0.8776961549589085,0.10526484104994058,-2.076620332837075,-0.2126781582442257,-0.008708372532626713,0.2728350112763668,6.607365624634824,-18.939801128075466,-20.669763417402457,0.0,0.0,0.0,0.15857451918371032,0.07968842649219848,-0.013830132374572474,-19.23704440444703,0.3045342144049939,-2.2878048780487803,-8.308654309770844,-0.07266340376281813,0.0,-0.20175531770361166,-2.159170330289708,-1.8199592496014696,-8.308654309770844,-0.07266340376281813,0.0,Software—Infrastructure,Technology,PAYS
2013Q2,2013,Q2,2013-08-13,2013-06-30,79839.0,1204386.0,94723.0,0.001845,404827.0,0.33612728809534487,6603045.0,-246658.0,6071947.0,6800674.0,6800674.0,0.0,-5706000.0,11679697.2,11521462.2,-0.006335558082790023,0.8928448856686851,0.1071323911922454,-2.867938603248222,0.2055879429268441,-0.006335558082790023,-0.32368299426736613,9.697636139908633,36.57265622064405,-47.351787495236316,0.0,0.0,0.0,0.18239857520280417,0.14466566108006354,0.012091239723491208,-12.879173241500682,0.33612728809534487,-0.6545750588547072,0.21197856468951676,0.6797138049480295,0.928204967597075,-0.22083623639730082,-0.6473620282237583,-0.6066010191834074,0.21197856468951676,0.6797138049480295,0.928204967597075,Software—Infrastructure,Technology,PAYS
2013Q1,2013,Q1,2013-05-15,2013-03-31,226405.0,2111037.0,240781.0,0.005341247200861375,519566.0,0.246118850593334,6684922.0,-326495.0,6193081.0,6962328.0,6962328.0,0.0,-5785838.0,10705073.5,9640971.5,-0.008387249746580441,0.88951296175647,0.10582023245746174,-2.1666488001347646,0.6321287460127853,-0.008387249746580441,-0.6934409409026172,5.071002308344193,11.8207123296747,-32.78786352011517,0.0,0.0,0.0,0.31579081999760056,0.2621634602678874,0.033868009230324604,-106.61468095489448,0.246118850593334,0.40365382999853605,30.822305301239407,1.0736698846273742,0.9999067482100201,0.0,0.5327772850672606,-0.9557549882469507,30.822305301239407,1.0736698846273742,0.9999067482100201,Software—Infrastructure,Technology,PAYS
2012Q4,2012,Q4,2013-04-01,2012-12-31,147709.0,2092298.0,5441992.0,0.0038052453437660947,0.0,0.0,7460275.0,-559400.0,7021161.0,7970579.0,7970579.0,0.0,-6012243.0,11528710.775999999,10363199.775999999,-0.014411134360822654,0.8808846885527387,0.09482224180744007,-1.2645691812656417,36.77021621621622,-0.014411134360822654,-0.26404898105112623,5.510071116064728,19.51253947965256,-20.60906466928852,0.0,0.0,0.0,0.2804585621843699,0.24518218814467557,0.019799404177459946,6.903192275703494,0.0,0.3165851093224947,3.9013906832158183,0.05703859930111624,0.8405484039821325,0.0,0.3165851093224947,46.327019576126,3.9013906832158183,0.05703859930111624,0.8405484039821325,Software—Infrastructure,Technology,PAYS
2012Q3,2012,Q3,2012-11-13,2012-09-30,112191.0,606120.0,114987.0,0.0028902387827584096,0.0,0.0,5762693.0,-734322.0,5352614000.0,6436843000.0,6436843.0,0.0,0.0,7763441.600000001,8349434.600000001,-0.01891743476243835,0.8315588868642594,0.1375051560095254,-1.0790906441588295,1.9798718964151658,-0.01891743476243835,-0.1527817496956376,12.808423414505379,17.299608703015394,-10.572257946786289,0.0,0.0,0.0,0.1051799913686188,9.366765664472476e-05,0.019468501966007905,91.08278993371269,0.0,-0.9277440304310397,7.890660895364871,-0.4684702792708549,0.0,0.0,-0.9242372469307546,-0.9223489465612564,7.890660895364871,-0.4684702792708549,0.0,Software—Infrastructure,Technology,PAYS
2012Q2,2012,Q2,2012-08-13,2012-06-30,1480820.0,2533297.0,1480817.0,0.04,0.0,0.0,8019288.0,-879313.0,7679008000.0,8841226000.0,8841226.0,0.0,0.0,2943188.24,3634416.24,-0.023900965301492234,0.8685456066839599,0.10130575183233224,-0.9239030925279167,-22.13048286581083,-0.023900965301492234,-1.6840647187065356,1.161801494258273,0.4968848745965073,-3.347145146267598,0.0,0.0,0.0,0.315900488921211,0.0002525074011228759,0.18465729127074623,133.53848638838477,0.0,17.4581180782825,22.788354289873634,2.7388494517799358,0.7291524194304049,0.0,18.384998036392197,18.38622766249918,22.788354289873634,2.7388494517799358,0.7291524194304049,Software—Infrastructure,Technology,PAYS
2012Q1,2012,Q1,2012-05-15,2012-03-31,76390.0,1468749.0,76385.0,0.0021670681610311783,0.0,0.0,7493276.0,-2891778.0,7185211000.0,10327676.0,10327676.0,0.0,0.0,3172535.19,5553553.1899999995,-0.08203534536680743,695.7238976125897,0.33141712650114585,-0.8587796158626284,-0.1870448457066737,-0.08203534536680743,-0.02641627400166956,2.160025429804548,10.382691419033906,-1.0970880855999319,0.0,0.0,0.0,0.1960089285380653,0.13624352661721767,0.010194473018209926,72.92346144121365,0.0,-0.3139773503744688,10.857009160075274,0.5932516625092253,0.9990879080713916,0.0,-0.31395265294392355,0.0,10.857009160075274,0.5932516625092253,0.9990879080713916,Software—Infrastructure,Technology,PAYS
2011Q4,2011,Q4,2012-04-02,2011-12-31,111348.0,1403545.0,0.0,0.0031588871915731688,0.0,0.0,7096823.0,-2968168.0,6832777.0,10007608.0,10007608.0,0.0,0.0,3524912.2,5949435.2,-0.08420544489023017,0.6827582575176806,0.3511289488268201,-0.8395414275741805,0.0,-0.08420544489023017,-0.03751404906999874,2.511435116081066,7.914179419477674,-1.1875716603642383,0.0,0.0,0.0,0.1977708898756528,0.13166952582475253,0.01568983755125357,212.80561458584884,0.0,2.505146850505241,3.0688415204216155,-0.21914636052448294,0.0683111929312879,0.0,2.505146850505241,-1.0,3.0688415204216155,-0.21914636052448294,0.0683111929312879,Software—Infrastructure,Technology,PAYS
2011Q3,2011,Q3,2011-11-14,2011-09-30,31767.0,262023.0,31764.0,0.000901213936619471,0.0,0.0,4707698.0,-3079516.0,4474570.0,7729828.0,7729828.0,0.0,0.0,2467438.54,4908525.54,-0.08736433208180334,0.5788705777153127,0.5293245233657724,-0.8091855992954737,-0.054055709851331485,-0.08736433208180334,-0.010315582058998882,9.416877678677062,19.4182527465609,-0.8012423185981175,0.0,0.0,0.0,0.055658413092768484,0.014421148827632388,0.0067478839976566046,-51.47360105140187,0.0,-0.46737925428227617,1.7722233721511544,-0.746962816819004,0.0,0.0,-0.4673719861842326,-0.46754727102051763,1.7722233721511544,-0.746962816819004,0.0,Software—Infrastructure,Technology,PAYS
2011Q2,2011,Q2,2011-08-15,2011-06-30,59642.0,649176.0,59656.0,0.0016920368646269229,0.0,0.0,3620502.0,-3110519.0,3415976.0,6673632.0,6731021.0,0.0,-3053130.0,3877350.5100000002,445179350.51,-0.08824507588817396,0.5118616069930138,148.59817782174957,-172.96148970638018,0.00011152958156602821,-0.08824507588817396,-0.01917429213581399,5.972726209841399,16.25260097749908,-1.2465284764375335,0.0,0.0,0.0,0.1793055217204686,21.308037362563592,0.016473406174060946,238.1811235333866,0.0,8.25789828111356,0.0,0.0,0.0,0.0,8.25830487426265,8.382824787669078,0.0,0.0,0.0,Software—Infrastructure,Technology,PAYS
2011Q1,2011,Q1,2011-05-13,2011-03-31,6442.0,921770.0,6358.0,0.00018276684548141318,0.0,0.0,3223147000.0,-3170193000.0,3097198000.0,6339487000.0,6339487000.0,0.0,0.0,3524709.3000000003,457605709.3,-89.94197053356996,0.4885565661701018,0.16691761188676782,-0.1697057560848819,-2.415476372743184e-06,-89.94197053356996,-2.0320529381018758e-06,3.8238490078870004,136.78629695746662,-0.001111827986497983,0.0,0.0,0.0,0.00028598447418004823,0.023071898404397707,1.9986677616627477e-06,84.51526915237982,0.0,-0.76458503126194,0.0,0.0,0.0,0.0,-0.7644951378226219,-0.9982510244765797,0.0,0.0,0.0,Software—Infrastructure,Technology,PAYS
2010Q4,2010,Q4,2010-12-31,2010-12-31,27354.0,1796660.0,3635271.0,0.0007763603413204069,0.0,0.0,6204413.0,-3184394.0,6096169000.0,9331319000.0,9331319.0,0.0,0.0,3699532.0949999997,6150667.095,-0.09037936728590538,0.653301960848193,0.4024393605003406,-0.7841052332092071,-5.287713056404856,-0.09037936728590538,-0.008590017441309085,2.0591164132334443,33.811618913138844,-1.161769584731035,0.0,0.0,0.0,0.28957775699328847,0.00018118038832452303,0.004408797415645928,-224.52704345451232,0.0,1.3881613410162386,0.0,0.0,0.0,0.0,1.3881613410162388,317.5481072555205,0.0,0.0,0.0,Software—Infrastructure,Technology,PAYS
2010Q3,2010,Q3,2010-09-30,2010-09-30,11454.0,1035057.0,11412.0,0.0003250870567187227,0.0,0.0,,,,,,,,12684110.04,,,0.0,0.0,0.0,0.0,,0.0,12.254503896886837,276.84891828182293,0.0,,0.0,,0.0,0.0,0.0,0.0,0.0,0.0,0.0,0.0,0.0,0.0,0.0,0.0,0.0,0.0,0.0,Software—Infrastructure,Technology,PAYS
