Quarters,Year,Quarter,FillingDate,Date,NetIncome,Revenue,OperatingIncome,EPSDiluted,GrossProfit,GrossProfitRatio,TotalAssets,CommonStockEquity,CurrentAssets,CurrentLiability,TotalLiability,Inventory,RetainedEarnings,MarketCap,EnterpriseValue,bookValuePerShare,currentRatio,debtToAssets,debtToEquity,roic,shareholdersEquityPerShare,roe,priceToSalesRatio,peRatio,pbRatio,payoutRatio,inventoryTurnover,dividendYield,assetTurnover,quickRatio,returnOnAssets,priceToFreeCashFlowsRatio,grossProfitMargin,epsdilutedGrowth,fiveYNetIncomeGrowthPerShare,fiveYRevenueGrowthPerShare,fiveYShareholdersEquityGrowthPerShare,grossProfitGrowth,netIncomeGrowth,operatingIncomeGrowth,threeYNetIncomeGrowthPerShare,threeYRevenueGrowthPerShare,threeYShareholdersEquityGrowthPerShare,Industry,Sector,Symbol
2023Q1,2023,Q1,2023-05-02,2023-03-31,417000000.0,3742000000.0,603000000.0,3.79,3742000000.0,1.0,166640000000.0,4144000000.0,17362000000.0,36172000000.0,162496000000.0,0.0,20197000000.0,33071350000.0,30651350000.0,38.40593141797961,0.4799845184120314,0.036773883821411425,1.4787644787644787,0.04921919041653617,38.40593141797961,0.10062741312741312,8.837880812399787,19.826948441247,7.980538127413128,0.3213429256594724,0.0,0.0040518454795464955,0.022455592894863177,0.6665652991263961,0.00250240038406145,32.58261083743842,1.0,-0.14446952595936788,-0.02732140683947917,0.628360174365805,-0.016834461132200138,0.03455902681780481,-0.15587044534412955,-0.1145374449339207,-0.7600703554735794,0.4486400531201017,-0.27468852065850546,Asset Management,Financial Services,AMP
2022Q4,2022,Q4,2023-02-23,2022-12-31,494000000.0,3617000000.0,681000000.0,4.43,3617000000.0,1.0,158468000000.0,3613000000.0,63707000000.0,201000000.0,154855000000.0,0.0,19531000000.0,33908193000.0,32196193000.0,33.17722681359045,316.9502487562189,0.03398162405028145,1.4904511486299474,0.06019935823426382,33.17722681359045,0.13672848048712982,9.374673209842411,17.160016700404856,9.385052034320509,0.2692307692307692,0.0,0.003922355874286784,0.02282479743544438,316.9502487562189,0.00311734861296918,29.206023255813953,1.0,-0.08847736625514416,2.784403553363876,0.580122124030012,-0.16476137898430177,0.036092810083070755,-0.09854014598540146,-0.07598371777476255,0.2638856660062237,0.38034811564567883,-0.25294776419040527,Asset Management,Financial Services,AMP
2022Q3,2022,Q3,2022-11-02,2022-09-30,548000000.0,3491000000.0,737000000.0,4.86,3491000000.0,1.0,153354000000.0,3257000000.0,60425000000.0,201000000.0,150097000000.0,0.0,19174000000.0,27840475000.0,25271475000.0,29.475113122171944,300.62189054726366,0.03536914589772683,1.6653361989560946,0.06766123479458343,29.475113122171944,0.1682529935523488,7.974928387281581,12.70094662408759,8.547889161805342,0.24635036496350365,0.0,0.004849055197513693,0.02276432306949933,300.62189054726366,0.0035734314070712207,20.93268796992481,1.0,-0.264750378214826,0.5084875363205384,0.6149991004651879,-0.28474348807417804,-0.004846066134549601,-0.2751322751322751,-0.3557692307692308,0.21196303425747684,0.2510770743115786,-0.3477826394343477,Asset Management,Financial Services,AMP
2022Q2,2022,Q2,2022-08-01,2022-06-30,756000000.0,3508000000.0,1144000000.0,6.61,3508000000.0,1.0,158497000000.0,4304000000.0,2494000000.0,200000000.0,154193000000.0,34289000000.0,18767000000.0,26691464000.0,24232464000.0,38.325912733748886,12.47,0.0321898837201966,1.1854089219330854,0.09592381674893566,38.325912733748886,0.17565055762081785,7.608741163055872,8.826542328042327,6.201548327137547,0.18121693121693122,0.0,0.005132727077091013,0.022132911033016397,291.175,0.0047698063685748,19.497051862673484,1.0,0.009160305343511527,1.656814829416843,0.6166085943467955,-0.04890414959928763,-0.04021887824897401,-0.006570302233902759,0.18795430944963656,0.862237473665921,0.2953865304857766,-0.13496571756828799,Asset Management,Financial Services,AMP
2022Q1,2022,Q1,2022-05-02,2022-03-31,761000000.0,3655000000.0,963000000.0,6.55,3655000000.0,1.0,167525000000.0,5010000000.0,18351000000.0,30396000000.0,162515000000.0,1044000000.0,18153000000.0,34150932000.0,32094932000.0,44.06332453825858,0.603730754046585,0.027971944485897626,0.9353293413173652,0.08157602126284248,44.06332453825858,0.15189620758483033,9.34362024623803,11.219097240473063,6.816553293413174,0.16951379763469118,0.0,0.0037773493268060737,0.021817639158334578,1.8188906435057244,0.004542605581256529,93.56419726027397,1.0,0.09899328859060401,1.6157709003057543,0.7392630446427846,0.11449712779439948,-0.027925531914893616,0.08559201141226819,0.0605726872246696,1.3518876011711922,0.4151172076906835,0.04672076774093627,Asset Management,Financial Services,AMP
2021Q4,2021,Q4,2022-02-25,2021-12-31,701000000.0,3760000000.0,908000000.0,5.96,3760000000.0,1.0,175979000000.0,5685000000.0,55520000000.0,200000000.0,170294000000.0,0.0,17525000000.0,34570236000.0,32518236000.0,49.60732984293194,277.6,0.02952625029122793,0.9139841688654353,0.06730131769354251,49.60732984293194,0.12330694810905893,9.19421170212766,12.328900142653353,6.080956200527705,0.181169757489301,0.0,0.003673680445803147,0.02136618573807102,277.6,0.003983429841060581,22.788553724456165,1.0,-0.3109826589595376,1.4528883071553227,0.7131144560791158,0.2646242382082459,0.2863496407800205,-0.3200775945683802,0.0,0.6058355755438777,0.4471891823669448,0.25616270092606813,Asset Management,Financial Services,AMP
2021Q3,2021,Q3,2021-11-09,2021-09-30,1031000000.0,2923000000.0,0.0,8.65,2923000000.0,1.0,170726000000.0,5707000000.0,0.0,200000000.0,165019000000.0,0.0,16955000000.0,30743568000.0,28133568000.0,49.029209621993125,0.0,0.03042301699799679,0.910110390748204,0.0,49.029209621993125,0.18065533555282987,10.517813205610674,7.454793404461688,5.3869928158401965,0.1251212415130941,0.0,0.0041959996315326835,0.017121000902030153,269.28,0.006038916158054426,37.86153694581281,1.0,0.7725409836065575,5.75633341325022,0.3682113459145345,0.18316515273791537,-0.15053763440860216,0.7445008460236887,0.0,1.5427572024895304,0.09352447158212407,0.2602025399458539,Asset Management,Financial Services,AMP
2021Q2,2021,Q2,2021-08-09,2021-06-30,591000000.0,3441000000.0,0.0,4.88,3441000000.0,1.0,171703000000.0,5686000000.0,0.0,200000000.0,166017000000.0,0.0,16057000000.0,29467392000.0,27842392000.0,48.023648648648646,0.0,0.032562040267205584,0.983292296869504,0.0,48.023648648648646,0.10393950052761168,8.563612903225806,12.465055837563451,5.182446711220542,0.2131979695431472,0.0,0.004275912846308218,0.020040418629843394,257.2,0.0034419899477586297,15.52549631190727,1.0,0.3631284916201117,1.5076971561113355,0.6989297499131641,0.14012978806144258,0.0,0.3524027459954233,0.0,0.5882217444717446,0.32841651119402987,0.25345815897573704,Asset Management,Financial Services,AMP
2021Q1,2021,Q1,2021-05-10,2021-03-26,437000000.0,0.0,0.0,3.58,0.0,1.0,170726000000.0,5502000000.0,18271000000.0,200000000.0,165019000000.0,0.0,16955000000.0,27863084000.0,23158084000.0,45.926544240400666,91.355,0.017753593477267668,0.5508905852417303,0.0,45.926544240400666,0.07942566339512905,0.0,15.939979405034325,5.064173754998183,0.2951945080091533,0.0,0.004629781828888718,0.0,78.955,0.0025596569942480936,-27.263291585127202,0.0,1.4689655172413794,0.7296730815094756,-1.0,0.11756965119035033,-1.0,1.4689265536723164,0.0,-0.081922452122786,-1.0,0.17568807601710604,Asset Management,Financial Services,AMP
2020Q4,2020,Q4,2021-02-24,2020-12-31,177000000.0,3189000000.0,0.0,1.45,3189000000.0,1.0,165883000000.0,5867000000.0,2558000000.0,1136000000.0,160016000000.0,0.0,15292000000.0,23280734000.0,21335734000.0,48.97328881469115,2.2517605633802815,0.029538891869570722,0.8351798193284472,0.0,48.97328881469115,0.030168740412476563,7.300324239573534,32.882392655367234,3.9680814726436,0.6892655367231638,0.0,0.005240384602994046,0.019224393096338985,44.86179577464789,0.0010670171144722485,-22.04614962121212,1.0,2.2719298245614037,-0.26913202676730114,0.5105976756462142,0.19837644515372824,0.058413541320942584,2.2642857142857142,0.0,0.23257916047925198,0.2663907394491765,0.2329054036376065,Asset Management,Financial Services,AMP
2020Q3,2020,Q3,2020-11-09,2020-09-30,-140000000.0,3013000000.0,0.0,-1.14,3013000000.0,1.0,158687000000.0,6067000000.0,2551000000.0,1970000000.0,152620000000.0,0.0,15241000000.0,18955530000.0,16174530000.0,49.32520325203252,1.2949238578680202,0.03079647356116128,0.8055051920224163,0.0,49.32520325203252,-0.023075655183781112,6.291247925655493,-33.849160714285716,3.124366243612988,-0.8928571428571429,0.0,0.00659438169230826,0.018987062582316132,25.89796954314721,-0.0008822398810236504,21.274444444444445,1.0,0.7354988399071927,-1.5172124265323257,0.5275031685678074,0.1663739240616945,0.10366300366300367,0.7402597402597403,0.0,-1.3462153905833292,0.252214516799361,0.19694783466470678,Asset Management,Financial Services,AMP
2020Q2,2020,Q2,2020-08-10,2020-06-30,-539000000.0,2730000000.0,0.0,-4.31,2730000000.0,1.0,110456000000.0,6500000000.0,2416000000.0,144129000000.0,148402000000.0,0.0,15510000000.0,18755000000.0,15525000000.0,52.0,0.01676276113759202,0.0404957630187586,0.6881538461538461,0.0,52.0,-0.08292307692307692,6.8699633699633695,-8.698979591836734,2.8853846153846154,-0.23747680890538034,0.0,0.0068248467075446555,0.024715723908162526,0.34302603917324065,-0.004879771130585935,-84.10313901345292,1.0,-1.2714105793450883,-2.9097484337349404,0.28044401913875605,0.21366349206349206,-0.09781890284203569,-1.2647347740667976,0.0,-2.7017587786259543,0.13025825825825815,0.290432,Asset Management,Financial Services,AMP
2020Q1,2020,Q1,2020-05-11,2020-03-31,2036000000.0,3026000000.0,0.0,15.88,3026000000.0,1.0,145682000000.0,6693000000.0,2848000000.0,135323000000.0,138989000000.0,0.0,16180000000.0,12953472000.0,7990472000.0,52.950949367088604,0.021045941931526792,0.026537252371603905,0.5776184072911997,0.0,52.950949367088604,0.30419841625578964,4.280724388631858,1.5905540275049117,1.9353760645450473,0.05992141453831041,0.0,0.009418324291742013,0.020771268928213505,0.35369449391456,0.01397564558421768,2.6631315789473686,1.0,3.4985835694051,6.635737752439849,0.45751582278481023,0.20375373606938457,-0.025128865979381444,3.3974082073434126,0.0,5.295151867324183,0.2952696885232358,0.3392925205261691,Asset Management,Financial Services,AMP
2019Q4,2019,Q4,2020-02-26,2019-12-31,463000000.0,3104000000.0,0.0,3.53,3104000000.0,1.0,120350000000.0,5729000000.0,2386000000.0,141431000000.0,146099000000.0,0.0,14279000000.0,21488820000.0,22530820000.0,44.41085271317829,0.01687041737667131,0.04045700041545492,0.8498865421539535,0.0,44.41085271317829,0.0808168964915343,6.922944587628866,11.603034557235421,3.7508849711991625,0.2678185745140389,0.0,0.005770442490560208,0.0257914416285833,0.31227948610983447,0.003847112588284171,-77.85804347826087,1.0,-0.1262376237623763,0.5868253533971728,0.46035294353304085,0.027178634269596363,-0.07370934049537452,-0.14732965009208104,0.0,0.43924806201550387,0.2563630490956072,0.1321520621732038,Asset Management,Financial Services,AMP
2019Q3,2019,Q3,2019-11-12,2019-09-30,543000000.0,3351000000.0,0.0,4.04,3351000000.0,1.0,110085000000.0,5997000000.0,2174000000.0,138806000000.0,143516000000.0,0.0,13944000000.0,19520170000.0,19039170000.0,45.19216277317257,0.015662147169430717,0.04461098242267339,0.8189094547273637,0.0,45.19216277317257,0.09054527263631816,5.8251775589376305,8.987186924493553,3.2549891612472903,0.23388581952117865,0.0,0.006506090879331482,0.030440114457010493,0.3148783193810066,0.004932552118817278,14.053398128149748,1.0,0.13165266106442583,0.854037033049844,0.5412254875185675,0.04117052974996843,0.02102376599634369,0.10365853658536585,0.0,2.121291249715217,0.3758809494601014,0.09057014343736045,Asset Management,Financial Services,AMP
2019Q2,2019,Q2,2019-08-05,2019-06-30,492000000.0,3282000000.0,0.0,3.57,3282000000.0,1.0,146049000000.0,6030000000.0,2377000000.0,137901000000.0,142648000000.0,0.0,13530000000.0,19836575000.0,20423575000.0,44.305657604702425,0.01723700335748109,0.03387904059596437,0.820563847429519,0.0,44.305657604702425,0.08159203980099503,6.044050883607556,10.079560467479673,3.2896475953565507,0.2621951219512195,0.0,0.006503138772696395,0.02247191011235955,0.30774251093175536,0.003368732411724832,21.01332097457627,1.0,0.26595744680851063,0.8625892411603611,0.5092197410392365,0.013016162841262186,0.04091341579448145,0.24556962025316456,0.0,0.8161272988474236,0.4096876747401117,0.05186093593897835,Asset Management,Financial Services,AMP
2019Q1,2019,Q1,2019-05-01,2019-03-31,395000000.0,3153000000.0,0.0,2.82,3153000000.0,1.0,143026000000.0,5843000000.0,2564000000.0,133490000000.0,138560000000.0,0.0,13172000000.0,18415984000.0,20339984000.0,42.096541786743515,0.019207431268259793,0.03685343923482444,0.9021050830053055,0.0,42.096541786743515,0.06760225911346911,5.840781477957501,11.655686075949369,3.1518028410063326,0.3139240506329114,0.0,0.0067332812626249025,0.022044942877518774,0.2964491722226384,0.002761735628487128,130.60981560283687,1.0,-0.25,0.39089517291066267,0.478856158250971,-0.013677622326419258,-0.017144638403990026,-0.26716141001855287,0.0,0.34941967254647366,0.4134122117895902,0.024370944930485063,Asset Management,Financial Services,AMP
2018Q4,2018,Q4,2019-02-27,2018-12-31,539000000.0,3208000000.0,0.0,3.76,3208000000.0,1.0,133470000000.0,5588000000.0,2910000000.0,127018000000.0,131628000000.0,0.0,12909000000.0,14768355000.0,16457355000.0,39.49116607773852,0.02291013872049631,0.035858245298568965,0.8564781675017895,0.0,39.49116607773852,0.09645669291338582,4.6036019326683295,6.849886363636364,2.6428695418754473,0.23376623376623376,0.0,0.008531755906463516,0.02403536375215404,0.31759278212536807,0.00403836068030269,10.23448024948025,1.0,0.09620991253644304,1.5518980995129406,0.5224294871718167,-0.0440553914531801,-0.032569360675512665,0.07157057654075547,0.0,0.8843206540566758,0.2865569958305705,-0.033651111358095884,Asset Management,Financial Services,AMP
2018Q3,2018,Q3,2018-11-05,2018-09-30,503000000.0,3316000000.0,0.0,3.43,3316000000.0,1.0,144625000000.0,5618000000.0,2493000000.0,135333000000.0,139573000000.0,0.0,12498000000.0,21491052000.0,23426052000.0,38.905817174515235,0.01842122763849172,0.030513396715643907,0.7855108579565682,0.0,38.905817174515235,0.08953364186543254,6.481016887816646,10.681437375745528,3.825391954432183,0.2524850894632207,0.0,0.005909436169062361,0.022928262748487468,0.29087510067758787,0.003477960242005186,42.982104,1.0,0.10645161290322583,0.8356133341068296,0.6386568484683041,-0.059250330663073135,0.03109452736318408,0.08874458874458875,0.0,0.5828757230475101,0.43197497445835925,-0.08000925176529709,Asset Management,Financial Services,AMP
2018Q2,2018,Q2,2018-08-06,2018-06-30,462000000.0,3216000000.0,0.0,3.1,3216000000.0,1.0,105442000000.0,5632000000.0,2591000000.0,133345000000.0,137636000000.0,0.0,12126000000.0,20562360000.0,22441360000.0,38.31292517006803,0.019430799805017062,0.04230761935471634,0.7920809659090909,0.0,38.31292517006803,0.08203125,6.393768656716418,11.126818181818182,3.650987215909091,0.28354978354978355,0.0,0.006370864044788633,0.03050018019385065,0.2922569275188421,0.004381555736803171,28.052332878581172,1.0,-0.2071611253196931,1.0061415220293726,0.6259376873709221,-0.05871482405912012,0.010050251256281407,-0.2222222222222222,0.0,0.39194492254733226,0.2826455749764021,-0.10578848936399957,Asset Management,Financial Services,AMP
2018Q1,2018,Q1,2018-05-02,2018-03-31,594000000.0,3184000000.0,0.0,3.91,3184000000.0,1.0,107437000000.0,5840000000.0,2818000000.0,133867000000.0,138922000000.0,0.0,11796000000.0,22117030000.0,25138030000.0,39.063545150501675,0.021050744395556785,0.0486052291110139,0.8941780821917809,0.0,39.063545150501675,0.10171232876712329,6.946303391959799,9.308514309764309,3.7871626712328763,0.2053872053872054,0.0,0.005516111340446705,0.029635972709587944,0.2868518753688362,0.005528821541926896,-91.77190871369295,1.0,2.313559322033899,1.471713672440473,0.6444728073447245,-0.09142379359770658,0.00315059861373661,2.281767955801105,0.0,0.8834997064004697,0.2966515837104074,-0.11195381799408644,Asset Management,Financial Services,AMP
2017Q4,2017,Q4,2018-02-23,2017-12-31,181000000.0,3174000000.0,0.0,1.18,3174000000.0,1.0,147470000000.0,5998000000.0,3147000000.0,136388000000.0,141472000000.0,0.0,11329000000.0,25589970000.0,28230970000.0,39.72185430463576,0.023073877467225855,0.03567505255306164,0.8771257085695232,0.0,39.72185430463576,0.03017672557519173,8.062372400756143,35.34526243093923,4.266417139046348,0.6795580110497238,0.0,0.004806570699379484,0.021523021631518275,0.2883831422119248,0.0012273682782938903,52.762824742268045,1.0,-0.6358024691358026,-0.3504349750591601,0.6508897464494033,-0.07904015756519815,0.060474440360841965,-0.6401590457256461,0.0,-0.470044409816907,0.2757212895939216,-0.08127321223029797,Asset Management,Financial Services,AMP
2017Q3,2017,Q3,2017-11-01,2017-09-30,503000000.0,2993000000.0,0.0,3.24,2993000000.0,1.0,143547000000.0,6305000000.0,3131000000.0,134012000000.0,139181000000.0,0.0,11271000000.0,22722030000.0,25547030000.0,41.209150326797385,0.02336357938095096,0.03712372951019527,0.8452022204599524,0.0,41.209150326797385,0.07977795400475812,7.59172402271968,11.293255467196818,3.6038112609040445,0.24652087475149106,0.0,0.005457258880478549,0.020850313834493234,0.2916231382264275,0.0035040788034581007,58.26161538461538,1.0,0.2960000000000001,3.085722921153047,0.696591235660595,-0.03243777216758356,-0.001334668001334668,0.27989821882951654,0.0,0.4895876128229069,0.19392752183191,-0.050593062083590594,Asset Management,Financial Services,AMP
2017Q2,2017,Q2,2017-08-02,2017-06-30,393000000.0,2997000000.0,0.0,2.5,2997000000.0,1.0,141072000000.0,6250000000.0,3072000000.0,131678000000.0,136894000000.0,0.0,10897000000.0,19742679000.0,22551679000.0,40.29658284977434,0.023329637448928447,0.03807984575252353,0.85952,0.0,40.29658284977434,0.06288,6.5874804804804805,12.55895610687023,3.1588286400000003,0.3231552162849873,0.0,0.006432764266693492,0.02124447090847227,0.29411898722641594,0.0027858115005103775,28.571170767004343,1.0,-0.007936507936507943,1.5190778117979722,0.6972713785186391,-0.007912002465855614,0.029543112332531776,-0.02481389578163772,0.0,0.3055420515313563,0.20933597094688364,-0.0786483726683062,Asset Management,Financial Services,AMP
2017Q1,2017,Q1,2017-05-03,2017-03-31,403000000.0,2911000000.0,0.0,2.52,2911000000.0,1.0,139139000000.0,6227000000.0,3403000000.0,129378000000.0,134630000000.0,0.0,10633000000.0,20424600000.0,23652600000.0,39.53650793650794,0.02630277172316777,0.03884604604029065,0.8679942187249077,0.0,39.53650793650794,0.06471816283924843,7.016351769151495,12.670347394540945,3.2800064236389916,0.2903225806451613,0.0,0.005728386357627567,0.02092152451864682,0.294725532934502,0.00289638419134822,-756.4666666666667,1.0,0.024390243902439046,1.3836039552432993,0.6333908514157347,-0.014081376415989662,-0.052408854166666664,0.0075,0.0,0.2505793650793649,0.20324226038511742,-0.0736592399823463,Asset Management,Financial Services,AMP
2016Q4,2016,Q4,2017-02-23,2016-12-31,400000000.0,3072000000.0,0.0,2.46,3072000000.0,1.0,139821000000.0,6292000000.0,3331000000.0,128293000000.0,133529000000.0,0.0,10351000000.0,17794776000.0,20695776000.0,39.22693266832918,0.025964004271472333,0.03852783201378906,0.8561665607120152,0.0,39.22693266832918,0.06357279084551812,5.7925703125,11.121735,2.828158931977114,0.295,0.0,0.006631159616732461,0.021970948569957304,0.30021123521938065,0.002860800595046524,74.1449,1.0,0.8923076923076922,1.2404463150424334,0.655867937611278,-0.13054297459666295,0.020598006644518274,0.8604651162790697,0.0,0.6706544449686596,0.28610407607800686,-0.050451568831826665,Asset Management,Financial Services,AMP
2016Q3,2016,Q3,2016-11-02,2016-09-30,215000000.0,3010000000.0,0.0,1.3,3010000000.0,1.0,141097000000.0,6796000000.0,2962000000.0,131183000000.0,136827000000.0,0.0,10098000000.0,16362280000.0,18825280000.0,41.4390243902439,0.022579145163626385,0.04104977426876546,0.8522660388463802,0.0,41.4390243902439,0.03163625662154208,5.43597342192691,19.025906976744185,2.407633902295468,0.5674418604651162,0.0,0.007456173589499752,0.021332841945611886,0.3008316626392139,0.0015237744246865631,49.58266666666667,1.0,-0.34010152284263956,0.14290181363352109,0.7792956137300681,-0.03977336141777344,0.045501910385550536,-0.3582089552238806,0.0,-0.3091638998850721,0.30967439326998747,0.002003076246978568,Asset Management,Financial Services,AMP
2016Q2,2016,Q2,2016-08-01,2016-06-30,335000000.0,2879000000.0,0.0,1.97,2879000000.0,1.0,137434000000.0,7089000000.0,2866000000.0,130394000000.0,135595000000.0,0.0,10007000000.0,15121754999.999998,17417755000.0,42.121212121212125,0.021979538935840606,0.03889867136225388,0.7541261108760051,0.0,42.121212121212125,0.04725631259698124,5.25243313650573,11.284891791044776,2.1331294964028773,0.3701492537313433,0.0,0.008200106402993568,0.020948236971928345,0.29447673972728805,0.0024375336525168444,21.119769553072622,1.0,-0.05741626794258368,0.5814436002899738,0.6010716027535566,-0.01964755633697603,0.037851478010093725,-0.07967032967032966,0.0,0.2705671336787334,0.27134301473416883,0.034848484848484865,Asset Management,Financial Services,AMP
2016Q1,2016,Q1,2016-05-05,2016-03-31,364000000.0,2774000000.0,0.0,2.09,2774000000.0,1.0,135264000000.0,7093000000.0,2900000000.0,127801000000.0,133157000000.0,0.0,9799000000.0,16226126000.0,18929126000.0,41.095017381228274,0.022691528235303324,0.040646439555240124,0.7751304102636402,0.0,41.095017381228274,0.05131820104328211,5.849360490266763,11.144317307692308,2.287625264345129,0.3159340659340659,0.0,0.007087335572273998,0.020508043529690087,0.2939726606208089,0.002691033830139579,27.362775716694774,1.0,0.04499999999999993,1.2016799449955042,0.5236155050510783,-0.020044889288500282,-0.10861182519280206,0.0196078431372549,0.0,0.31193856903201245,0.24096775038349455,-0.04417392608839594,Asset Management,Financial Services,AMP
2015Q4,2015,Q4,2016-02-25,2015-12-31,357000000.0,3112000000.0,0.0,2.0,3112000000.0,1.0,145342000000.0,7217000000.0,2949000000.0,127879000000.0,136937000000.0,0.0,9688000000.0,18793772000.0,26320772000.0,40.86636466591167,0.02306086222131859,0.07145904143330903,1.4391021199944576,0.0,40.86636466591167,0.049466537342386034,6.039129820051414,13.160904761904764,2.604097547457392,0.3277310924369748,0.0,0.00622546660670354,0.021411567200121093,0.2878189538548159,0.0024562755432015523,29.13763100775194,1.0,-0.07834101382488476,0.8164779161947905,0.6469653804149368,-0.0413074731987529,0.07569996543380574,-0.10075566750629723,0.0,0.09546503943380666,0.3840028489788065,-0.05250443559456893,Asset Management,Financial Services,AMP
2015Q3,2015,Q3,2015-11-02,2015-09-30,397000000.0,2893000000.0,0.0,2.17,2893000000.0,1.0,135531000000.0,7629000000.0,2703000000.0,126746000000.0,136499000000.0,0.0,9493000000.0,19687052000.0,27262052000.0,42.289356984478935,0.021326116800530193,0.08223210925913628,1.460872984663783,0.0,42.289356984478935,0.05203827500327697,6.80506463878327,12.397387909319898,2.5805547253899594,0.29974811083123426,0.0,0.00604458199226578,0.021345669994318642,0.30095624319505154,0.0029292191454353615,59.839063829787236,1.0,-0.02690582959641258,0.6332262285360697,0.6609088210557561,-0.014020745375573369,-0.07719298245614035,-0.043373493975903614,0.0,1.734930725555285,0.3908293076476549,-0.007075270103421354,Asset Management,Financial Services,AMP
2015Q2,2015,Q2,2015-08-03,2015-06-30,415000000.0,3135000000.0,0.0,2.23,3135000000.0,1.0,139421000000.0,7875000000.0,2491000000.0,130523000000.0,139810000000.0,0.0,9300000000.0,22962134000.0,30529134000.0,42.84548422198041,0.019084759007990927,0.07608609893774969,1.347047619047619,0.0,42.84548422198041,0.052698412698412696,7.324444657097288,13.832610843373496,2.91582653968254,0.29397590361445786,0.0,0.005313095028536981,0.022485852203039714,0.28910613455099865,0.0029765960651551775,39.52174526678141,1.0,0.07211538461538457,1.2761962179807662,0.7148532478464519,0.06562735095819063,0.024509803921568627,0.05597964376590331,0.0,1.2447264281218129,0.4981951287229107,0.05484107185042276,Asset Management,Financial Services,AMP
2015Q1,2015,Q1,2015-05-04,2015-03-31,393000000.0,3060000000.0,0.0,2.08,3060000000.0,1.0,142603000000.0,8195000000.0,2714000000.0,133408000000.0,142189000000.0,0.0,9031000000.0,24375492000.0,31273492000.0,43.98819108964037,0.020343607579755337,0.07044031331739165,1.2257474069554606,0.0,43.98819108964037,0.04795607077486272,7.965847058823529,15.50603816793893,2.974434655277608,0.272264631043257,0.0,0.004389654986246021,0.02145817409170915,0.2881161549532262,0.0027559027509940185,27.57408597285068,1.0,-0.06306306306306311,1.5708308877752193,0.8689666219827837,0.13495451485736124,-0.011627906976744186,-0.07529411764705882,0.0,0.9651210369314431,0.45156685524526474,0.09692987763853596,Asset Management,Financial Services,AMP
2014Q4,2014,Q4,2015-02-24,2014-12-31,425000000.0,3096000000.0,0.0,2.22,3096000000.0,1.0,147583000000.0,8124000000.0,2614000000.0,130757000000.0,139505000000.0,0.0,8703000000.0,24849775000.0,31950775000.0,43.23576370409793,0.01999128153750851,0.06863256608145925,1.2467996061053668,0.0,43.23576370409793,0.05231413096996553,8.02641311369509,14.617514705882352,3.0588103151157062,0.25176470588235295,0.0,0.004305873996847054,0.020978025924395086,0.2912425338605199,0.0028797354708875685,63.070494923857865,1.0,0.023041474654378002,1.4889799089649536,0.9022409563449235,0.21599128373004858,-0.007055805003207184,0.011904761904761904,0.0,1.0320812306604934,0.4245674651525712,-0.0416880458370104,Asset Management,Financial Services,AMP
2014Q3,2014,Q3,2014-11-03,2014-09-30,420000000.0,3118000000.0,0.0,2.17,3118000000.0,1.0,137438000000.0,8260000000.0,2382000000.0,129480000000.0,137853000000.0,0.0,8460000000.0,23479214000.0,29977214000.0,43.40514976353127,0.01839666357738647,0.07023530610166039,1.1686440677966101,0.0,43.40514976353127,0.05084745762711865,7.530216164207825,13.97572261904762,2.8425198547215493,0.2571428571428571,0.0,0.004599813264617802,0.02268659322749167,0.29584491813407476,0.003055923398186819,14.973988520408163,1.0,0.13612565445026178,1.1960063058328956,1.1736976703450692,0.24090089996966954,0.012666450146151347,0.12299465240641712,0.0,0.9240874732204213,0.5884106240227404,0.005785770004911188,Asset Management,Financial Services,AMP
2014Q2,2014,Q2,2014-08-04,2014-06-30,374000000.0,3079000000.0,0.0,1.91,3079000000.0,1.0,116218000000.0,8428000000.0,2344000000.0,131537000000.0,139483000000.0,0.0,8163000000.0,23124000000.0,29660000000.0,43.736377789309806,0.017820081041836137,0.08083945688275482,1.114736592311343,0.0,43.736377789309806,0.044375889890840056,7.510230594348815,15.457219251336898,2.7437114380635976,0.2967914438502674,0.0,0.004800207576543851,0.026493314288664405,0.29082311440887354,0.0032180901409420226,-256.93333333333334,1.0,-0.04975124378109447,3.5415672029060716,0.8923574065539224,0.1988405403900825,0.025308025308025308,-0.065,0.0,0.5419947837156538,0.4954819655512362,0.017944704899085857,Asset Management,Financial Services,AMP
2014Q1,2014,Q1,2014-05-05,2014-03-31,400000000.0,3003000000.0,0.0,2.01,3003000000.0,1.0,112823000000.0,8344000000.0,2391000000.0,128754000000.0,136519000000.0,0.0,7938000000.0,21518685000.0,27785685000.0,42.68030690537084,0.018570296845146557,0.08124229988566162,1.0985139022051773,0.0,42.68030690537084,0.04793863854266539,7.165729270729271,13.449178124999998,2.5789411553211887,0.25,0.0,0.0046471241156232366,0.02661691321804951,0.2958432359383009,0.0035453763860205808,51.9775,1.0,0.3767123287671232,2.4987212276214836,0.9864249273576947,0.4861892583120203,0.016931933626820182,0.35135135135135137,0.0,1.1360274219736606,0.45619081943579837,0.01775805301784697,Asset Management,Financial Services,AMP
2013Q4,2013,Q4,2014-02-27,2013-12-31,296000000.0,2953000000.0,0.0,1.46,2953000000.0,1.0,113948000000.0,8192000000.0,2360000000.0,127928000000.0,135344000000.0,0.0,7626000000.0,22814415000.0,28719415000.0,41.311144730206756,0.01844787693077356,0.07859725488819462,1.09326171875,0.0,41.311144730206756,0.0361328125,7.725843210294616,19.268931587837837,2.7849627685546876,0.34121621621621623,0.0,0.0044270256326975725,0.02591532979955769,0.2968153961603402,0.002597676132972935,103.23264705882353,1.0,-0.21505376344086027,1.8992534100832688,1.0561477527931515,0.48647903423842054,0.0467919177596597,-0.225130890052356,0.0,0.34128665081766446,0.391798339376528,-0.030873285396734795,Asset Management,Financial Services,AMP
2013Q3,2013,Q3,2013-11-05,2013-09-30,382000000.0,2821000000.0,0.0,1.86,2821000000.0,1.0,132077000000.0,8325000000.0,2259000000.0,123694000000.0,131039000000.0,0.0,7442000000.0,18334404000.0,23558404000.0,41.35618479880775,0.018262809837178845,0.06578738160315574,1.0437237237237238,0.0,41.35618479880775,0.04588588588588589,6.4992570010634525,11.998955497382198,2.2023308108108104,0.2696335078534031,0.0,0.0056178537355236645,0.021358752848717036,0.30763011948841495,0.00289225224679543,15.683835757057315,1.0,0.20779220779220783,6.939692001987084,0.9023838851677232,0.3489861678455827,0.023213638012332245,0.19003115264797507,0.0,0.40835441721831345,0.4514203317382248,-0.035777718800400114,Asset Management,Financial Services,AMP
2013Q2,2013,Q2,2013-07-31,2013-06-30,321000000.0,2757000000.0,0.0,1.54,2757000000.0,1.0,129976000000.0,8340000000.0,2241000000.0,121269000000.0,128276000000.0,0.0,7130000000.0,16687056000.0,21460056000.0,40.702781844802345,0.018479578457808673,0.06270388379393119,0.9772182254196643,0.0,40.702781844802345,0.038489208633093526,6.052613710554951,12.99614953271028,2.0008460431654673,0.32710280373831774,0.0,0.0062923022491205155,0.021211608296916352,0.3137322811270811,0.0024696867113928726,47.81391404011461,1.0,-0.025316455696202552,0.6650909851495502,-0.10431470429880976,0.24211934751980918,0.021489440533530937,-0.041791044776119404,0.0,0.5793201693640933,0.35278796178268534,0.012335334318717046,Asset Management,Financial Services,AMP
2013Q1,2013,Q1,2013-05-01,2013-03-31,335000000.0,2699000000.0,0.0,1.58,2699000000.0,1.0,130448000000.0,8960000000.0,2262000000.0,120799000000.0,127679000000.0,0.0,6978000000.0,15186108000.0,20182108000.0,42.994241842610364,0.01872532057384581,0.06161075677664663,0.8969866071428572,0.0,42.994241842610364,0.037388392857142856,5.626568358651352,11.332916417910448,1.694878125,0.2746268656716418,0.0,0.006058168426037796,0.020690236722678768,0.31848773582562767,0.0025680731019256716,-31.637725,1.0,-0.12707182320441987,0.9222498015294792,0.41803504949365394,0.2953284311901079,0.005588673621460507,-0.13881748071979436,0.0,0.9590291854270185,0.473662878140775,0.10930928695615183,Asset Management,Financial Services,AMP
2012Q4,2012,Q4,2013-02-27,2012-12-31,389000000.0,2684000000.0,0.0,1.81,2684000000.0,1.0,133990000000.0,9092000000.0,2538000000.0,118253000000.0,125017000000.0,0.0,6717000000.0,13202404000.0,18137404000.0,43.13092979127135,0.02146245761206904,0.058847675199641764,0.8672459304883414,0.0,43.13092979127135,0.042784865816102066,4.918928464977645,8.484835475578405,1.4520901891772988,0.2390745501285347,0.0,0.007044171652374824,0.020031345622807673,0.3275773130491404,0.002903201731472498,21.022936305732483,1.0,1.2911392405063291,0.6528556014436135,0.31766700570635614,0.26134498903026576,0.0826946349334409,1.2485549132947977,0.0,1.030664777139929,0.46995236427261633,0.2130428652608184,Asset Management,Financial Services,AMP
2012Q3,2012,Q3,2012-11-05,2012-09-30,173000000.0,2479000000.0,0.0,0.79,2479000000.0,1.0,96056000000.0,9157000000.0,2060000000.0,121773000000.0,128743000000.0,0.0,6477000000.0,12186200000.0,16388200000.0,42.59069767441861,0.01691672209767354,0.08467977013408845,0.88828218848968,0.0,42.59069767441861,0.018892650431363983,4.915772488906817,17.610115606936414,1.3308070328710275,0.42196531791907516,0.0,0.005990382563883737,0.02580786208045307,0.4336347137707045,0.001801032730906971,32.84690026954178,1.0,-0.202020202020202,-0.04335917312661493,0.23261432524343614,0.2923240825674323,-0.017828843106180665,-0.2242152466367713,0.0,-0.1993720930232557,0.5296775193798449,0.21761669669268358,Asset Management,Financial Services,AMP
2012Q2,2012,Q2,2012-08-08,2012-06-30,223000000.0,2524000000.0,0.0,0.99,2524000000.0,1.0,92887000000.0,9005000000.0,1763000000.0,118649000000.0,125657000000.0,0.0,6384000000.0,11586042000.0,16428042000.0,40.61795218764096,0.014858953720638186,0.08735345096730436,0.9010549694614103,0.0,40.61795218764096,0.024764019988895058,4.590349445324881,12.988836322869956,1.2866232093281509,0.3452914798206278,0.0,0.0066459279191288965,0.02717280136079322,0.4414112213335131,0.002400766522764219,45.43545882352941,1.0,-0.06603773584905666,0.21832684359264667,0.23865290582272555,0.268776559124469,-0.01866251944012442,-0.0860655737704918,0.0,1.3537212449255749,0.3483382272260962,0.1133626105194309,Asset Management,Financial Services,AMP
2012Q1,2012,Q1,2012-05-10,2012-03-31,244000000.0,2572000000.0,0.0,1.06,2572000000.0,1.0,97216000000.0,9115000000.0,1875000000.0,120030000000.0,127008000000.0,0.0,6285000000.0,12985649000.0,12996649000.0,40.101187857457106,0.01562109472631842,0.029676184990125084,0.3165112452002194,0.0,40.101187857457106,0.026769061985737794,5.048852643856921,13.304968237704918,1.424646077893582,0.2540983606557377,0.0,0.004774501451563953,0.026456550362080316,0.43579938348746144,0.002509874917709019,113.90920175438596,1.0,-0.027522935779816536,0.565966750656588,0.32022633289821983,0.24852618254946662,-0.021681247622670218,-0.03557312252964427,0.0,0.8356357237131546,0.46330586926427464,0.3963806486078813,Asset Management,Financial Services,AMP
2011Q4,2011,Q4,2012-02-24,2011-12-31,253000000.0,2629000000.0,0.0,1.09,2629000000.0,1.0,132106000000.0,10255000000.0,1793000000.0,115748000000.0,123025000000.0,0.0,7411000000.0,11283172000.0,16107172000.0,45.11658600967884,0.015490548432802294,0.06112515707083706,0.787420770355924,0.0,45.11658600967884,0.024670892247684057,4.291811335108406,11.149379446640316,1.100260555826426,0.2134387351778656,0.0,0.0047858882236307305,0.019900685812907815,0.07662335418322563,0.0019151287602379907,18.024236421725238,1.0,-0.02678571428571431,0.5667549133870018,0.28828655323045643,0.3702917668807188,0.07087576374745418,-0.07326007326007326,0.0,1.6705546553925725,0.596999341445486,0.6234083959131768,Asset Management,Financial Services,AMP
2011Q3,2011,Q3,2011-11-07,2011-09-30,273000000.0,2455000000.0,0.0,1.12,2455000000.0,1.0,91761000000.0,10271000000.0,2664000000.0,111711000000.0,119393000000.0,0.0,7222000000.0,9367680000.0,14711680000.0,43.15546218487395,0.023847248704245778,0.09194537984546812,0.8214390030182066,0.0,43.15546218487395,0.026579690390419627,3.815755600814664,8.57846153846154,0.9120514068737222,0.20146520146520147,0.0,0.00587125093940015,0.02675428558973856,0.4673398322457054,0.002975120149082944,12.779918144611187,1.0,-0.10399999999999991,0.6118154158215009,0.2756946481172135,0.3609584037407042,-0.06404879908501715,-0.11650485436893204,0.0,4.590294117647058,0.40027516582841327,0.4076763085761325,Asset Management,Financial Services,AMP
2011Q2,2011,Q2,2011-08-09,2011-06-30,309000000.0,2623000000.0,0.0,1.25,2623000000.0,1.0,97166000000.0,10548000000.0,2528000000.0,116168000000.0,123910000000.0,0.0,7123000000.0,14160440000.0,19692440000.0,42.96537678207739,0.021761586667584876,0.08788053434328881,0.8095373530527115,0.0,42.96537678207739,0.029294653014789535,5.398566526877621,11.456666666666667,1.3424762988244217,0.18446601941747573,0.0,0.00402529864891204,0.02699503941708005,0.4450881481991598,0.0031801247349896055,23.561464226289516,1.0,0.3297872340425533,1.198630671231096,0.28180587149301156,0.4626637596994695,-0.011680482290881688,0.2821576763485477,0.0,0.33777131219086404,-0.28877431706900775,0.31116654330867854,Asset Management,Financial Services,AMP
2011Q1,2011,Q1,2011-05-02,2011-03-31,241000000.0,2654000000.0,0.0,0.94,2654000000.0,1.0,96375000000.0,10551000000.0,2460000000.0,114968000000.0,122643000000.0,0.0,6915000000.0,15367728000.0,20508728000.0,41.93561208267091,0.021397258367545753,0.08826977950713359,0.8062742867974599,0.0,41.93561208267091,0.022841436830632167,5.790402411454409,15.941626556016598,1.4565186238271253,0.1908713692946058,0.0,0.0029932856698140415,0.027538261997405965,0.450342704056781,0.0025006485084306095,-480.2415,1.0,-0.1376146788990827,0.6666931637519873,0.3655125411833225,0.4412688909491717,-0.01411589895988113,-0.1392857142857143,0.0,0.14543154179741793,0.15497365280231445,0.2634340851710903,Asset Management,Financial Services,AMP
2010Q4,2010,Q4,2011-02-28,2010-12-31,280000000.0,2692000000.0,0.0,1.09,2692000000.0,1.0,131192000000.0,10725000000.0,2861000000.0,112637000000.0,119907000000.0,0.0,6748000000.0,14479580000.0,19395580000.0,42.62718600953895,0.025400179337162744,0.06287730959204829,0.7691375291375291,0.0,42.62718600953895,0.026107226107226107,5.378744427934621,12.928196428571429,1.3500773892773892,0.7714285714285715,0.0,0.014917559763473804,0.0205195438746265,0.45213384589433314,0.0021342764802731876,188.0464935064935,1.0,-0.17424242424242423,1.5295406694452798,0.44434974111114234,0.3990944490967448,0.09208924949290061,-0.18604651162790697,0.0,-0.003210823280027521,0.10728186007377895,0.2466132246579637,Asset Management,Financial Services,AMP
2010Q3,2010,Q3,2010-11-05,2010-09-30,344000000.0,2465000000.0,0.0,1.32,2465000000.0,1.0,91064000000.0,10950000000.0,3685000000.0,109886000000.0,117540000000.0,0.0,6545000000.0,12083349000.0,17055349000.0,42.890716803760284,0.033534754199807074,0.09949046824211544,0.8273972602739726,0.0,42.890716803760284,0.031415525114155254,4.9019671399594325,8.781503633720929,1.1035021917808219,0.13662790697674418,0.0,0.0038896501292812117,0.0270688746376175,0.1313361119705877,0.0037775630325924624,21.386458407079648,1.0,0.3469387755102042,1.6517508813160986,0.2681290125056228,0.3637218991501912,-0.050827878321139774,0.3281853281853282,0.0,0.6019497758628194,0.032179555458787756,0.3014275245688542,Asset Management,Financial Services,AMP
2010Q2,2010,Q2,2010-08-04,2010-06-30,259000000.0,2597000000.0,0.0,0.98,2597000000.0,1.0,84584000000.0,10498000000.0,3827000000.0,102618000000.0,109991000000.0,0.0,6278000000.0,9433543000.0,13500543000.0,40.206817311374955,0.03729365218577638,0.10006620637472809,0.8062488092970089,0.0,40.206817311374955,0.024671365974471327,3.632477088948787,9.105736486486487,0.8986038293008192,0.1776061776061776,0.0,0.0048762167088229735,0.030703206280147544,0.1445360463076653,0.0030620448311737443,8.188839409722222,1.0,0.20987654320987645,0.5871313672922251,0.2682274616291172,0.42589599502659636,0.1330715532286213,0.2102803738317757,0.0,0.20148273786726478,0.08215892643441478,0.2559340039105809,Asset Management,Financial Services,AMP
2010Q1,2010,Q1,2010-05-04,2010-03-31,214000000.0,2292000000.0,0.0,0.81,2292000000.0,1.0,86612000000.0,10108000000.0,4816000000.0,104155000000.0,111677000000.0,0.0,5959000000.0,11829888000.0,14514888000.0,38.75766871165644,0.04623877874321924,0.09368216875259779,0.8027305104867432,0.0,38.75766871165644,0.021171349426197073,5.16138219895288,13.81996261682243,1.170349030470914,0.2102803738317757,0.0,0.0038039244327587886,0.02646284579503995,0.1500264029571312,0.0024707892670761556,107.54443636363636,1.0,-0.08988764044943816,0.11200509571222639,0.147714166642437,0.4828605122633135,0.014608233731739707,-0.0970464135021097,0.0,0.1970115263060049,0.02537774817185052,0.2066965281199983,Asset Management,Financial Services,AMP
2009Q4,2009,Q4,2010-02-24,2009-12-31,237000000.0,2259000000.0,0.0,0.89,2259000000.0,1.0,113774000000.0,9273000000.0,3097000000.0,102252000000.0,103898000000.0,0.0,5282000000.0,10124256000.0,9276256000.0,35.55598159509202,0.030287916128779877,0.01976725789723487,0.24253208238973364,0.0,35.55598159509202,0.025558071821417016,4.481742363877822,10.679594936708861,1.0917994176641865,0.1940928270042194,0.0,0.004543543742868612,0.019855151440575175,0.07366115088213433,0.0020830769771652572,-29.176530259365993,1.0,-0.10999999999999999,-0.04098681634251405,0.04227502879952857,0.31570925627914376,0.15846153846153846,-0.08846153846153847,0.0,0.279147831234528,-0.03521627825109361,0.07991479746859924,Asset Management,Financial Services,AMP
2009Q3,2009,Q3,2009-11-03,2009-09-30,260000000.0,1950000000.0,0.0,1.0,1950000000.0,1.0,111201000000.0,9049000000.0,3580000000.0,100076000000.0,101807000000.0,0.0,5091000000.0,9398571000.0,7894571000.0,34.97873985311171,0.03577281266237659,0.018668896862438288,0.22941761520610013,0.0,34.97873985311171,0.028732456625041442,4.81978,9.0370875,1.0386308984418167,0.16923076923076924,0.0,0.004681562760977175,0.017535813526856774,0.07821055997441945,0.00233810847024757,15.612244186046512,1.0,1.684614207515309,0.24239286886694766,0.0831024280279905,0.0,0.038891848694725624,1.736842105263158,0.0,0.4122335817016114,-0.06779725638816238,0.10309582020970118,Asset Management,Financial Services,AMP
2009Q2,2009,Q2,2009-08-05,2009-06-30,95000000.0,1877000000.0,0.0,0.372493,1877000000.0,1.0,103214000000.0,8110000000.0,4469000000.0,92669000000.0,94840000000.0,0.0,4875000000.0,5395221000.0,3361221000.0,36.48223121907333,0.04822540439629218,0.023591760807642373,0.3002466091245376,0.0,36.48223121907333,0.011713933415536375,2.874385189131593,14.19795,0.6652553637484586,0.3894736842105263,0.0,0.006857921112036003,0.018185517468560466,0.0921127885269076,0.000920417772782762,-5.305035398230088,1.0,-0.35777068965517234,-0.3162393162393163,0.07660622124158868,0.29380714176035816,0.09191390343222804,-0.2692307692307692,0.0,-0.25350063647935994,0.01297860410327413,0.24195902546755502,Asset Management,Financial Services,AMP
2009Q1,2009,Q1,2009-05-06,2009-03-31,130000000.0,1719000000.0,0.0,0.58,1719000000.0,1.0,94581000000.0,6384000000.0,5796000000.0,86275000000.0,87944000000.0,0.0,4817000000.0,4554927000.0,680927000.0,28.71794871794872,0.06718052738336713,0.020321206161914126,0.30106516290726815,0.0,28.71794871794872,0.020363408521303257,2.6497539267015706,8.759475,0.7134910714285714,0.2846153846153846,0.0,0.008123072005325223,0.018174897706727568,0.10866415531729934,0.0013744832471638067,-7.866886010362694,1.0,1.351300113264002,-0.20749049308151987,0.009864556883763661,0.09874286980118518,0.06770186335403727,1.3523035230352303,0.0,0.017543859649122813,0.0010178582185819175,-0.013003887544140917,Asset Management,Financial Services,AMP
2008Q4,2008,Q4,2009-03-02,2008-12-31,-369000000.0,1610000000.0,0.0,-1.65101,1610000000.0,1.0,95676000000.0,6178000000.0,6228000000.0,87372000000.0,89498000000.0,0.0,4592000000.0,5192928000.0,991928000.0,27.79127305443095,0.07128141738772147,0.021186086374848447,0.32809970864357396,0.0,27.79127305443095,-0.05972806733570735,3.2254211180124224,-3.5182439024390244,0.8405516348332793,-0.10298102981029811,0.0,0.007317644303945674,0.016827626573017267,0.11576935402646156,-0.003856766587231908,3.026181818181818,1.0,-4.15940625,-2.751744336290809,-0.1285146268674959,0.02838491756175403,-0.0024783147459727386,-4.271428571428571,0.0,-4.772951088740562,-0.022325332201145298,-0.08784464789476673,Asset Management,Financial Services,AMP
2008Q3,2008,Q3,2008-11-05,2008-09-30,-70000000.0,1614000000.0,0.0,-0.32,1614000000.0,1.0,99150000000.0,6717000000.0,4043000000.0,90353000000.0,92433000000.0,0.0,5004000000.0,8369620000.000001,6406620000.000001,30.657234139662254,0.04474671565969032,0.02097831568330812,0.3096620515110913,0.0,30.657234139662254,-0.010421319041238648,5.185638166047089,-29.891500000000004,1.2460354324847402,-0.5285714285714286,0.0,0.004420750284959174,0.01627836611195159,0.08814317178178921,-0.0007060010085728693,204.13707317073172,1.0,-1.3440860215053763,-1.394945975885819,0.05850399041106997,0.0,-0.5186400238592306,-1.3333333333333333,0.0,-1.6287539936102238,-0.032483271978776505,-0.02524497888627193,Asset Management,Financial Services,AMP
2008Q2,2008,Q2,2008-08-04,2008-06-30,210000000.0,3353000000.0,0.0,0.93,3353000000.0,1.0,104267000000.0,7314000000.0,3373000000.0,94935000000.0,96953000000.0,0.0,5111000000.0,9077544000.0,7722544000.0,32.76881720430107,0.03552957286564491,0.019354158074942215,0.2759092152037189,0.0,32.76881720430107,0.02871205906480722,2.7072901878914406,10.8066,1.241118949958983,0.1619047619047619,0.0,0.003745506493826964,0.03215782558239903,0.07359772475904566,0.0020140600573527578,-394.67582608695653,1.0,0.13414634146341475,0.5053763440860216,0.9154527277920594,0.1621144954478286,0.6073825503355704,0.09947643979057591,0.0,0.5053763440860216,0.9154527277920594,0.1621144954478286,Asset Management,Financial Services,AMP
2008Q1,2008,Q1,2008-05-06,2008-03-31,191000000.0,2086000000.0,0.0,0.82,2086000000.0,1.0,104902000000.0,7581000000.0,3904000000.0,95303000000.0,97321000000.0,0.0,4938000000.0,11842540000.0,9956540000.0,33.19176882661996,0.04096408297745087,0.019237002154391718,0.26619179527766784,0.0,33.19176882661996,0.025194565360770346,5.677152444870566,15.500706806282723,1.5621342830761114,0.17801047120418848,0.0,0.0028710057133013696,0.01988522621113039,0.07706997681080344,0.0018207469828983242,82.81496503496504,1.0,-0.25454545454545463,0.1332816552304939,0.19273762852418405,0.2699103161064102,-0.054825555052106935,-0.25098039215686274,0.0,0.1332816552304939,0.19273762852418405,0.2699103161064102,Asset Management,Financial Services,AMP
2007Q4,2007,Q4,2008-02-29,2007-12-31,255000000.0,2207000000.0,0.0,1.1,2207000000.0,1.0,109230000000.0,7810000000.0,1302000000.0,99402000000.0,101420000000.0,0.0,4811000000.0,12587124000.0,10769124000.0,34.19439579684764,0.013098328001448663,0.018474777991394305,0.2583866837387964,0.0,34.19439579684764,0.03265044814340589,5.703273221567739,12.340317647058823,1.6116676056338028,0.13725490196078433,0.0,0.0027806193058875087,0.020205071866703287,0.07320778253958674,0.0023345234825597363,299.69342857142857,1.0,0.32530120481927727,0.17822409360211644,0.1627327968076979,0.26532529955509015,0.002270663033605813,0.2878787878787879,0.0,0.17822409360211644,0.1627327968076979,0.26532529955509015,Asset Management,Financial Services,AMP
2007Q3,2007,Q3,2007-11-07,2007-09-30,198000000.0,2202000000.0,0.0,0.83,2202000000.0,1.0,109854000000.0,7758000000.0,3972000000.0,100197000000.0,102096000000.0,0.0,4591000000.0,15091494000.0,13316494000.0,32.956669498725574,0.039641905446270845,0.019999271760700568,0.28319154421242587,0.0,32.956669498725574,0.025522041763341066,6.853539509536785,19.054916666666667,1.9452815158546017,0.17676767676767677,0.0,0.0023191872189724885,0.02004478671691518,0.07037136840424364,0.00180239226609864,22.72815361445783,1.0,0.024691358024691242,0.03977833090687076,0.34413287385162666,0.0,0.00916590284142988,0.01020408163265306,0.0,0.03977833090687076,0.34413287385162666,0.0,Asset Management,Financial Services,AMP
2007Q2,2007,Q2,2007-08-06,2007-06-30,196000000.0,2182000000.0,0.0,0.81,2182000000.0,1.0,108132000000.0,7600000000.0,3303000000.0,98686000000.0,100532000000.0,0.0,4428000000.0,15091518000.0,13985518000.0,32.01347935973041,0.03346979308108546,0.020317759775089705,0.28907894736842105,0.0,32.01347935973041,0.025789473684210525,6.91636938588451,19.24938520408163,1.985726052631579,0.1836734693877551,0.0,0.0023854459173689485,0.020179040432064515,0.06596680380195773,0.001812599415529168,-520.3971724137931,1.0,0.19117647058823528,0.32097725358045504,0.17194196771797296,0.13532716734064656,0.057682985942801746,0.18787878787878787,0.0,0.32097725358045504,0.17194196771797296,0.13532716734064656,Asset Management,Financial Services,AMP
2007Q1,2007,Q1,2007-05-09,2007-03-31,165000000.0,2063000000.0,0.0,0.68,2063000000.0,1.0,105160000000.0,7731000000.0,2413000000.0,95204000000.0,97429000000.0,0.0,4268000000.0,13753598000.0,13565598000.0,32.11882010801828,0.025345573715390108,0.02115823507036896,0.28780235415858235,0.0,32.11882010801828,0.021342646488164533,6.666794958797867,20.83878484848485,1.779019273056526,0.16363636363636364,0.0,0.001963122667973864,0.019617725370863447,0.05708793748161842,0.0015690376569037657,-99.66375362318841,1.0,-0.02857142857142844,-0.07101554891130382,0.11930863400215239,0.22885951662890044,-0.04534937528921795,-0.03508771929824561,0.0,-0.07101554891130382,0.11930863400215239,0.22885951662890044,Asset Management,Financial Services,AMP
