Quarters,Year,Quarter,FillingDate,Date,NetIncome,Revenue,OperatingIncome,EPSDiluted,GrossProfit,GrossProfitRatio,TotalAssets,CommonStockEquity,CurrentAssets,CurrentLiability,TotalLiability,Inventory,RetainedEarnings,MarketCap,EnterpriseValue,bookValuePerShare,currentRatio,debtToAssets,debtToEquity,roic,shareholdersEquityPerShare,roe,priceToSalesRatio,peRatio,pbRatio,payoutRatio,inventoryTurnover,dividendYield,assetTurnover,quickRatio,returnOnAssets,priceToFreeCashFlowsRatio,grossProfitMargin,epsdilutedGrowth,fiveYNetIncomeGrowthPerShare,fiveYRevenueGrowthPerShare,fiveYShareholdersEquityGrowthPerShare,grossProfitGrowth,netIncomeGrowth,operatingIncomeGrowth,threeYNetIncomeGrowthPerShare,threeYRevenueGrowthPerShare,threeYShareholdersEquityGrowthPerShare,Industry,Sector,Symbol
2023Q1,2023,Q1,2023-03-01,2023-03-31,64404000.0,185498000.0,12565000.0,0.28,32158000.0,0.1733603597,4496150000.0,3051139000.0,567342000.0,330672000.0,1285069000.0,88264000.0,1887623000.0,2077612572.06,1904119572.06,12.012979395505516,1.7157243431557556,0.0,0.0,0.004293797711516899,12.012979395505516,0.021108182878590585,11.200188530658012,8.064765278787032,0.680930161510177,0.0,1.7372881355932204,0.0,0.041257075497926,1.3803315672327865,0.01432425519611223,73.62459945639462,0.17336035968042782,0.03703703703703707,1.2663100851572946,-0.4147183360783497,0.059522226207934036,-0.049957162693137165,-0.04520184424710539,-0.767813585630867,1.7521898577468404,0.620041571326265,0.13203421845150257,Other Precious Metals & Mining,Basic Materials,BVN
2022Q4,2022,Q4,2022-12-31,2022-12-31,67453000.0,246362000.0,54116000.0,0.27,33849000.0,0.1373953775,4503227000.0,3008850000.0,620380000.0,379597000.0,1340286000.0,88345000.0,1841761000.0,1892202159.15,2341747159.15,11.846478660646655,1.634312178441874,0.15621308896931024,0.2337979626767702,0.01110894323547119,11.846478660646655,0.022418199644382405,7.680576384142035,7.01303929828918,0.6288788604117852,0.0,2.405489840964401,0.0,0.05470787948286862,1.3273629665144877,0.01497881408154641,-66.96164481385803,0.13739537753387293,4.04054054054054,4.977756114852889,-0.335288562717535,0.05646450520130191,4.33643386410216,3.9913965142578385,3.7028268904205373,2.22635128992964,0.04616756550171981,0.08563092769965393,Other Precious Metals & Mining,Basic Materials,BVN
2022Q3,2022,Q3,2022-09-30,2022-09-30,-22549000.0,195416000.0,-20022000.0,-0.0888,6343000.0,0.0324589593,4429918000.0,2961631000.0,590824000.0,327412000.0,1310767000.0,93253000.0,8869000.0,1709331614.91,1421365614.91,11.660567473356801,1.804527628797967,0.0,0.0,-0.003924358465382317,11.660567473356801,-0.007613710148225758,8.74714258254186,-18.95130177513415,0.5771588745897109,0.0,2.0275272645384064,0.0,0.04411278041715445,1.4207420619891757,-0.005090161939792113,-28.60949696068422,0.03245895934826217,0.556,-5.223847640077285,-0.4700669277245658,0.03706262509682092,1.1595883862527048,0.5539709227573929,0.7154915167533464,-8.867759944173063,-0.15107019822669,0.04574780990582862,Other Precious Metals & Mining,Basic Materials,BVN
2022Q2,2022,Q2,2022-06-30,2022-06-30,-50555000.0,150105000.0,-70374000.0,-0.2,-39746000.0,-0.2647879817,4448299000.0,2977972000.0,617251000.0,317426000.0,1312349000.0,90782000.0,1835306000.0,1676313322.1999998,1349997322.1999998,11.724905445603216,1.944550855947528,0.0,0.0,-0.01435047519908502,11.724905445603216,-0.01697631811178883,11.167604824622762,-8.28955257739096,0.5629043262327517,-0.36676886559192956,2.0912846158930183,0.011061177975764943,0.033744359360735415,1.5332833479299113,-0.011365018403663963,-20.69599271824882,-0.26478798174611107,-1.3076923076923077,-29.54682779456193,-0.4153195964632104,0.0365706106843657,-1.7262859753312014,-1.3040024534269805,-1.911202610316967,-6.211855670103093,-0.30553563580004167,0.05313054662515873,Other Precious Metals & Mining,Basic Materials,BVN
2022Q1,2022,Q1,2022-03-31,2022-03-31,166298000.0,232919000.0,77232000.0,0.65,54725000.0,0.2349529235,4534454000.0,2999819000.0,712162000.0,459221000.0,1377953000.0,98172000.0,1875208000.0,2557647750.69,2220237750.69,11.810921704073778,1.5508045146019018,0.0,0.0,0.022130391314074897,11.810921704073778,0.05543601130601546,10.980846348687741,3.844976714527535,0.8526006904716585,0.0,1.8151204009289819,0.0,0.05136649307722606,1.2971815313324087,0.03667431624623384,17.46609588342951,0.23495292354852976,1.0967741935483872,1.3522971596695712,-0.16295074426260148,0.041871522543986905,1.4258610754022785,1.1063177626912555,1.6251679645129433,5.099305216724246,0.25117979338218455,0.06476107527980356,Other Precious Metals & Mining,Basic Materials,BVN
2021Q4,2021,Q4,2021-12-31,2021-12-31,78952000.0,253345000.0,-123538000.0,0.31,22559000.0,0.0890445835,4561811000.0,2368326000.0,739545000.0,844937000.0,2023280000.0,86264000.0,1239526000.0,1859183866.44,2410742866.44,9.324600236121658,0.8752664399830994,0.20355030052757556,0.3920735574409942,-0.07482665349204652,9.324600236121658,0.033336626798844415,7.338545723973239,5.8870702022748,0.78502024908733,0.0,2.675345451173143,0.0,0.05553605793839333,0.7490345434038277,0.017307161563686002,39.689683974980255,0.08904458347312953,1.8378378378378377,1.1992901753530436,-0.11696660885253635,-0.15983180973345976,0.3743755330815158,1.8370298121368898,-8.092367704423346,2.285528201120229,-0.010463862762865914,-0.1566775675775764,Other Precious Metals & Mining,Basic Materials,BVN
2021Q3,2021,Q3,2021-09-30,2021-09-30,-94324000.0,220361000.0,-13587000.0,-0.37,16414000.0,0.0744868647,4451952000.0,2596797000.0,601378000.0,457210000.0,1683821000.0,81020000.0,1464757000.0,1716951220.9199998,1479081220.9199998,10.224138872503199,1.3153211872006298,0.01123102854657912,0.01925448928044818,-0.004722017615071521,10.224138872503199,-0.03632320893777989,7.791538525056611,-4.550674327106569,0.6611803775651313,0.0,2.5172426561342878,0.0,0.04949761363105442,1.1123553728046194,-0.021187110732550574,-3.516987760698747,0.07448686473559296,-3.466666666666667,-3.3561306681839036,-0.1817785781394786,-0.19839849723287778,-0.5715031587740824,-3.512492674870811,-2.530584656978709,-5.910689427796908,-0.18941118913530464,-0.10440637538687363,Other Precious Metals & Mining,Basic Materials,BVN
2021Q2,2021,Q2,2021-06-30,2021-06-30,37542000.0,240856000.0,8877000.0,0.15,38306000.0,0.1590410868,3995772000.0,2680898000.0,612269000.0,458498000.0,1143842000.0,83439000.0,1558094000.0,2298581146.3500004,2613438146.3500004,10.555262292360966,1.3353798707955105,0.1426730554195785,0.21264852299490694,0.0021852866240835984,10.555262292360966,0.014003516732080072,9.543383375751487,15.306730770537001,0.8573922418346391,0.0,2.427521902227975,0.0,0.06027771354321518,1.1104759453694455,0.009395430970535856,28.609956764208015,0.1590410867904474,1.5,-0.32381595702514354,-0.1566829007038788,-0.1807060049756102,1.7188586840797786,1.293341478313989,1.8110552763819094,-0.09048622719674398,-0.25331250038751757,-0.08380417884576816,Other Precious Metals & Mining,Basic Materials,BVN
2021Q1,2021,Q1,2021-03-31,2021-03-31,16370000.0,185888000.0,-10945000.0,0.06,14089000.0,0.0757929506,3953029000.0,2640072000.0,583392000.0,331818000.0,1143303000.0,86238000.0,1520523000.0,2547488276.0099998,2907623276.0099998,10.394521697848258,1.7581686346129504,0.14075054850343877,0.2107484189825126,-0.0018748484007228847,10.394521697848258,0.006200588468799336,13.704425654211137,38.90483011621869,0.9649313639968911,0.0,1.9921496324126255,0.0,0.047024193346418657,1.432833661826664,0.004141128233564692,239.8539003869692,0.075792950593906,1.222222222222222,-0.6822681348614159,-0.18166576752045904,-0.17606094669631805,-0.43859579215811284,1.2353770058089377,0.33456955252918286,-0.42395664719543946,-0.41348781149625474,-0.08322270378726347,Other Precious Metals & Mining,Basic Materials,BVN
2020Q4,2020,Q4,2020-12-31,2020-12-31,-69548000.0,236060000.0,-16448000.0,-0.27,25096000.0,0.1063119546,3979617000.0,2627460000.0,589152000.0,360436000.0,1179760000.0,77327000.0,1503785000.0,3096099908.73,3458096908.73,10.34486558708565,1.6345537071768637,0.15012650714880352,0.2273853836024145,-0.006247528429511374,10.34486558708565,-0.02646967032799738,13.11573290150809,-11.129363564480647,1.178362338048914,0.0,2.7282061892999856,0.0,0.05931726595800551,1.348688810218735,-0.017476053600132876,-188.30433698637634,0.10631195458781666,-3.6999999999999997,0.7759908950470995,0.006552327261148798,-0.16815119547727977,-0.33822055798744793,-3.850444690356162,-2.294200959949642,-7.163417227933357,-0.36308447778107544,-0.07744878314432009,Other Precious Metals & Mining,Basic Materials,BVN
2020Q3,2020,Q3,2020-09-30,2020-09-30,24399000.0,228195000.0,12709000.0,0.1,37922000.0,0.1661824317,3972546000.0,2690479000.0,591682000.0,431627000.0,1104547000.0,108721000.0,1559553000.0,3103719514.7400002,2906895514.7400002,10.59298471522939,1.370817858938389,0.017115472042362755,0.025271336442321237,0.0033499443633388457,10.59298471522939,0.009068645397343745,13.601172307631632,31.801708212836594,1.1535936592480374,0.0,1.7501034758694272,0.0,0.05744301009982011,1.0841003922368155,0.006141904964725393,40.52064748472505,0.16618243169219307,1.8333333333333335,1.6584923360233097,0.0935599723860085,-0.21675766678659583,0.5539255859695132,1.8294183635312915,0.914294321433951,7.734474192658018,-0.38117617069281584,-0.05788559935121234,Other Precious Metals & Mining,Basic Materials,BVN
2020Q2,2020,Q2,2020-06-30,2020-06-30,-29417000.0,97785000.0,6639000.0,-0.12,24404000.0,0.2495679296,3904445000.0,2672311000.0,518895000.0,389662000.0,1054459000.0,118722000.0,1540892000.0,2321439964.38,2183134964.38,10.521453457670313,1.331654100220191,0.014652018404664428,0.021407687952487566,0.0031391598919524285,10.521453457670313,-0.01100807503318289,23.74024609479982,-19.728727983648913,0.8687012718130488,0.0,0.6180910025100655,0.0,0.025044532577613465,0.9924473004809297,-0.007534233418578056,-95.66636299266465,0.24956792964156058,0.6470588235294118,0.03721092975917211,-0.6181710351065627,-0.22712712487052367,1.6720088117857634,0.6564317581929878,1.1112899170228816,-16.774622356495467,-0.6191134655085109,-0.0698236769155156,Other Precious Metals & Mining,Basic Materials,BVN
2020Q1,2020,Q1,2020-03-31,2020-03-31,-85622000.0,114502000.0,-59655000.0,-0.34,-36315000.0,-0.3171560322,3964628000.0,2695271000.0,553954000.0,524305000.0,1086063000.0,115085000.0,1564663000.0,1851564260.43,1984656260.43,10.611851832480772,1.0565491460123402,0.08946110454751366,0.1315934464475001,-0.01852328817069203,10.611851832480772,-0.031767492025848235,16.170584447695237,-5.406216452634837,0.6869677521963469,0.0,1.3104835556327932,0.0,0.028880893743372646,0.8034617255223582,-0.021596477651875536,0.0,-0.31715603220904437,-0.5454545454545455,-7.937291319923378,-0.545308886855083,-0.22516728276566148,-2.6786853418388574,-0.5566787266149119,-5.8845931909982685,-2.21112934253706,-0.5885101091776815,-0.06390148857692603,Other Precious Metals & Mining,Basic Materials,BVN
2019Q4,2019,Q4,2019-12-31,2019-12-31,-55003000.0,235490000.0,-8665000.0,-0.22,21633000.0,0.0918637734,4107274000.0,2771522000.0,648619000.0,565357000.0,1139074000.0,97973000.0,1639658000.0,3835201691.7,4251843691.7,10.912068142483918,1.14727331579869,0.1525800324010524,0.22611691337828096,-0.0018830639238954108,10.912068142483918,-0.019845774271320955,16.286049053887638,-17.431784137683398,1.3837890125714318,-0.12468410813955602,2.182815673706021,0.0017881719271353649,0.05733486492500865,0.9368894344635337,-0.013391607182768913,-59.33262723278516,0.09186377340863731,-20.469026548672566,0.5871330511581465,-0.1305350338868256,-0.19930128745274847,-0.19645642968575885,-20.19155617585485,-0.2507217090069284,0.8611617499880503,-0.17920016861861804,-0.016797255519762896,Other Precious Metals & Mining,Basic Materials,BVN
2019Q3,2019,Q3,2019-09-30,2019-09-30,2866000.0,230191000.0,-6928000.0,0.0113,26922000.0,0.1169550504,4124856000.0,2832070000.0,650794000.0,377107000.0,1088831000.0,110878000.0,1700286000.0,3855520641.06,3630812641.06,11.150458421143483,1.7257542289058543,0.01333379880412795,0.019420423930199465,-0.00036187524675183885,11.150458421143483,0.0010119806360718484,16.749224083739154,336.3154781106071,1.3613790058367201,0.0,1.8332671945742167,0.0,0.05580582691856394,1.3944212120167485,0.000694812134047831,325.93800330205426,0.11695505037121347,-0.7175,-0.9633852020833193,-0.2746922041180848,-0.2212183999177259,1.3852219367413838,-0.7045360824742268,0.8602944141964106,1.1323594259681,-0.14527885007104127,-0.1257724158100599,Other Precious Metals & Mining,Basic Materials,BVN
2019Q2,2019,Q2,2019-06-30,2019-06-30,9700000.0,216145000.0,-49590000.0,0.04,11287000.0,0.0522195748,4112992000.0,2827733000.0,663966000.0,374220000.0,1075813000.0,126732000.0,1695504000.0,4183163699.49,3954129699.49,11.133382735100236,1.7742664742664742,0.013372260388544398,0.019450209761671274,0.11076371732675065,11.133382735100236,0.003430309721603843,19.353506671401142,107.81349740953608,1.4793347531361696,1.5711340206185567,1.6164662437269197,0.003643175618935979,0.05255176766694416,1.387042381486826,0.002358380468525103,118.10174193929983,0.05221957482245715,-0.6363636363636365,-0.7019820043529774,-0.29102320248298635,-0.20500698886150606,0.3185747663551402,-0.6442325325508894,-3.199308142629058,-0.8252894034186748,-0.24320434439100494,-0.13583259548393756,Other Precious Metals & Mining,Basic Materials,BVN
2019Q1,2019,Q1,2019-03-31,2019-03-31,27265000.0,186159000.0,22548000.0,0.11,8560000.0,0.045982198,4145173000.0,2817356000.0,687466000.0,321697000.0,1113074000.0,137641000.0,1685805000.0,4236489649.2,4012095649.2,11.092555859040997,2.136998479936089,0.013268445008205931,0.019521849563917375,0.01731500414675459,11.092555859040997,0.009677513242912859,22.757372188290653,38.84549467449111,1.5037111565595545,0.0,1.290305940817053,0.0,0.04490982644150196,1.6531239023055857,0.006577530057249721,-112.31117014925373,0.04598219801352607,1.4583333333333333,3.6307888879754997,-0.33932372056561105,-0.20123752291623112,-0.013938486349498905,1.4439396899830663,0.12773832149644893,-0.4708013198463619,-0.18047056051456833,-0.1207301077539324,Other Precious Metals & Mining,Basic Materials,BVN
2018Q4,2018,Q4,2018-12-31,2018-12-31,-61416000.0,256024000.0,19994000.0,-0.24,8681000.0,0.0339069775,4217221000.0,2808328000.0,761134000.0,399182000.0,1187656000.0,135919000.0,1675909000.0,4119666982.74,3845466982.74,11.056981146981903,1.906734271585392,0.022526682855842747,0.03382795741807937,0.007304391584101973,11.056981146981903,-0.02186924034514487,16.09094062564447,-16.769518459114888,1.4669465186189077,-0.24921844470496288,1.8197823703823601,0.0037153488532269533,0.06070917317351877,1.5163784940202714,-0.01456314478183619,82.97750126369642,0.033906977470862104,-3.46927374301676,0.780869466667003,-0.14349645791727605,-0.20946163242987464,-0.6475150235504304,-3.499670305516888,7.0204757603131585,0.8021834820586166,0.09167818789590931,-0.1108887330320226,Other Precious Metals & Mining,Basic Materials,BVN
2018Q3,2018,Q3,2018-09-30,2018-09-30,-13649000.0,271853000.0,-3321000.0,-0.0537,24628000.0,0.0905930779,4312621000.0,2899526000.0,765694000.0,407915000.0,1193398000.0,129202000.0,1763315000.0,3413583492.48,3153638492.48,11.416046956475116,1.8770920412340806,0.022028367435951362,0.032763975905027234,-0.0010980821976394408,11.416046956475116,-0.004707321127660176,12.55672548208039,-62.52442472855154,1.1772901820780362,0.0,1.9134765715700994,0.0,0.06303660813227037,1.5086942132552126,-0.0031648967066663174,344.77158796889205,0.09059307787664657,-1.335625,-1.2097820407255968,-0.21327198594454863,-0.2398616338309236,-0.6364602553694,-1.3306684109794802,-1.169932968326255,0.6316340057222772,0.3027785848640573,-0.15590067439555222,Other Precious Metals & Mining,Basic Materials,BVN
2018Q2,2018,Q2,2018-06-30,2018-06-30,41277000.0,322566000.0,19543000.0,0.16,67745000.0,0.2100190349,4304935000.0,2926119000.0,751602000.0,341301000.0,1155245000.0,136622000.0,1791803000.0,3461840997.21,3197899997.21,11.520749220470522,2.2021675881406733,0.02206769672480537,0.03246621207134775,0.005591324079245645,11.520749220470522,0.01410639827020022,10.732194332973718,20.967130588523876,1.1830827786600613,0.18300748600915764,1.8651534891891497,0.002182075954986954,0.07492935433403757,1.738228132938374,0.009588298081155697,28.62445011749628,0.21001903486418283,0.4545454545454546,1.179575964510896,0.129562766310768,-0.21964381412083536,-0.187417536284035,0.4524948976001126,-0.5267351189034727,2.3509550413818765,0.25954943897138094,-0.1537220014807452,Other Precious Metals & Mining,Basic Materials,BVN
2018Q1,2018,Q1,2018-03-31,2018-03-31,28418000.0,316938000.0,41294000.0,0.11,83370000.0,0.2630482934,4313564000.0,2879731000.0,757589000.0,375997000.0,1209834000.0,146790000.0,1749711000.0,3949495781.8500004,3786268781.8500004,11.338109855892666,2.014880437875834,0.022023551754419314,0.032989192393317296,0.008958659064386741,11.338109855892666,0.009868282836139903,12.461414478068267,34.74466695272363,1.3714808021478397,0.0,1.5911710606989578,0.0,0.07347474153623315,1.586408934113836,0.006588055723758822,69.60567811370967,0.26304829335706037,1.4774774774774773,-0.7229941017070676,-0.10563990512199405,-0.2282653191729623,0.04307680758692307,1.5184331797235022,6.865523809523809,1.3024917045803948,0.2585709596157593,-0.17213898133658595,Other Precious Metals & Mining,Basic Materials,BVN
2017Q4,2017,Q4,2017-12-31,2017-12-31,11284000.0,370630000.0,5250000.0,0.0444,79927000.0,0.2156517281,4332813000.0,2848037000.0,701862000.0,521194000.0,1269186000.0,132287000.0,1728847000.0,3687889308.8399997,3569553308.8399997,11.213323876308927,1.3466425169898348,0.022206127981983067,0.033782917848328514,0.009055310520842361,11.213323876308927,0.00396202717871994,9.950325955373282,81.70616157479617,1.2948881313129008,0.6752924494859979,2.19751751872822,0.0020662225359461286,0.0855402714125904,1.044908421816061,0.0026043127178578904,306.125119020503,0.21565172813857486,4.104895104895105,-0.9187807602596132,-0.12537769470430038,-0.22994311846080465,-0.1398669880762774,4.114545956389732,-0.9085190541741449,1.0847006645225075,0.36842243997845264,-0.17719593812102644,Other Precious Metals & Mining,Basic Materials,BVN
2017Q3,2017,Q3,2017-09-30,2017-09-30,-3623000.0,368756000.0,57389000.0,-0.0143,92924000.0,0.2519931879,4305708000.0,2855788000.0,650300000.0,536216000.0,1218539000.0,140557000.0,1728157000.0,3248492028.93,3198005028.93,11.24384120223035,1.2127575454667523,0.031353728585403376,0.04727241657994221,-0.004821768335807896,11.24384120223035,-0.0012686515945861526,8.809326570767661,-224.15760619169197,1.1375116181348195,0.0,1.9624209395476568,0.0,0.08564352250547413,0.9123599444999776,-0.0008414411752956772,78.21660476090725,0.251993187907451,-1.2000000000000002,-1.0195404343125931,-0.10380296630730217,-0.20898619995364148,0.7000676924202784,-1.1891238670694864,1.9050366995697292,-1.0462859081828801,0.16191163676352033,-0.21469626522799318,Other Precious Metals & Mining,Basic Materials,BVN
2017Q2,2017,Q2,2017-06-30,2017-06-30,-1655000.0,256730000.0,19755000.0,-0.0065,54659000.0,0.212904608,4319724000.0,2872908000.0,593429000.0,479445000.0,1218233000.0,151695000.0,1740180000.0,2920848970.5,2905198970.5,11.31124626219355,1.2377415553400286,0.03125199665534187,0.04699071463478816,-0.0010030011015536272,11.31124626219355,-0.0005760713534857364,11.377123711681532,-441.21585657099695,1.016687262696891,-8.748640483383685,1.332087412241669,0.0049571203941850646,0.059432037787599395,0.8946010491297229,-0.0003831263293673392,-50.92668289046971,0.2129046079538815,-1.0232142857142856,-1.0108601415588834,-0.2666450593620656,-0.16101304990312731,-0.17946677875521663,-1.023410093923277,-0.14561889109938586,-1.050847400288229,-0.15790042227882706,-0.19230642297420988,Other Precious Metals & Mining,Basic Materials,BVN
2017Q1,2017,Q1,2017-03-31,2017-03-31,70696000.0,278262000.0,23122000.0,0.28,66614000.0,0.23939309,4460945000.0,2879260000.0,623691000.0,583400000.0,1351867000.0,126658000.0,1746340000.0,3058001878.68,3077417878.68,11.33625542930139,1.0690623928693863,0.04259187234991689,0.06598917777484492,0.007933886419649129,11.33625542930139,0.024553531115633877,10.989649606054725,10.813914078165666,1.0620791032001278,0.02360812492927464,1.6710195960776264,0.0005457812212726407,0.062377366230697756,0.8222420294823449,0.015847763198156443,-54.933836540140476,0.23939308996557201,1.1794871794871795,-0.6586393569359648,-0.26065544509697525,-0.12145791543960863,0.14215661059959192,1.178310019723667,-0.06717230806471135,7.821410433868455,-0.012453801100373663,-0.18368899083047335,Other Precious Metals & Mining,Basic Materials,BVN
2016Q4,2016,Q4,2016-12-31,2016-12-31,-396478000.0,287129000.0,24787000.0,-1.56,58323000.0,0.2031247279,4266415000.0,2821091000.0,501928000.0,445125000.0,1219202000.0,120947000.0,1690123000.0,2867227859.7599998,2841683859.7599998,11.098492354445677,1.1276113451277732,0.012891385390310131,0.019496003496519608,0.008977859297060707,11.098492354445677,-0.1405406631689655,9.985852560208128,-1.8079362913957393,1.016354261439989,-0.019199047614243413,1.8917873117977295,0.0026548291145012657,0.06729982901335196,0.830303847233923,-0.092930012668716,-310.2053294125284,0.20312472790975486,-17.2883939038687,-2.7375997258345657,-0.28562978732205613,-0.11149258610067547,-0.05318268153703794,-17.330004623208506,-0.2865818558600046,-0.4135091196896882,-0.04019347959071097,-0.20649371544167988,Other Precious Metals & Mining,Basic Materials,BVN
2016Q3,2016,Q3,2016-09-30,2016-09-30,-21630000.0,269029000.0,34744000.0,-0.0853,61599000.0,0.2289678808,4634600000.0,3236046000.0,571293000.0,411953000.0,1166413000.0,139127000.0,2103608000.0,3511418229.6,3448722229.6,12.75464035085956,1.3867916971110783,0.011769516247356837,0.01685606446879927,-0.024042757640531907,12.75464035085956,-0.006684082982751172,13.0521922528798,-40.5850465742025,1.0850952766431627,0.0,1.4909399325795856,0.0,0.058047943727614036,1.0216820850922315,-0.004667069434255384,-77.4275810809023,0.22896788078608626,-1.3877272727272727,-1.1042803954989064,-0.3801348475566103,0.08317147454162278,-0.2753655581305069,-1.3900037864445285,-0.42613636363636365,-1.3328041882610577,-0.22061081713421607,-0.15073128953122883,Other Precious Metals & Mining,Basic Materials,BVN
2016Q2,2016,Q2,2016-06-30,2016-06-30,55461000.0,285300000.0,60544000.0,0.22,85007000.0,0.297956537,4655383000.0,3268705000.0,620037000.0,397721000.0,1161221000.0,120119000.0,2136198000.0,3031896520.5,2904812520.5,12.883363428102196,1.5589747586876228,0.01167852355004948,0.01663288672425318,0.014751953738746264,12.883363428102196,0.01696726991270243,10.627047039957938,13.66679522772759,0.9275528138819501,0.00016227619408232813,1.6674547740157677,2.9684390410909475e-06,0.06128389436486751,1.1750825327302306,0.011913305521801322,-117.19286152448687,0.297956536978619,0.09999999999999995,-0.7267556191649385,-0.16398861752030391,0.12383753655453417,1.2521990250105977,0.07561770295954386,3.645438502263485,1.9316787037331988,0.00013434843894368745,-0.12734734923443225,Other Precious Metals & Mining,Basic Materials,BVN
2016Q1,2016,Q1,2016-03-31,2016-03-31,51562000.0,227333000.0,13033000.0,0.2,37744000.0,0.166029569,4562559000.0,3206731000.0,570225000.0,625153000.0,1130247000.0,103492000.0,2076457000.0,1870815341.1200001,1986922341.1200001,12.61564390736206,0.9121367089336531,0.0650895692526935,0.0926098883878941,0.004318541611792514,12.61564390736206,0.016079303190694824,8.229405062705371,9.070707794111943,0.5834026431028982,0.0,1.8319193754106597,0.0,0.04982576663666158,0.7031110784080057,0.01130111413353778,16.70594580631335,0.16602956895831225,1.1639344262295082,-0.7641270190137115,-0.3957275482382789,0.17836466486966784,3.3165776713926225,1.165946819261443,1.2462355230591926,-0.49779224589355575,-0.3589989569812713,-0.14130926159481125,Other Precious Metals & Mining,Basic Materials,BVN
2015Q4,2015,Q4,2015-12-31,2015-12-31,-310714000.0,234708000.0,-52929000.0,-1.22,-16293000.0,-0.0694181707,4547181000.0,3161066000.0,469596000.0,651031000.0,1157945000.0,101473000.0,2024895000.0,1087919790.76,1294702790.76,12.435992611687526,0.7213112739639126,0.0627426091022108,0.09025499625759159,-0.01634122939711978,12.435992611687526,-0.09829405649866216,4.635205407399833,-0.8753385675894876,0.34416231447239637,-0.000225287563482817,2.473574251278665,6.434297876969343e-05,0.051616155151950185,0.5288534647351663,-0.06833112647154357,-39.22127733650588,-0.06941817066312184,-7.133333333333334,-2.3960889088982933,-0.40782889856699517,0.2133503196144933,0.01867132445943504,-7.379105765600561,0.03221736665996233,-3.234677298321431,-0.44656575993668984,-0.14597832051981838,Other Precious Metals & Mining,Basic Materials,BVN
2015Q3,2015,Q3,2015-09-30,2015-09-30,-37082000.0,208836000.0,-54691000.0,-0.15,-16603000.0,-0.0795025762,4717000000.0,3437758000.0,532997000.0,524823000.0,1025663000.0,123004000.0,2303767000.0,1514953727.32,1586683727.32,13.524530360571303,1.0155747747335768,0.039681577273690906,0.054447695271162194,-0.010889126005372767,13.524530360571303,-0.010786681319627501,7.254274776954165,-10.21353842376355,0.4406807364916321,-0.0018877083220969742,1.8327777958440377,4.6206031733940926e-05,0.04427305490778037,0.7292458600328111,-0.007861352554589782,-22.89314283823196,-0.0795025761841828,-0.25,-1.2132249641073993,-0.25313282097352346,0.41625243128882167,-6.475923482849605,-0.21270194257309177,-0.606668625146886,-1.1998421900947207,-0.4928599306781371,-0.04853777619735858,Other Precious Metals & Mining,Basic Materials,BVN
2015Q2,2015,Q2,2015-06-30,2015-06-30,-30578000.0,256298000.0,-34040000.0,-0.12,3032000.0,0.0118299792,4690310000.0,3460356000.0,605520000.0,470660000.0,957676000.0,146621000.0,2326996000.0,2638459679.46,2598990679.46,13.61343345877897,1.2865338035949518,0.018294526374589313,0.024797159598607774,-0.009579996423921915,13.61343345877897,-0.008836663048541827,10.294499681854717,-21.57155209186343,0.762482149079459,0.0,1.7273514707988624,0.0,0.054644149320620596,0.9024178812731058,-0.006519398504576456,-892.5776994113668,0.011829979164878384,-3.469135802469136,-1.2760428129828545,0.13829927774799264,0.5340354781889067,-0.8987003441248205,-3.475550518134715,-4.72871087176035,-1.2004955404187854,-0.2684551263161768,0.009746649765961232,Other Precious Metals & Mining,Basic Materials,BVN
2015Q1,2015,Q1,2015-03-31,2015-03-31,12352000.0,252022000.0,-5942000.0,0.0486,29931000.0,0.1187634413,4740245000.0,3481259000.0,631625000.0,492632000.0,971450000.0,145579000.0,2345742000.0,2574912962.71,2528053962.71,13.695668234504028,1.282143669107975,0.0185815290137957,0.025301478574274422,-0.000902708136388602,13.695668234504028,0.0035481416349659707,10.21701662041409,52.1153044589945,0.7396499262795443,0.0,1.5255703089044437,0.0,0.05316645025731792,0.9126163140031505,0.0026057724864432114,388.19734097844116,0.11876344128687179,1.0934615384615385,-0.9203226302483135,0.2505218963468221,0.6255148991494279,0.05205623901581722,1.092644400609029,-1.801889338731444,-0.9404044212451007,-0.3309022292675473,0.0613928907325444,Other Precious Metals & Mining,Basic Materials,BVN
2014Q4,2014,Q4,2014-12-31,2014-12-31,-133327000.0,271058000.0,7410000.0,-0.52,28450000.0,0.1049590862,4672274000.0,3464105000.0,603471000.0,473363000.0,910149000.0,150284000.0,2328423000.0,2430026448.52,2391514448.52,13.62818245051189,1.2748588292705598,0.008561141748108094,0.01154699410092939,0.002576998075639364,13.62818245051189,-0.03848815206236531,8.96496856215275,-4.556516025486211,0.7014875266540709,-0.043839582380163056,1.6143302014851881,0.002405323614300527,0.0580141489989671,0.8743015402555755,-0.028535783646250198,24.073492188781678,0.10495908624722385,-2.67741935483871,-1.6273530109145407,0.028168131007850643,0.6614289203851333,-0.577366450769505,-2.7019888684640523,-0.7166456349661581,-1.5843173105351247,-0.32561405811304983,0.09102576805417455,Other Precious Metals & Mining,Basic Materials,BVN
2014Q3,2014,Q3,2014-09-30,2014-09-30,78336000.0,317620000.0,26151000.0,0.31,67316000.0,0.2119387948,4837318000.0,3639403000.0,618374000.0,426396000.0,907897000.0,152160000.0,2503753000.0,2943483919.86,2863960919.86,14.31782468918821,1.4502340547284684,0.008373234920672984,0.011129297854620662,0.00546146477875845,14.31782468918821,0.021524409360546223,9.267312889175745,9.393777828393075,0.808782077681422,0.0,1.645005257623554,0.0,0.0656603514592177,1.0539967541909399,0.016194097638402107,125.58596808004097,0.21193879478622252,1.3846153846153846,-0.47765640760415695,0.3621014380962417,0.9025169921707705,-0.12228958863028881,1.404862773991527,0.06634317403359974,-0.6230351094830527,-0.26953514231417397,0.21592289976026544,Other Precious Metals & Mining,Basic Materials,BVN
2014Q2,2014,Q2,2014-06-30,2014-06-30,32574000.0,305109000.0,24524000.0,0.13,76695000.0,0.2513691828,4682572000.0,3559729000.0,639898000.0,377269000.0,834184000.0,151833000.0,2425720000.0,3001946899.27,2866215899.27,14.004378125483564,1.696131937689023,0.0004956677654929812,0.0006520159259314403,0.0052072410693250045,14.004378125483564,0.009150696583925349,9.838932641351123,23.039440192101065,0.8433077066456464,0.08586602812058697,1.5043765189385707,0.0009317286727090881,0.06515842148289444,1.2364016126424382,0.0069564333447515595,-161.77769450689803,0.25136918281663273,4.186274509803922,-0.7582078964307931,0.4311435394041926,1.027545153357177,0.42582264361405464,4.140570767450829,5.9849045855881515,-0.8398127311589234,-0.1076015681809094,0.2216255406714129,Other Precious Metals & Mining,Basic Materials,BVN
2014Q1,2014,Q1,2014-03-31,2014-03-31,-10372000.0,281993000.0,3511000.0,-0.0408,53790000.0,0.1907494158,4585615000.0,3529938000.0,555423000.0,363754000.0,773141000.0,149424000.0,2395929000.0,3195128918.19,3116408918.19,13.88717694844557,1.5269192916091645,0.0,0.0,0.003382411332743512,13.88717694844557,-0.0029382952335140163,11.330525644927356,-77.01332718352295,0.9051515687216036,0.0,1.5272178498768605,0.0,0.06149513205971282,1.0680404889018402,-0.0022618558252273688,-53.820855678165955,0.19074941576563959,0.9629090909090909,-1.103246267239302,0.5907638212039837,1.1730342864985301,-0.12031661406119679,0.9630221182778832,-0.745892740826518,-1.0474472394164265,-0.25043613778183094,0.2971322534945105,Other Precious Metals & Mining,Basic Materials,BVN
2013Q4,2013,Q4,2013-12-31,2013-12-31,-280492000.0,299153000.0,13817000.0,-1.1,61147000.0,0.2044004239,4560375000.0,3555222000.0,551875000.0,386214000.0,727846000.0,175719000.0,2421238000.0,2851976647.7400002,2790078647.7400002,13.986647075672876,1.4289357713599196,0.0,0.0,0.004098146769940143,13.986647075672876,-0.07889577641002446,9.533505088499865,-2.5419411674308003,0.8021936879722279,-0.009151776164739101,1.3544693516352813,0.0009000774960882568,0.06559833347038346,0.9313541197367262,-0.06150634542115506,57.75219504161352,0.20440042386337426,-5.230769230769231,-166.64831739804512,0.8128380454007009,1.3235784273114202,-0.36547780879346664,-5.307706484012654,-0.7821418435243291,-2.2602965113728386,-0.24523338996971697,0.3646439998407115,Other Precious Metals & Mining,Basic Materials,BVN
2013Q3,2013,Q3,2013-09-30,2013-09-30,65114000.0,345821000.0,63422000.0,0.26,96367000.0,0.2786615041,4787222000.0,3817475000.0,600121000.0,355812000.0,700345000.0,167897000.0,2683418000.0,2976528212.57,2893670212.57,15.018380158877367,1.6866238350589637,0.0044129977678077185,0.005534024453336302,0.011874639225426262,15.018380158877367,0.017056824209719774,8.607135519734198,11.428142229666431,0.7797112522203813,0.0,1.485756148114618,0.0,0.07223834616401746,1.1907299360336356,0.013601625326755266,-55.85214216820221,0.27866150407291634,2.714285714285714,0.37061172094183165,0.6677597593851603,1.4601246445720515,8.814339545778592,2.4355511000896954,15.586476540938362,-0.6255884172134946,0.2367712210448158,0.5726843629290645,Other Precious Metals & Mining,Basic Materials,BVN
2013Q2,2013,Q2,2013-06-30,2013-06-30,18953000.0,285792000.0,-4348000.0,0.07,9819000.0,0.0343571549,4688635000.0,3752675000.0,598123000.0,327622000.0,672164000.0,156027000.0,2618304000.0,3812803005.0,3713527005.0,14.763449600250198,1.8256496816453107,0.0,0.0,-0.0007723157033931396,14.763449600250198,0.005050530621490004,13.341181716073228,50.29286926871736,1.0160227051370023,4.024112277739672,1.7687515622296142,0.02000339380240286,0.06095420095614182,1.3069574082326583,0.004042327884341604,-64.17563800242375,0.034357154853879746,-0.825,-0.688282733294401,1.6445353660084694,4.185890539909533,-0.9030978298414077,-0.815411435861975,-1.0731851004022823,-0.8289018433362535,0.26929132176667125,0.6636255310472553,Other Precious Metals & Mining,Basic Materials,BVN
2013Q1,2013,Q1,2013-03-31,2013-03-31,102677000.0,354675000.0,59411000.0,0.4,101329000.0,0.2856953549,4638254000.0,3734673000.0,730957000.0,377663000.0,637831000.0,167090000.0,2599351000.0,6482165560.5,6318532560.5,14.691720014114255,1.9354742190789143,0.0,0.0,0.012302479534000755,14.691720014114255,0.027492902323710804,18.27635316980334,15.782905520467096,1.7356715194342316,0.03350312143907594,1.516224789035849,0.0005306868465319878,0.07646735172329933,1.447152620193135,0.022136993791198153,-407.73465596301423,0.2856953549023754,-0.25925925925925924,2.694428103233357,0.569047370177785,1.8255167883576533,2.3473951967229363,-0.26167243127413403,-0.6767451983241743,-0.33771633013374047,0.7597727717496394,0.7437345420582473,Other Precious Metals & Mining,Basic Materials,BVN
2012Q4,2012,Q4,2012-12-31,2012-12-31,139067000.0,424170000.0,183790000.0,0.54,30271000.0,0.0713652545,4588653000.0,3702054000.0,803658000.0,350006000.0,624267000.0,163067000.0,2566787000.0,9139660927.45,8952948927.45,14.56168257842934,2.296126352119678,0.0,0.0,0.04170790090803783,14.56168257842934,0.03756482212307006,21.54716488070821,16.43031942777582,2.468808106918484,0.36591714784959767,2.41556538110102,0.0055677120195089845,0.0924388921977757,1.7964092044136386,0.03030671528224078,-160.72559443330698,0.07136525449701771,-0.26027397260273966,0.12482817086885077,0.7819528171646962,1.6191878810100677,-0.8518603706549347,-0.25065603362340705,-0.2255212635056551,-0.34575579524620204,0.6086581991139235,0.7752330989934859,Other Precious Metals & Mining,Basic Materials,BVN
2012Q3,2012,Q3,2012-09-30,2012-09-30,185585000.0,411855000.0,237308000.0,0.73,204341000.0,0.4961479161,4442749000.0,3613688000.0,824718000.0,338879000.0,570403000.0,171951000.0,2478607000.0,9874138888.68,9593436888.68,14.214469079517182,2.4336651135065908,0.0,0.0,0.056010255436925206,14.214469079517182,0.051356121502465074,23.97479425691081,13.30136984222863,2.7324270630668726,0.0,1.2068205477141745,0.0,0.09270273877727506,1.874707491464505,0.04177256018739749,-442.3699157152457,0.49614791613553316,0.21666666666666667,0.8594558041289679,1.1050650362487286,1.7497854873540102,0.16579758101323597,0.21646423397853973,1.9883517396834192,0.2372881365266556,0.7659526330445656,0.8887833553995516,Other Precious Metals & Mining,Basic Materials,BVN
2012Q2,2012,Q2,2012-06-30,2012-06-30,152561000.0,350464000.0,79411000.0,0.6,175280000.0,0.5001369613,4175627000.0,3428053000.0,816843000.0,295250000.0,501521000.0,168289000.0,2293022000.0,9657111287.34,9467051287.34,13.482028845487417,2.766614733276884,0.028589957867405303,0.034824724121826585,0.018876742031827452,13.482028845487417,0.04450368766177186,27.55521619150612,15.8249999792542,2.8170834252971,0.6671364241188771,1.0409711864708924,0.010539280015694475,0.08393086834623878,2.1443014394580864,0.03653606991237483,-104.72840862088037,0.5001369612856099,-0.26829268292682923,2.5492850301103585,0.8675617661744427,1.8210864489356122,-0.16697954043200341,-0.2646670394077273,-0.7042013238323345,0.13207547158164953,0.6433589022285721,0.9519197495351686,Other Precious Metals & Mining,Basic Materials,BVN
2012Q1,2012,Q1,2012-03-31,2012-03-31,207472000.0,377038000.0,268463000.0,0.82,210415000.0,0.558073722,4131134000.0,3283193000.0,958240000.0,413566000.0,615080000.0,165105000.0,2140461000.0,10256570241.68,9858687241.68,12.903485932576439,2.3170183235565784,0.028130048553254385,0.03539511688773703,0.06281216434775559,12.903485932576439,0.06319214252710699,27.203014660803422,12.358981262146218,3.123962021629554,0.0,1.009194149177796,0.0,0.09126743407500217,1.8880686516783294,0.05022156144051488,172.32719919486541,0.5580737220121049,-0.08888888888888896,2.9699202081858362,1.2907431709925148,1.738981939465634,-0.2056963817217493,-0.091648606641711,-0.5847677704446923,1.0631703710261327,1.124791147184537,1.0191085237074498,Other Precious Metals & Mining,Basic Materials,BVN
2011Q4,2011,Q4,2011-12-31,2011-12-31,228405000.0,402337000.0,646537000.0,0.9,264905000.0,0.6584157062,3953549000.0,3178281000.0,968286000.0,320466000.0,513070000.0,149108000.0,2034768000.0,9755318855.52,9274350855.52,12.491164598997067,3.0214936997996666,0.0,0.0,0.17833648490738988,12.491164598997067,0.07186431910834819,24.246636166994335,10.677654665528339,3.0693695288490854,0.2562159322256518,0.9216943423558763,0.005998881314564738,0.10176603350559206,2.5015477460947495,0.05777214345895296,187.82984876908563,0.6584157062363143,0.09756097560975618,0.9125392505756752,1.0632984097191238,1.6287010915009816,-0.016177612056703348,0.09801649873086686,2.0761548599513744,133.75221238938053,1.4356751521021882,1.0751364095479174,Other Precious Metals & Mining,Basic Materials,BVN
2011Q3,2011,Q3,2011-09-30,2011-09-30,208016000.0,435256000.0,210177000.0,0.82,269261000.0,0.6186267392,3753869000.0,2996128000.0,997609000.0,291591000.0,503127000.0,143016000.0,1886898000.0,9602653458.720001,9100460458.720001,11.775273491445182,3.42126128721394,0.0,0.0,0.05223591459800135,11.775273491445182,0.06942827542748507,22.06208176043524,11.540763040727636,3.205021100139914,0.0,1.160674330144879,0.0,0.11594863859127742,2.8591040189854966,0.05541376110887194,131.06740542851296,0.6186267392063521,0.024999999999999883,1.5258147554519403,1.9739132811325655,1.5637359807026359,0.20672331424166646,0.018817283297579517,0.4216710182767624,3.3742193249921137,1.096962397321321,0.9288791604970065,Other Precious Metals & Mining,Basic Materials,BVN
2011Q2,2011,Q2,2011-06-30,2011-06-30,204174000.0,343284000.0,147838000.0,0.8,223134000.0,0.6499982522,3615121000.0,2925743000.0,1022807000.0,224868000.0,430505000.0,129293000.0,1821772000.0,9693160650.0,9157515650.0,11.463724078482079,4.548477328921856,0.022034117253613365,0.027225904667634852,0.04061083007361865,11.463724078482079,0.06978535025120115,28.236564040269865,11.868749999999999,3.3130595031757744,0.0,0.9292846480474581,0.0,0.09495781745617919,3.835623565825284,0.05647777764561684,164.22962031107045,0.6499982521760408,-0.06976744186046505,0.4743121991496882,1.0300095714389024,1.6920142295944474,-0.08115564852867296,-0.06484619753403074,-0.4821949570766596,2.3444598918883397,2.1637017277941903,3.0268107969648126,Other Precious Metals & Mining,Basic Materials,BVN
2011Q1,2011,Q1,2011-03-31,2011-03-31,218332000.0,375747000.0,285509000.0,0.86,242842000.0,0.6462912545,3460934000.0,2717995000.0,1045171000.0,313809000.0,508674000.0,100111000.0,1616220000.0,10908983784.43,10314306784.43,10.706060936371852,3.330595999477389,0.019804769463965508,0.025218221519907137,0.08400106582511528,10.706060936371852,0.08032833025814985,29.03279010725302,12.49127908921963,4.013614368102222,0.0,1.3275763902068705,0.0,0.10856809173477448,2.839854816146127,0.06308470488024331,176.22990831362478,0.6462912544877271,-0.02272727272727275,0.749821289687088,1.8525036667712653,1.901010606245855,-0.013463007198687012,-0.019983481758115484,-0.5603014804513583,4.607682951482828,0.6644164364890635,1.058993425129091,Other Precious Metals & Mining,Basic Materials,BVN
2010Q4,2010,Q4,2010-12-31,2010-12-31,222784000.0,396750000.0,649329000.0,0.88,246156000.0,0.6204310019,3302445000.0,2607856000.0,971715000.0,253643000.0,458359000.0,82081000.0,1506725000.0,12457496378.880001,11913852378.880001,10.249300973224864,3.831034170073686,0.017305965731450487,0.021915320477817794,0.20555943841805716,10.249300973224864,0.08542802976851482,31.398856657542535,13.979343645504166,4.776911140369713,0.2580930407928756,1.8346998696409644,0.004615614426144388,0.12013826119738558,3.3684115075125276,0.06746032106515021,66.87008910045412,0.6204310018903592,0.29411764705882343,1.3498658273445043,3.0498764157145217,2.1159679230178154,0.6502926407390771,0.27974265445041213,5.727055167055167,0.8004784379646991,0.6653864074246643,0.8435263063391683,Other Precious Metals & Mining,Basic Materials,BVN
2010Q3,2010,Q3,2010-09-30,2010-09-30,174085000.0,279897000.0,96525000.0,0.68,149159000.0,0.5329067478,3010287000.0,2429802000.0,774522000.0,183066000.0,369492000.0,76784000.0,1374895000.0,11495704379.039999,11217800379.039999,9.549519606659157,4.230834780898692,0.08179552315111482,0.10133665212227169,0.03135252599122948,9.549519606659157,0.07164575549777306,41.07119540059379,16.508752016313867,4.731128042136766,0.0920814544619008,1.702672431756616,0.0013944339095242684,0.09298017099366274,3.6067319982956967,0.05783003414624586,175.72961736307076,0.5329067478393837,0.5454545454545455,3.2758122024066543,2.4931291061981975,1.710511180024656,0.3848589228183869,0.5699740269110061,-0.3187592631801821,0.7427495970607964,0.4293877926216448,0.847352178874757,Other Precious Metals & Mining,Basic Materials,BVN
2010Q2,2010,Q2,2010-06-30,2010-06-30,110884000.0,225385000.0,141690000.0,0.44,107707000.0,0.4778800719,2767701000.0,2257988000.0,711623000.0,149310000.0,303375000.0,64086000.0,1200810000.0,9780763088.32,9364578088.32,8.874262461550815,4.766077288862099,0.010101524695044732,0.012381819566800178,0.053252547432860585,8.874262461550815,0.049107435469099035,43.395803129400804,22.05179080913387,4.331627576550451,0.7457342808700985,1.8362512873326469,0.008454350570943367,0.08143401328394939,4.111365615163083,0.040063576231681094,279.2030797956096,0.4778800718770104,-0.2786885245901639,0.34267769699112294,1.5585016564285716,1.7987566943735203,0.11300906263240021,-0.28545376044747744,-0.22659141275750264,1.5779183037686282,0.20021620239952725,0.8569209324128174,Other Precious Metals & Mining,Basic Materials,BVN
2010Q1,2010,Q1,2010-03-31,2010-03-31,155181000.0,201736000.0,183202000.0,0.61,96771000.0,0.4796912797,2708750000.0,2143787000.0,705568000.0,248603000.0,381013000.0,52659000.0,1089926000.0,7880078898.16,7397746898.16,8.425433837407745,2.8381314787029925,0.00974508537148131,0.012313256867403338,0.07706308101891984,8.425433837407745,0.07238638913287561,39.061342041876514,12.694980213685954,3.675775111128111,0.0,1.9932964925273933,0.0,0.07447568066451316,2.550669139149568,0.05728878634056299,731.3977072730647,0.4796912796922711,-0.2738095238095238,1.450916155101805,1.6053366159941262,1.949547313352975,-0.30276240705516166,-0.2624722561511737,-0.25470684913673863,1.9693461663573215,0.22567317974142123,0.7884400566951785,Other Precious Metals & Mining,Basic Materials,BVN
2009Q4,2009,Q4,2009-12-31,2009-12-31,210407000.0,261007000.0,245812000.0,0.84,138792000.0,0.5317558533,2786559000.0,2064255000.0,937809000.0,247098000.0,523239000.0,44987000.0,1011077000.0,8422924044.04,8025602044.04,8.2026876282813,3.7952917465944687,0.11380774639977119,0.1536302443254346,0.10129876723586706,8.2026876282813,0.10192878302341522,32.27087412996586,10.007894276378636,4.080369936873109,0.2992010722076737,2.716673705737213,0.007474126523145582,0.09366641797284751,3.5355041319638363,0.0755078216538749,95.66286620979466,0.531755853291291,0.42372881355932207,2.656518679600676,1.7106531180244937,2.145354532212401,0.18080653394589077,0.4171016386376341,0.2877289300532249,0.7813412412895453,0.3533384273137455,0.7262132566434941,Other Precious Metals & Mining,Basic Materials,BVN
2009Q3,2009,Q3,2009-09-30,2009-09-30,148477000.0,230862000.0,190888000.0,0.59,117540000.0,0.5091353276,2558363000.0,1893894000.0,855936000.0,223869000.0,505309000.0,44353000.0,895648000.0,8860805365.72,8462389365.719999,7.525727627195373,3.8233788510244833,0.09916184685285083,0.13395258657559506,0.0790317918133783,7.525727627195373,0.07839773503691337,38.38139393109303,14.919491513365706,4.678617370201289,0.0,2.5550019164430817,0.0,0.0902381718309716,3.5778870678834496,0.05803593938780384,91.68689975083296,0.5091353275983055,0.11320754716981121,4.207545299897437,2.3598506434824014,2.0553255196462716,-0.09129564202274466,0.10484645092159212,0.11729724667540738,0.8228298319652323,0.5948438794020252,0.638516397332585,Other Precious Metals & Mining,Basic Materials,BVN
2009Q2,2009,Q2,2009-06-30,2009-06-30,134387000.0,212667000.0,170848000.0,0.53,129349000.0,0.6082231846,2387548000.0,1751357000.0,827045000.0,205657000.0,480441000.0,44367000.0,747171000.0,6093055859.31,5761360859.31,6.907061035013369,4.021477508667344,0.11652205526339156,0.15884939506908072,0.0754589689987072,6.907061035013369,0.07673307041339944,28.650687973733586,11.334905644351762,3.47904845174913,0.04102331326690826,1.8779272882998626,0.0009048005019642659,0.08907339245116748,3.5133498981313545,0.05628661706487158,35.24972438769135,0.6082231846031589,0.358974358974359,1.0411403888050645,1.8759764839322721,2.101750697932566,0.4352973812694185,0.3399840462658291,0.21689209883402066,-0.02326816668240161,0.2658250610445466,0.6219778549830008,Other Precious Metals & Mining,Basic Materials,BVN
2009Q1,2009,Q1,2009-03-31,2009-03-31,100290000.0,176971000.0,140397000.0,0.39,90120000.0,0.5092359765,2290935000.0,1621698000.0,728954000.0,219338000.0,515781000.0,47311000.0,612784000.0,6085156742.72,5973694742.72,6.390684691322731,3.323427769014033,0.16670660669115447,0.23550254116364452,0.05832469238766628,6.390684691322731,0.061842587214142215,34.38505033434857,15.168902040881445,3.752336589623962,0.0,1.8357464437445836,0.0,0.07724837238943924,2.9556757151063655,0.04377688585664805,519.388591901673,0.5092359765159263,57.2089552238806,1.0048980329729755,1.612514144085835,2.1116779089759135,-0.07068832173240526,58.16814159292036,1.4148038503128821,-0.1958625537975927,0.34409246486275596,0.731677428410289,Other Precious Metals & Mining,Basic Materials,BVN
2008Q4,2008,Q4,2008-12-31,2008-12-31,1695000.0,165185000.0,-338466000.0,0.0067,96975000.0,0.5870690438,2268298000.0,1531601000.0,788487000.0,213465000.0,539306000.0,43472000.0,517583000.0,5068491173.76,4841034173.76,6.019442645564853,3.693753074274471,0.14429100585549165,0.2136946894132349,-0.018952589878673612,6.019442645564853,0.0011066850961836665,30.683725361019466,747.5650698761062,3.3092764850375525,34.12566371681416,1.569055944055944,0.011412272018832352,0.07282332391952027,3.3234581781556694,0.0007472563128830516,24.897047685702777,0.5870690437993764,-0.9647368421052631,-0.948469447621275,1.482337834101892,2.2786505224070646,0.0936865611043443,-0.964357060246031,-5.7396235926735,-0.9821215950097452,0.6861470339755597,0.8300165296174363,Other Precious Metals & Mining,Basic Materials,BVN
2008Q3,2008,Q3,2008-09-30,2008-09-30,47555000.0,207565000.0,71412000.0,0.19,88668000.0,0.4271818467,2374025000.0,1553300000.0,775345000.0,241910000.0,628306000.0,46481000.0,561870000.0,5974305861.440001,5891441861.440001,6.104723267584629,3.205096936877351,0.17488189888480535,0.2672851348741389,0.024651954045552774,6.104723267584629,0.030615463851155603,28.782819172018407,31.407348656502997,3.8462021898152323,0.0,2.5579699231944235,0.0,0.08743168248017608,2.8550328634616178,0.02003138130390371,30.208657929695402,0.42718184665044684,-0.2083333333333333,2.003854690508641,2.392762440213581,2.6462305380976665,-0.3893598705278744,-0.6093275060381512,-0.22941125690607736,0.16802854516729437,1.5904219871167926,0.7327490124431116,Other Precious Metals & Mining,Basic Materials,BVN
2008Q2,2008,Q2,2008-06-30,2008-06-30,121726000.0,216355000.0,92672000.0,0.24,145205000.0,0.6711423355,2349609000.0,1448718000.0,679155000.0,252668000.0,723747000.0,49152000.0,461285000.0,16632894981.36,16703534981.36,2.8468494440123187,2.6879343644624565,0.22686881093833058,0.3679480754708646,0.03689077974985601,2.8468494440123187,0.08402325366289368,76.87779335518015,34.160522364490745,11.481112943554233,0.24908400834661454,1.4475504557291667,0.0018228937316070797,0.09208127820416077,2.3517065873003307,0.05180691766161944,87.0604291094478,0.6711423355133923,2.0,1.3630654465298793,0.9557530373991844,0.5045518488613924,-0.10557211846449514,3.0068915487849113,-0.9299203482203692,-0.2630190769455402,0.22799792771613803,-0.1021632531352209,Other Precious Metals & Mining,Basic Materials,BVN
2008Q1,2008,Q1,2008-03-31,2008-03-31,-60654000.0,226258000.0,1322381000.0,-0.24,162344000.0,0.7175171707,2259496000.0,1323013000.0,556721000.0,654302000.0,773777000.0,41696000.0,339559000.0,8714649734.0,8912849734.0,5.199657660733241,0.8508624457819172,0.23615310671052306,0.40331198559651343,0.26766493463382235,5.199657660733241,-0.04584535450520894,38.51642697274792,-35.919517814159,6.586972111385149,0.0,1.53285686876439,0.0,0.10013649061560631,0.7510828333093893,-0.026844039555723932,-17.593233215098287,0.7175171706635788,-1.489795918367347,-2.131750326907868,3.4189136176027386,1.9224752840056978,-0.26360910645516855,-1.4901887890347192,2.579604299701425,-1.957964367232747,1.9220280567751864,0.8202785256562612,Other Precious Metals & Mining,Basic Materials,BVN
2007Q4,2007,Q4,2007-12-31,2007-12-31,123736000.0,238233000.0,369421000.0,0.49,220459000.0,0.925392368,1981469000.0,1414602000.0,565442000.0,163687000.0,401253000.0,35149000.0,1056937000.0,7200717882.400001,6903224882.400001,5.559617423402917,3.4544099409238362,0.04245284685251195,0.05946478232039824,0.21636475622456375,5.559617423402917,0.08747053941674054,30.225526616379764,14.548550709575224,5.090278313193393,0.18507952414818646,0.5056758371504168,0.0031803773420945487,0.1202304956575147,3.141733919003953,0.062446598962688796,30.71126983728915,0.9253923679758892,0.22499999999999992,1.4958229080370304,3.561478854366169,1.6848388850632876,0.906721904135891,0.23871019411158162,3.160474361717703,1.1267747533873564,1.4470425486360141,1.1318583191898803,Other Precious Metals & Mining,Basic Materials,BVN
2007Q3,2007,Q3,2007-09-30,2007-09-30,99891000.0,195816000.0,88793000.0,0.4,115622000.0,0.590462475,1864005000.0,1315289000.0,364105000.0,162534000.0,403513000.0,34035000.0,959780000.0,6344519448.679999,6236878448.679999,5.169301076352359,2.2401774397972116,0.05629920520599462,0.07978626750470809,0.05307429483172241,5.169301076352359,0.07594604683837544,32.400413902234746,15.8786063025698,4.8236695119323585,0.0,2.356221536653445,0.0,0.10505122035616857,1.980047251651962,0.053589448526157386,140.13604825462735,0.5904624749765086,1.352941176470588,1.9587866618317034,2.9195166109042527,1.7160422669147597,-0.097887148118095,1.322344407504708,-0.5453926417432086,2.465118130627726,1.81860037021353,1.0986538816845601,Other Precious Metals & Mining,Basic Materials,BVN
2007Q2,2007,Q2,2007-06-30,2007-06-30,43013000.0,187787000.0,195318000.0,0.17,128168000.0,0.6825179592,1739663000.0,1215985000.0,313437000.0,154083000.0,401248000.0,31168000.0,859889000.0,4765704803.440001,4809657803.440001,4.779020100775057,2.034208835497751,0.07489381564130525,0.10714770330226113,0.1555379864583939,4.779020100775057,0.035372969238929755,25.378246648809558,27.69921188617395,3.919213479968914,0.0,1.9128272587268993,0.0,0.10794446970476466,1.7737388290726426,0.02472490361639007,-23.348822459764147,0.6825179591771529,-0.19047619047619038,1.8250709904028954,3.3813560644097955,1.6756651685476551,0.25276615709426437,-0.17695796100342512,0.22768157390238536,-0.34896043890028267,1.530712313280814,1.1461123418296395,Other Precious Metals & Mining,Basic Materials,BVN
2007Q1,2007,Q1,2007-03-31,2007-03-31,52261000.0,164592000.0,159095000.0,0.21,102308000.0,0.6215854963,1689552000.0,1198691000.0,358440000.0,184239000.0,395932000.0,28735000.0,841739000.0,3810273861.7999997,3622208861.7999997,4.711051849832155,1.9455164216045462,0.006185663418468328,0.008718677290477697,0.13019413866027918,4.711051849832155,0.043598391912511233,23.149812030961407,18.227138123074567,3.1786956453331174,0.0,2.167530885679485,0.0,0.09741754027103043,1.7486851318124828,0.030931868329592698,57.97738681984175,0.6215854962574122,-0.5531914893617021,3.1223268694308075,2.7329702693498352,1.717582204803758,0.03988453407058058,-0.5623948084571907,0.7538473410353647,0.041946941409353795,1.4232515436651316,1.2938506086941184,Other Precious Metals & Mining,Basic Materials,BVN
