Year,Date,FillingDate,NetIncome,Revenue,OperatingIncome,EPSDiluted,GrossProfit,GrossProfitRatio,TotalAssets,CommonStockEquity,CurrentAssets,CurrentLiability,TotalLiability,Inventory,RetainedEarnings,EnterpriseValue,bookValuePerShare,currentRatio,debtToAssets,debtToEquity,roic,shareholdersEquityPerShare,roe,priceToSalesRatio,peRatio,pbRatio,payoutRatio,inventoryTurnover,dividendYield,assetTurnover,quickRatio,returnOnAssets,priceToFreeCashFlowsRatio,grossProfitMargin,epsdilutedGrowth,fiveYNetIncomeGrowthPerShare,fiveYRevenueGrowthPerShare,fiveYShareholdersEquityGrowthPerShare,grossProfitGrowth,netIncomeGrowth,operatingIncomeGrowth,threeYNetIncomeGrowthPerShare,threeYRevenueGrowthPerShare,threeYShareholdersEquityGrowthPerShare,Industry,Sector,Price,MarketCap,AvgVolume,Symbol
2022,2022-06-30,2022-08-15,-49100000.0,1836300000.0,-12200000.0,-1.01,149800000.0,0.0815770844,2932300000.0,1330500000.0,1119400000.0,375600000.0,1601800000.0,496100000.0,1211000000.0,1901135000.0,27.432989690721648,2.9802981895633653,0.23930020802782798,0.5273957158962796,-0.004648736800337057,27.432989690721648,-0.03690341976700488,0.7371535152208245,-27.568940936863545,1.0173881999248404,-0.7983706720977597,3.3995162265672243,0.028959062080989337,0.6262319680796644,1.428381256656017,-0.01674453500665007,-15.869109026963658,0.08157708435440832,0.7873684210526316,-2.0123711340206185,-0.010064966346881778,0.07571376227591972,148.8,0.7861498257839721,0.9319196428571429,-1.2891622939687635,-0.24123581402238573,-0.13916610206734914,Metal Fabrication,Industrials,55.59,2698905618,439596,CRS
2021,2021-06-30,2021-08-19,-229600000.0,1475600000.0,-179200000.0,-4.75,1000000.0,0.0006776904,2971200000.0,1392300000.0,1117400000.0,306300000.0,1578900000.0,425700000.0,1299300000.0,2349726000.0,28.82608695652174,3.6480574600065294,0.2367730210016155,0.5052790346907994,-0.06453045604769683,28.82608695652174,-0.1649069884364002,1.3164990512333965,-8.460914634146341,1.39526395173454,-0.17029616724738675,3.4639417430115103,0.020127394567971395,0.4966343564889607,1.9461312438785505,-0.07727517501346258,12.994153846153846,0.0006776904310111142,-238.49999999999997,-21.23444914710786,-0.18964935752042364,0.25489617396026387,-0.9972121550041818,-154.06666666666666,-2.1320277953253317,-2.190297159112751,-0.33169847388490026,-0.08433184982311996,Metal Fabrication,Industrials,55.59,2698905618,439596,CRS
2020,2020-06-30,2020-09-04,1500000.0,2181100000.0,158300000.0,0.02,358700000.0,0.1644583009,3227200000.0,1445700000.0,1266300000.0,452100000.0,1781500000.0,724300000.0,1568000000.0,1696568000.0,30.056133056133056,2.80092899800929,0.22366137828458105,0.4992737082382237,0.017864263197887437,30.056133056133056,0.0010375596596804316,0.5354490853239191,778.5786666666667,0.807821816421111,25.866666666666667,2.5160844953748445,0.03322293272869879,0.67584903321765,1.0736562707365627,0.00046479920674268716,19.335562913907285,0.16445830085736554,-0.9941690962099126,-0.9720556620045546,0.07116046820542259,0.19236186647001946,-0.19357014388489208,-0.9910179640718563,-0.34424192212096105,-0.9688149688149688,0.18559210848930485,0.17857354717024326,Metal Fabrication,Industrials,55.59,2698905618,439596,CRS
2019,2019-06-30,2019-08-29,167000000.0,2380200000.0,241400000.0,3.43,444800000.0,0.1868750525,3187800000.0,1520100000.0,1236200000.0,416000000.0,1667700000.0,787700000.0,1605300000.0,2841486000.0,31.867924528301888,2.9716346153846156,0.17890080933559194,0.37517268600749953,0.08928337302093521,31.867924528301888,0.10986119334254325,0.9655432316612049,13.761592814371257,1.5118650088809946,0.2311377245508982,2.4570267868477846,0.016795855513870504,0.7466591379634858,0.9882211538461538,0.052387226300269776,44.1110556621881,0.18687505251659525,-0.12499999999999994,0.40516468389280386,0.22394683754598316,0.12913672629029485,0.16378859236002094,-0.11405835543766578,0.29021913415285944,13.902691972319623,0.3235688477046833,0.3873175579792929,Metal Fabrication,Industrials,55.59,2698905618,439596,CRS
2018,2018-06-30,2018-08-14,188500000.0,2157700000.0,187100000.0,3.92,382200000.0,0.1771330583491681,3007000000.0,1485900000.0,1178800000.0,363300000.0,1521100000.0,689200000.0,1475900000.0,2970804000.0,31.48093220338983,3.2447013487475913,0.18147655470568674,0.3672521704017767,0.1083638499227806,31.48093220338983,0.1268591426071741,1.1499763637206284,13.163416445623342,1.6698997240729525,0.18249336870026525,2.5761752756819503,0.013863678130531364,0.7175590289324909,1.1965317919075145,0.06268706351845693,33.44075471698113,0.1771330583491681,2.9595959595959593,0.44602170558823195,0.06451983245579547,0.2779842786887591,0.3443545550474851,3.0106382978723403,0.9248971193415638,2.578631651892704,0.07987403263779416,0.24888531103273637,Metal Fabrication,Industrials,55.59,2698905618,439596,CRS
2017,2017-06-30,2017-08-11,47000000.0,1797600000.0,97200000.0,0.99,284300000.0,0.15815531820204717,2878100000.0,1198600000.0,1093600000.0,396000000.0,1679500000.0,690400000.0,1321800000.0,2297910000.0,25.50212765957447,2.7616161616161614,0.21020812341475278,0.5047555481394961,0.03608168278826961,25.50212765957447,0.039212414483564155,0.9786437472185135,37.43,1.4677206741198063,0.725531914893617,2.191917728852839,0.019383700638354717,0.6245787151245613,0.9007575757575758,0.016330217852055174,57.11720779220779,0.15815531820204717,3.3043478260869565,-0.6113861386138614,-0.11203002866315197,0.08819551799778726,0.11098085189527158,3.15929203539823,0.8837209302325582,-0.598644578313253,-0.06187073464472098,-0.09641467509451629,Metal Fabrication,Industrials,55.59,2698905618,439596,CRS
2016,2016-06-30,2016-08-18,11300000.0,1813400000.0,51600000.0,0.23,255900000.0,0.1411161354361972,2794300000.0,1104900000.0,1010700000.0,298800000.0,1689400000.0,628700000.0,1308900000.0,2113233000.0,22.97089397089397,3.3825301204819276,0.2187667752209856,0.5532627387093855,0.01580235403799091,22.97089397089397,0.010227169879627115,0.8734603507223999,140.17106194690265,1.4335532627387093,3.079646017699115,2.4773341816446637,0.02197062628280363,0.6489639623519308,1.1231593038821954,0.004043946605589951,9.795504019789734,0.1411161354361972,-0.7927927927927928,-0.8540804076015344,-0.007463730405644207,0.32299389332169803,-0.19604147031102734,-0.807495741056218,-0.537219730941704,-0.9149373666827466,-0.1220834644702233,-0.06748500417443709,Metal Fabrication,Industrials,55.59,2698905618,439596,CRS
2015,2015-06-30,2015-08-25,58700000.0,2226700000.0,111500000.0,1.11,318300000.0,0.14294696187182826,2905900000.0,1325900000.0,1070400000.0,322100000.0,1580000000.0,655800000.0,1332400000.0,2571668000.0,25.20722433460076,3.3231915554175724,0.2089197838879521,0.45787766799909496,0.03800173372513431,25.20722433460076,0.04427181537069161,0.913714465352315,34.66044293015332,1.534480730070141,0.645655877342419,2.910033546813053,0.018628033076309072,0.766268625899033,1.161440546414157,0.02020028218452115,18.149580731489742,0.14294696187182826,-0.5506072874493927,22.329078399420602,0.5504801546036918,0.9298868997017323,-0.20205565304587617,-0.5579819277108434,-0.4740566037735849,-0.5663187516470278,-0.01716855518743297,0.07561176495714426,Metal Fabrication,Industrials,55.59,2698905618,439596,CRS
2014,2014-06-30,2014-08-26,132800000.0,2173000000.0,212000000.0,2.47,398900000.0,0.183571099861942,3057500000.0,1504300000.0,1194500000.0,430600000.0,1553200000.0,699200000.0,1311600000.0,3855525000.0,28.223264540337713,2.7740362285183466,0.19764513491414554,0.40171508342750784,0.0679826751584482,28.223264540337713,0.0882802632453633,1.5514150943396225,25.385730421686745,2.2410589643023333,0.28990963855421686,2.5373283752860414,0.011420181091443023,0.7107113654946852,1.0673478866697632,0.04343417825020442,-30.759352189781023,0.183571099861942,-0.09523809523809516,1.283493989589005,0.31378494514367666,1.0081058562736231,-0.07981545559400231,-0.09103353867214237,-0.08895573700042973,0.5475728668445947,0.07332283262078501,0.6255008047915543,Metal Fabrication,Industrials,55.59,2698905618,439596,CRS
2013,2013-06-30,2013-08-23,146100000.0,2271700000.0,232700000.0,2.73,433500000.0,0.1908262534665669,2882900000.0,1303100000.0,1281500000.0,421200000.0,1579800000.0,659200000.0,1217300000.0,2766346000.0,24.63327032136106,3.042497625830959,0.20958063061500573,0.4636635714833858,0.0824433672297715,24.63327032136106,0.11211725884429438,1.0651256768059163,16.5615742642026,1.856838308648607,0.2621492128678987,2.7885315533980584,0.015828761727955245,0.7879912588019009,1.4233143399810066,0.05067813659856395,-19.882054231717337,0.1908262534665669,0.07905138339920956,-0.5176520881423359,0.06616305472751875,0.42363394969734447,0.10869565217391304,0.20544554455445543,0.10756782484531176,56.735079665136375,0.5728436484026577,0.8859444839688707,Metal Fabrication,Industrials,55.59,2698905618,439596,CRS
2012,2012-06-30,2012-08-22,121200000.0,2028700000.0,210100000.0,2.53,391000000.0,0.19273426332133878,2627800000.0,1103800000.0,1249700000.0,554200000.0,1514700000.0,642000000.0,1109600000.0,2449164000.0,23.43524416135881,2.2549621075424033,0.15484435649592815,0.36863562239536146,0.08966845972044872,23.43524416135881,0.10980250045298061,1.110693547592054,18.591287128712874,2.041369813371988,0.27805280528052806,2.5509345794392524,0.014956081488897882,0.7720146129842453,1.0198484301696138,0.046122231524469134,-194.24689655172415,0.19273426332133878,0.5911949685534589,-0.41784785143984937,0.13837433329752558,0.12819289116216437,0.570281124497992,0.7070422535211267,1.179460580912863,1.3583633631637038,0.38799750577930153,0.6674347142360644,Metal Fabrication,Industrials,55.59,2698905618,439596,CRS
2011,2011-06-30,2011-08-24,71000000.0,1675100000.0,96400000.0,1.59,249000000.0,0.1486478419198854,1991900000.0,765700000.0,1157600000.0,395400000.0,1215900000.0,328600000.0,1022100000.0,2558988000.0,17.36281179138322,2.9276681841173495,0.2549324765299463,0.6631840146271386,0.06181625978304906,17.36281179138322,0.09272561055243568,1.5185290430422065,35.82659154929577,3.3220425754211833,0.45211267605633804,4.339926962872794,0.012619472199420684,0.8409558712786787,1.9787556904400607,0.03564435965660927,-165.17454545454547,0.1486478419198854,38.75,-0.616889248617294,0.22076265782425705,-0.07525550640841785,0.7196132596685083,32.80952380952381,7.239316239316239,-0.7188192285676724,-0.056959222559427466,0.0034513487632104175,Metal Fabrication,Industrials,55.59,2698905618,439596,CRS
2010,2010-06-30,2010-08-20,2100000.0,1198600000.0,11700000.0,0.04,144800000.0,0.12080760887702319,1583200000.0,573400000.0,820200000.0,218100000.0,1009800000.0,203600000.0,983200000.0,1540637000.0,13.061503416856493,3.7606602475928472,0.16397170288024254,0.45273805371468434,0.006275701770069729,13.061503416856493,0.0036623648412975234,1.2024336726180544,686.3033333333333,2.5134931984652944,15.19047619047619,5.175834970530452,0.022133764259452127,0.7570742799393633,2.5635029802842735,0.0013264274886306215,20.29911267605634,0.12080760887702319,-0.9629629629629629,-0.9829346073346839,0.004266779134798478,-0.12816268269314846,-0.30115830115830117,-0.9561586638830898,-0.8171875,-0.9891779492444416,-0.27839767093418444,-0.37120794640215066,Metal Fabrication,Industrials,55.59,2698905618,439596,CRS
2009,2009-06-30,2009-08-20,47900000.0,1362300000.0,64000000.0,1.08,207200000.0,0.15209572047272993,1497400000.0,617000000.0,749700000.0,198500000.0,880400000.0,185400000.0,1013000000.0,852059000.0,14.054669703872438,3.7768261964735514,0.18605583010551624,0.45153970826580225,0.054332645668063256,14.054669703872438,0.07763371150729335,0.6706004551126771,19.072212943632568,1.4806466774716367,0.6576200417536534,6.230312837108953,0.034480531635066806,0.9097769467076265,2.447858942065491,0.03198878055295846,31.286267123287672,0.15209572047272993,-0.8105263157894737,0.37292762762591747,0.3825936722318151,0.18336173040282505,-0.5468066491688539,-0.8275117032769176,-0.782016348773842,-0.7403576245265121,-0.0026735816261639817,-0.2514473707332021,Metal Fabrication,Industrials,55.59,2698905618,439596,CRS
2008,2008-06-30,2008-08-25,277700000.0,1953500000.0,293600000.0,5.7,457200000.0,0.23404146403890452,1712200000.0,839200000.0,966700000.0,325600000.0,873000000.0,209000000.0,996600000.0,2013425000.0,17.303092783505154,2.968980343980344,0.1750379628548067,0.3571258341277407,0.17385609715348105,17.303092783505154,0.33091039084842705,1.0837087279242386,7.623424558876485,2.5226704003813154,0.11019085343896291,7.15933014354067,0.01445424593474333,1.1409297979208037,2.1305282555282554,0.16218899661254527,21.25527108433735,0.23404146403890452,0.32097334878331396,21.449189760143764,0.7999984247550498,0.419268175183877,-0.0010924186148131964,0.22227112676056338,-0.0932674490426189,1.042657967055959,0.48153194566252544,0.1549575505997374,Metal Fabrication,Industrials,55.59,2698905618,439596,CRS
TTM,,,,,,,,,,,,,,,,3479865839.0,27.19672131147541,2.4496323529411765,0.2618685970978897,0.6105334538878843,0.019459410469778168,27.19672131147541,0.015513848948085364,1.1426061543359225,131.9861463414634,2.0386648583484024,1.9170731707317072,2.9076576576576576,0.014428713139146903,0.7613676760495104,0.9886029411764706,0.006625084833403355,-19.628404494545453,0.12322254764633474,,,,,,,,,,,Metal Fabrication,Industrials,55.59,2698905618,439596,CRS
