Quarters,Year,Quarter,FillingDate,Date,NetIncome,Revenue,OperatingIncome,EPSDiluted,GrossProfit,GrossProfitRatio,TotalAssets,CommonStockEquity,CurrentAssets,CurrentLiability,TotalLiability,Inventory,RetainedEarnings,MarketCap,EnterpriseValue,bookValuePerShare,currentRatio,debtToAssets,debtToEquity,roic,shareholdersEquityPerShare,roe,priceToSalesRatio,peRatio,pbRatio,payoutRatio,inventoryTurnover,dividendYield,assetTurnover,quickRatio,returnOnAssets,priceToFreeCashFlowsRatio,grossProfitMargin,epsdilutedGrowth,fiveYNetIncomeGrowthPerShare,fiveYRevenueGrowthPerShare,fiveYShareholdersEquityGrowthPerShare,grossProfitGrowth,netIncomeGrowth,operatingIncomeGrowth,threeYNetIncomeGrowthPerShare,threeYRevenueGrowthPerShare,threeYShareholdersEquityGrowthPerShare,Industry,Sector,Symbol
2023Q3,2023,Q3,2023-03-31,2023-03-31,18600000.0,690100000.0,39300000.0,0.38,93500000.0,0.1354876105,3094300000.0,1327200000.0,1332600000.0,544000000.0,1767100000.0,710400000.0,1199500000.0,2184288000.0,2972288000.0,27.19672131147541,2.4496323529411765,0.2618685970978897,0.6105334538878843,0.014189378057302585,27.19672131147541,0.014014466546112115,3.165176061440371,29.358709677419355,1.6457866184448462,0.5268817204301075,0.8398085585585585,0.004486587849221348,0.22302297773325147,0.9886029411764706,0.006011052580551336,-134.8325925925926,0.13548761049123315,1.923076923076923,-0.4042992074693301,0.16650431753198747,-0.06375519954661264,0.3357142857142857,2.0,0.7389380530973452,-0.5405213854307901,0.16194230370714705,-0.19174402528145357,Metal Fabrication,Industrials,CRS
2023Q2,2023,Q2,2023-01-26,2022-12-31,6200000.0,579100000.0,22600000.0,0.13,70000000.0,0.1208772233,3056500000.0,1321100000.0,1283400000.0,510300000.0,1735400000.0,722700000.0,1190700000.0,1802672000.0,2565872000.0,27.07172131147541,2.5149911816578485,0.25624079829870766,0.5928393005828476,0.00860845006736487,27.07172131147541,0.004693058814624177,3.1128855120013816,72.68838709677419,1.3645235031413214,1.596774193548387,0.7044416770444167,0.0054918476572554525,0.18946507443153934,0.9045659416029787,0.002028463929330934,-17.333384615384617,0.12087722327749957,1.9285714285714286,-0.9348890194193766,0.1482433676795783,-0.04414628523216676,0.2773722627737226,1.8985507246376812,2.830508474576271,-0.8424983099543688,-0.0038512430978744003,-0.18788212855060052,Metal Fabrication,Industrials,CRS
2023Q1,2023,Q1,2022-10-27,2022-09-30,-6900000.0,522900000.0,5900000.0,-0.14,54800000.0,0.104800153,2939900000.0,1306800000.0,1151500000.0,410900000.0,1633100000.0,616100000.0,1194300000.0,1516518000.0,2165518000.0,26.833675564681723,2.8023850085178874,0.23864757304670228,0.536883991429446,0.0025864665093566427,26.833675564681723,-0.005280073461891644,2.9002065404475044,-54.94630434782609,1.160482093663912,-1.4202898550724639,0.759779256614186,0.006462171896410066,0.17786319262559952,1.0776344609394013,-0.0023470186060750367,-16.573967213114756,0.10480015299292408,-3.8,-1.2851840151634812,0.05402362209442158,0.026698715756709308,-0.2388888888888889,-3.6538461538461537,1.728395061728395,-1.1647245868304061,-0.12143787676725021,-0.18495050123763182,Metal Fabrication,Industrials,CRS
2022Q4,2022,Q4,2022-08-15,2022-06-30,2600000.0,563800000.0,-8100000.0,0.05,72000000.0,0.1277048599,2932300000.0,1330500000.0,1119400000.0,375600000.0,1601800000.0,496100000.0,1211000000.0,1356426000.0,1903926000.0,27.376543209876544,2.9802981895633653,0.23930020802782798,0.5273957158962796,-0.0019097987365946823,27.376543209876544,0.001954152574220218,2.4058637814827954,130.42557692307693,1.0194859075535512,3.769230769230769,0.9913323926627696,0.007224868883374397,0.19227227773420183,1.428381256656017,0.0008866759881321829,18.28067385444744,0.12770485987938984,1.3333333333333335,-0.9011861534737352,0.07622368609828392,0.0757844027909104,0.8227848101265823,1.3466666666666667,-2.396551724137931,-0.9478148905551769,-0.13726339373361515,-0.14093736523181954,Metal Fabrication,Industrials,CRS
2022Q3,2022,Q3,2022-04-28,2022-03-31,-7500000.0,489000000.0,5800000.0,-0.15,39500000.0,0.0807770961,3230200000.0,1347100000.0,1399700000.0,633800000.0,1883100000.0,526500000.0,1218200000.0,2040227999.9999998,2646728000.0,27.718106995884774,2.2084253707794255,0.30970218562318125,0.7426323212827556,0.0022235739734500154,27.718106995884774,-0.005567515403459283,4.172245398773006,-68.0076,1.51453344220919,-1.2933333333333332,0.8537511870845205,0.004754370589953673,0.15138381524363817,1.1519406752918901,-0.0023218376571110147,200.02235294117645,0.08077709611451943,0.75,-1.3503906482972505,-0.0014754337671005276,0.1215143154326657,2.015267175572519,0.7448979591836735,1.2329317269076305,-1.1440530550119592,-0.2130768249804158,-0.1511596663432821,Metal Fabrication,Industrials,CRS
2022Q2,2022,Q2,2022-02-02,2021-12-31,-29400000.0,396000000.0,-24900000.0,-0.6,13100000.0,0.0330808081,2879900000.0,1333100000.0,1044300000.0,294300000.0,1546800000.0,534700000.0,1235500000.0,1418634000.0,2026434000.0,27.430041152263374,3.5484199796126403,0.2446959963887635,0.5286175080639112,-0.010215384615384616,27.430041152263374,-0.022053859425399443,3.582409090909091,-12.063214285714286,1.064161728302453,-0.336734693877551,0.7161024873760987,0.006978544148807937,0.1375047744713358,1.3724091063540604,-0.01020868780165978,-13.099113573407202,0.03308080808080808,-0.9354838709677419,-5.061728395061729,-0.10397060607636181,0.14059270473005273,-0.4801587301587302,-0.9864864864864865,-0.3036649214659686,-1.81283255086072,-0.3015873015873015,-0.13091134974230295,Metal Fabrication,Industrials,CRS
2022Q1,2022,Q1,2021-10-28,2021-09-30,-14800000.0,387600000.0,-19100000.0,-0.31,25200000.0,0.06501547987616099,2959900000.0,1367600000.0,1126900000.0,332400000.0,1592300000.0,491400000.0,1274700000.0,1587890000.0,2078290000.0,28.197938144329896,3.3901925391095067,0.23771073347072535,0.5144779175197426,-0.005393009768009768,28.197938144329896,-0.010821877742029834,4.0967234262125904,-26.822466216216217,1.16107780052647,-0.6621621621621622,0.7374847374847375,0.006171712146307364,0.13095036994493056,1.578820697954272,-0.005000168924625832,-25.861400651465797,0.06501547987616099,0.7372881355932203,-1.3083471898902563,-0.03646993347997769,0.17984057361858516,2.183098591549296,0.7408056042031523,0.730225988700565,-1.461122565864834,-0.3354168017463096,-0.09960296795458304,Metal Fabrication,Industrials,CRS
2021Q4,2021,Q4,2021-08-19,2021-06-30,-57100000.0,421600000.0,-70800000.0,-1.18,-21300000.0,-0.05052182163187856,2971200000.0,1392300000.0,1117400000.0,306300000.0,1578900000.0,425700000.0,1299300000.0,1946648000.0,2398248000.0,28.766528925619834,3.6480574600065294,0.24872105546580506,0.5307764131293543,-0.023519240995018856,28.766528925619834,-0.04101127630539395,4.617286527514231,-8.522977232924694,1.3981526969762264,-0.17162872154115585,1.0404040404040404,0.005034294849402665,0.14189553042541733,1.9461312438785505,-0.019217824448034465,37.00851711026616,-0.05052182163187856,-0.40476190476190477,-4.713447778578956,-0.10741996002289567,0.22106091647350012,-2.6640625,-0.40987654320987654,-0.77,-2.30654784892253,-0.3318944074460403,-0.08235179280275916,Metal Fabrication,Industrials,CRS
2021Q3,2021,Q3,2021-04-29,2021-03-31,-40500000.0,351900000.0,-40000000.0,-0.84,12800000.0,0.036373969877806195,3011000000.0,1381200000.0,1150400000.0,269300000.0,1629800000.0,535500000.0,1366200000.0,1987545000.0,2446945000.0,28.596273291925467,4.271815818789454,0.23367651942876122,0.5094121054155807,-0.0135245109219609,28.596273291925467,-0.029322328410078192,5.648039215686275,-12.268796296296296,1.4389986967854038,-0.2419753086419753,0.6332399626517273,0.004930705971437125,0.11687147127200266,1.9435573709617526,-0.013450680836931251,-134.29358108108107,0.036373969877806195,0.5227272727272727,-0.6524597832584007,-0.24795717103409418,0.1346962696290561,1.1333333333333333,0.5229681978798587,0.550561797752809,-2.3105178725679734,-0.3990113346981575,-0.015575742557886331,Metal Fabrication,Industrials,CRS
2021Q2,2021,Q2,2021-01-29,2020-12-31,-84900000.0,348800000.0,-89000000.0,-1.76,6000000.0,0.017201834862385322,3043900000.0,1332900000.0,1152600000.0,265800000.0,1711000000.0,565100000.0,1416500000.0,1406496000.0,1839796000.0,27.596273291925467,4.336343115124153,0.23151220473734355,0.5286968264686023,-0.0385874642039107,27.596273291925467,-0.06369570110285842,4.032385321100917,-4.141625441696113,1.0552149448570785,-0.1154299175500589,0.6066182976464343,0.006967670011148272,0.11458983540852197,1.8875094055680963,-0.02789184927231512,24.67536842105263,0.017201834862385322,-0.7959183673469388,-8.459033216311099,-0.20592436672927295,0.0966597203957351,0.7142857142857143,-0.802547770700637,-0.8237704918032787,-1.9008301805356047,-0.3012375672410969,-0.02562529968665311,Metal Fabrication,Industrials,CRS
2021Q1,2021,Q1,2020-10-22,2020-09-30,-47100000.0,353300000.0,-48800000.0,-0.98,3500000.0,0.009906594961788848,3128700000.0,1407500000.0,1187900000.0,264500000.0,1721200000.0,633900000.0,1511200000.0,877128000.0,1363128000.0,29.1407867494824,4.491115311909263,0.22530124332789978,0.5008170515097691,-0.016400025686580902,29.1407867494824,-0.03346358792184725,2.48267195018398,-4.655668789808917,0.6231815275310835,-0.2059447983014862,0.5518220539517275,0.011058819237329102,0.11292229999680378,1.7746691871455575,-0.015054175855786748,16.03524680073126,0.009906594961788848,0.6016260162601627,-6.44553004396678,-0.20206194093471255,0.13396265381246114,1.6481481481481481,0.6021959459459459,0.6707152496626181,-2.962812549769071,-0.281945893604737,0.11497242558945664,Metal Fabrication,Industrials,CRS
2020Q4,2020,Q4,2020-09-04,2020-06-30,-118400000.0,437300000.0,-148200000.0,-2.46,-5400000.0,-0.012348502172421678,3227200000.0,1445700000.0,1266300000.0,452100000.0,1781500000.0,724300000.0,1568000000.0,1167868000.0,1708068000.0,30.056133056133056,2.80092899800929,0.22722483886960834,0.5072283322957737,-0.05397874059203212,30.056133056133056,-0.08189804247077541,2.670633432426252,-2.4659375,0.807821816421111,-0.08192567567567567,0.6112108242440978,0.008305733182174698,0.13550446207238473,1.0736562707365627,-0.03668815071888944,10.665461187214612,-0.012348502172421678,-4.0,-6.568547008547009,-0.1705392847174529,0.15382545633695804,-1.0493150684931507,-3.9674185463659146,-3.524701873935264,-5.54660633484163,-0.15657174727491852,0.18108115046209486,Metal Fabrication,Industrials,CRS
2020Q3,2020,Q3,2020-04-30,2020-03-31,39900000.0,585400000.0,58700000.0,0.82,109500000.0,0.18705158865732832,3429400000.0,1618500000.0,1377100000.0,516000000.0,1810900000.0,869000000.0,1696100000.0,937950000.0,1579050000.0,33.648648648648646,2.668798449612403,0.21406076864757684,0.4535681186283596,0.019852164677025667,33.648648648648646,0.02465245597775718,1.6022377861291424,5.8768796992481205,0.5795180722891566,0.24310776942355888,0.5476409666283084,0.010341702649394957,0.17070041406660058,0.9058139534883721,0.011634688283664782,41.50221238938053,0.18705158865732832,0.03797468354430369,32.16632016632017,0.12191929857545011,0.264408429003371,-0.027531083481349913,0.028350515463917526,0.06727272727272728,0.8834553617162312,0.20779660897904145,0.3614725262452535,Metal Fabrication,Industrials,CRS
2020Q2,2020,Q2,2020-01-30,2019-12-31,38800000.0,573000000.0,55000000.0,0.79,112600000.0,0.19650959860383943,3403600000.0,1603400000.0,1357700000.0,499400000.0,1800200000.0,896600000.0,1665900000.0,2394418000.0,3045818000.0,33.33471933471934,2.7186623948738484,0.20017040780350218,0.42490956716976425,0.01840079501091847,33.33471933471934,0.02419857802170388,4.178739965095986,15.427951030927835,1.493337906947736,0.25,0.5134954271693063,0.004051088824090029,0.1683511575978376,0.8173808570284341,0.011399694441179928,-96.1613654618474,0.19650959860383943,-0.07058823529411758,0.787355181546053,0.15998762607077704,0.20601220357317934,0.0,-0.05825242718446602,-0.0802675585284281,4.416097416097417,0.31000479620039745,0.38612032976361044,Metal Fabrication,Industrials,CRS
2020Q1,2020,Q1,2019-10-24,2019-09-30,41200000.0,585400000.0,59800000.0,0.85,112600000.0,0.19234711308507005,3341500000.0,1577000000.0,1309600000.0,466600000.0,1764500000.0,837600000.0,1636800000.0,2474514000.0,3088614000.0,32.92275574112735,2.806686669524218,0.19114170282807122,0.4050095117311351,0.020459522115667518,32.92275574112735,0.02612555485098288,4.2270481721899555,15.015254854368932,1.5691274571972098,0.2354368932038835,0.5644699140401146,0.003919961657117317,0.17519078258267246,0.8744106300900129,0.012329792009576537,-52.87423076923077,0.19234711308507005,-0.15000000000000002,2.408644552694658,0.189231081182681,0.1857067870416109,-0.0838079739625712,-0.1574642126789366,-0.11799410029498525,7.506431409522527,0.47346710960602373,0.3775334501372759,Metal Fabrication,Industrials,CRS
2019Q4,2019,Q4,2019-08-29,2019-06-30,48900000.0,641400000.0,67800000.0,1.0,122900000.0,0.19161209853445588,3187800000.0,1520100000.0,1236200000.0,416000000.0,1667700000.0,787700000.0,1605300000.0,2298186000.0,2841486000.0,31.867924528301888,2.9716346153846156,0.17890080933559194,0.37517268600749953,0.02533581172534966,31.867924528301888,0.0321689362541938,3.5830776426566886,11.749417177914111,1.5118650088809946,0.1983640081799591,0.6582455249460455,0.004220720167993365,0.20120459250894032,0.9882211538461538,0.015339732731037078,18.29765923566879,0.19161209853445588,-0.04761904761904766,0.43683454662506815,0.1876369219630631,0.13125518168671194,-0.002435064935064935,-0.043052837573385516,-0.07377049180327869,2.226837195559495,0.37785179658203516,0.3527067249319926,Metal Fabrication,Industrials,CRS
2019Q3,2019,Q3,2019-04-25,2019-03-31,51100000.0,609900000.0,73200000.0,1.05,123200000.0,0.20200032792261027,3240200000.0,1557600000.0,1309200000.0,517400000.0,1682600000.0,861000000.0,1566100000.0,2257164000.0,2914264000.0,32.65408805031446,2.530344027831465,0.20862909696932289,0.4340010272213662,0.024627349148828585,32.65408805031446,0.03280688238315357,3.700875553369405,11.042876712328768,1.4491294298921418,0.18786692759295498,0.5652729384436701,0.004253124717565937,0.18822912165915684,0.7904909161190569,0.015770631442503548,-57.876,0.20200032792261027,0.43835616438356173,0.8659856675025006,0.20343018845712602,0.22112039085228438,0.15140186915887852,0.4394366197183099,0.3212996389891697,3.111181284703034,0.31980780601970726,0.295709812274483,Metal Fabrication,Industrials,CRS
2019Q2,2019,Q2,2019-01-31,2018-12-31,35500000.0,556500000.0,55400000.0,0.73,107000000.0,0.19227313566936208,3161800000.0,1505500000.0,1261400000.0,498300000.0,1656300000.0,844200000.0,1524600000.0,1698597000.0,2318397000.0,31.561844863731658,2.5314067830624123,0.2050414320956417,0.4306210561275324,0.02020199737529142,31.561844863731658,0.023580205911657257,3.0522857142857145,11.961950704225352,1.1282610428429092,0.27323943661971833,0.5324567638000474,0.005710595273628765,0.17600733759251058,0.7387116195063215,0.011227781643367702,-738.5204347826087,0.19227313566936208,0.12307692307692301,0.342145471342785,0.2327044025157233,0.2196485412584616,0.1668484187568157,0.12698412698412698,0.2311111111111111,2.158144198341081,0.28286014721345953,0.25424920956848923,Metal Fabrication,Industrials,CRS
2019Q1,2019,Q1,2018-10-24,2018-09-30,31500000.0,572400000.0,45000000.0,0.65,91700000.0,0.16020265548567436,3007700000.0,1490700000.0,1188100000.0,363400000.0,1517000000.0,740500000.0,1498800000.0,2792692000.0,3321192000.0,31.317226890756302,3.2694001100715466,0.18136782258868903,0.36593546655933457,0.017274185870971154,31.317226890756302,0.021131012276111895,4.878916841369672,22.164222222222225,1.8734098074729992,0.3047619047619048,0.6491559756920999,0.0034375434168895103,0.19031153373009277,1.096862960924601,0.010473118994580576,-86.72956521739131,0.16020265548567436,-0.26136363636363635,0.015598435906154296,0.2806631677941935,0.23869254964555656,-0.20191470844212359,-0.26401869158878505,-0.24242424242424243,2.695472571050892,0.31179311057170905,0.21865500819808034,Metal Fabrication,Industrials,CRS
2018Q4,2018,Q4,2018-08-14,2018-06-30,42800000.0,618000000.0,59400000.0,0.88,114900000.0,0.1859223300970874,3007000000.0,1485900000.0,1178800000.0,363300000.0,1521100000.0,689200000.0,1475900000.0,2491818000.0,2981318000.0,31.348101265822784,3.2447013487475913,0.18147655470568674,0.3672521704017767,0.02334679232308628,31.348101265822784,0.02880409179621778,4.0320679611650485,14.555011682242991,1.676975570361397,0.20093457943925233,0.7299767846778874,0.0034512953995837576,0.20552045227801796,1.1965317919075145,0.014233455271034253,38.69282608695652,0.1859223300970874,0.3968253968253968,0.16503035916435116,0.12734367564480825,0.2725919399601145,0.196875,0.41721854304635764,0.3141592920353982,1.042681669010783,0.18951946834989264,0.20342284820150827,Metal Fabrication,Industrials,CRS
2018Q3,2018,Q3,2018-04-26,2018-03-31,30200000.0,572200000.0,45200000.0,0.63,96000000.0,0.16777350576721425,2991900000.0,1371100000.0,1191300000.0,401100000.0,1620800000.0,732600000.0,1441700000.0,2082463999.9999998,2636964000.0,29.048728813559322,2.9700822737471952,0.20097596844814333,0.4385529866530523,0.018357309653052982,29.048728813559322,0.022026110422288674,3.639398811604334,17.238940397350994,1.5188272190212238,0.2847682119205298,0.65001365001365,0.004129723250918143,0.19124970754370132,0.987534280727998,0.0100939202513453,43.20464730290456,0.16777350576721425,-0.671875,0.028785224872494825,0.1030279045903227,0.2616401923130444,0.12018669778296383,-0.6720955483170467,0.10784313725490197,25.039346246973366,0.11753164970563261,0.09155817659181333,Metal Fabrication,Industrials,CRS
2018Q2,2018,Q2,2018-02-01,2017-12-31,92100000.0,487800000.0,40800000.0,1.92,85700000.0,0.17568675686756868,2944100000.0,1336800000.0,1159500000.0,387800000.0,1607300000.0,771800000.0,1420100000.0,2406728000.0,2998628000.0,28.322033898305083,2.989943269726663,0.208077171291736,0.4582585278276481,0.05719906513120221,28.322033898305083,0.06889587073608618,4.933841738417384,6.532920738327904,1.800365050867744,0.09337676438653637,0.5209898937548588,0.0035733161370956746,0.16568730681702387,0.8197524497163486,0.03128290479263612,-1146.0609523809524,0.17568675686756868,2.9183673469387754,2.1279468412942992,0.024757358664400566,0.26188460643505346,0.0011682242990654205,2.9358974358974357,-0.02158273381294964,3.323563541739926,0.006337388272818306,0.024658949979330273,Metal Fabrication,Industrials,CRS
2018Q1,2018,Q1,2017-10-26,2017-09-30,23400000.0,479800000.0,41700000.0,0.49,85600000.0,0.1784076698624427,2892500000.0,1231000000.0,1111700000.0,381600000.0,1661500000.0,737300000.0,1336600000.0,2262213000.0,2845413000.0,26.13588110403397,2.913259958071279,0.2102333621434745,0.49398862713241265,0.015073145955778765,26.13588110403397,0.0190089358245329,4.714908295122968,24.16894230769231,1.8377034930950447,0.36752136752136755,0.5346534653465347,0.0038015872068633675,0.1658772687986171,0.8372641509433962,0.008089887640449439,-62.3199173553719,0.1784076698624427,-0.09259259259259267,-0.33082022617964385,-0.012910684248731458,0.18391774390270565,-0.07659115426105717,-0.08235294117647059,-0.06502242152466367,0.9688605803255487,-0.008738170761187799,-0.058721212342095354,Metal Fabrication,Industrials,CRS
2017Q4,2017,Q4,2017-08-11,2017-06-30,25500000.0,507700000.0,44600000.0,0.54,92700000.0,0.18258814260389994,2878100000.0,1198600000.0,1093600000.0,396000000.0,1679500000.0,690400000.0,1321800000.0,1762953000.0,2301653000.0,25.447983014861997,2.7616161616161614,0.21020812341475278,0.5047555481394961,0.016550451153685627,25.447983014861997,0.021274820624061407,3.4724305692337993,17.28385294117647,1.4708434840647422,0.3333333333333333,0.6011008111239861,0.004821455818731412,0.17640109794656197,0.9007575757575758,0.008860011813349085,30.187551369863012,0.18258814260389994,0.22727272727272735,-0.3037235450765422,-0.11904045582241077,0.2126869963596131,0.11552346570397112,0.2318840579710145,0.24581005586592178,-0.241185616129194,-0.04795084816828935,-0.09664143256422883,Metal Fabrication,Industrials,CRS
2017Q3,2017,Q3,2017-04-27,2017-03-31,20700000.0,473600000.0,35800000.0,0.44,83100000.0,0.17546452702702703,2822400000.0,1161600000.0,1051400000.0,322200000.0,1660800000.0,718300000.0,1304800000.0,1753099999.9999998,2354800000.0,24.714893617021275,3.2631905648665427,0.21906887755102042,0.5322830578512396,0.014307533783607674,24.714893617021275,0.017820247933884297,3.7016469594594588,21.172705314009658,1.509211432506887,0.41545893719806765,0.5436447166921899,0.004905595801722663,0.16780045351473924,0.8808193668528864,0.007334183673469388,40.48729792147805,0.17546452702702703,1.9333333333333336,-0.3700580270793037,-0.11906775486398184,-0.03948704921909907,0.3296,1.957142857142857,1.3246753246753247,-0.2328535669586983,-0.05159358433429388,-0.07577083435961973,Metal Fabrication,Industrials,CRS
2017Q2,2017,Q2,2017-02-02,2016-12-31,7000000.0,427400000.0,15400000.0,0.15,62500000.0,0.14623303696771175,2777400000.0,1130300000.0,1026200000.0,312100000.0,1647100000.0,700700000.0,1292700000.0,1699990000.0,2306490000.0,24.048936170212766,3.288048702338994,0.2264708000288039,0.5564894275855967,0.0073824542756942635,24.048936170212766,0.0061930460939573564,3.9775152082358445,60.713928571428575,1.5040166327523667,1.2142857142857142,0.520764949336378,0.005000029411937717,0.15388492835025563,0.8731175905158604,0.0025203427666162597,-35.269502074688795,0.14623303696771175,2.153846153846154,-0.719798052650559,-0.0634270569596825,0.39196032584727775,0.358695652173913,2.129032258064516,10.0,-0.7314100252434187,-0.039164993978321794,-0.07067378204741841,Metal Fabrication,Industrials,CRS
2017Q1,2017,Q1,2016-10-27,2016-09-30,-6200000.0,389000000.0,1400000.0,-0.13,46000000.0,0.11825192802056556,2814100000.0,1120900000.0,1043100000.0,264300000.0,1693200000.0,661600000.0,1294200000.0,1935094000.0,2493794000.0,23.899786780383796,3.9466515323496028,0.21662343200312711,0.5438486930145419,0.0009463945963921431,23.899786780383796,-0.005531269515567847,4.97453470437018,-78.02798387096773,1.7263752341868142,-1.3709677419354838,0.5184401451027811,0.004392551472951702,0.13823247219359652,1.1032917139614076,-0.0022031910735226183,-85.24643171806167,0.11825192802056556,-1.40625,-1.246062604146136,-0.11269024869099847,0.42594014056700613,-0.3741496598639456,-1.4161073825503356,-0.952054794520548,-1.2028790810604286,-0.11667808456428536,-0.054689997736775006,Metal Fabrication,Industrials,CRS
2016Q4,2016,Q4,2016-08-18,2016-06-30,14900000.0,457700000.0,29200000.0,0.32,73500000.0,0.16058553637753986,2794300000.0,1104900000.0,1010700000.0,298800000.0,1689400000.0,628700000.0,1308900000.0,1544417000.0,2073717000.0,23.55863539445629,3.3825301204819276,0.2187667752209856,0.5532627387093855,0.010880411008851275,23.55863539445629,0.013485383292605665,3.3742997596679047,25.913036912751675,1.3977889401755816,0.5704697986577181,0.6111022745347543,0.00550369492177307,0.1637977310954443,1.1231593038821954,0.0053322835772823245,17.046545253863133,0.16058553637753986,1.627450980392157,-0.4480789330657636,-0.1060247327700385,0.3629979730630974,0.5473684210526316,1.6234309623430963,2.2016460905349793,-0.5900930885641479,-0.15617134520736808,-0.04362534543263172,Metal Fabrication,Industrials,CRS
2016Q3,2016,Q3,2016-05-02,2016-03-31,-23900000.0,456300000.0,-24300000.0,-0.51,47500000.0,0.10409818102125794,2786500000.0,1187000000.0,1016100000.0,315100000.0,1599500000.0,649400000.0,1302500000.0,1612232999.9999998,2226733000.0,25.201698513800423,3.2246905744208187,0.22892517495065495,0.5374052232518955,-0.00964386591544244,25.201698513800423,-0.020134793597304128,3.5332741617356995,-16.86436192468619,1.3582417860151643,-0.3514644351464435,0.629504157684016,0.005210165031977388,0.16375381302709494,0.9343065693430657,-0.008577068006459717,32.90271428571428,0.10409818102125794,-3.2173913043478257,-1.782437307915015,-0.07962881143368347,0.7051164536032505,-0.28355957767722473,-3.0782608695652174,-2.114678899082569,-1.8158996895953123,-0.11852458046577656,0.09455652822663575,Metal Fabrication,Industrials,CRS
2016Q2,2016,Q2,2016-02-04,2015-12-31,11500000.0,443800000.0,21800000.0,0.23,66300000.0,0.1493916178458765,2840600000.0,1228000000.0,1036200000.0,335300000.0,1612600000.0,687700000.0,1334900000.0,1477176000.0,2103976000.0,25.16393442622951,3.0903668356695495,0.22808561571498978,0.5276058631921824,0.008850497897874362,25.16393442622951,0.009364820846905538,3.3284722848129786,32.112521739130436,1.2029120521172638,0.7739130434782608,0.5489312200087247,0.00602500988372408,0.15623459832429767,0.8634059051595586,0.004048440470323171,140.68342857142858,0.1493916178458765,0.2777777777777779,0.11746430460074034,0.0677768030168124,0.8091449432616913,-0.033527696793002916,0.29213483146067415,-0.12096774193548387,-0.6222367113760556,-0.09824465715119764,0.12117588743160207,Metal Fabrication,Industrials,CRS
2016Q1,2016,Q1,2015-10-30,2015-09-30,8900000.0,455600000.0,24800000.0,0.18,68600000.0,0.15057067603160668,2871100000.0,1277200000.0,1047000000.0,324400000.0,1593900000.0,686700000.0,1332300000.0,1479569000.0,2059969000.0,25.698189134808853,3.227496917385943,0.2128104210929609,0.47839022862511743,0.007260521539130567,25.698189134808853,0.00696836830566865,3.247517559262511,41.56092696629213,1.1584473849044785,1.0112359550561798,0.563564875491481,0.006082852506371788,0.15868482463167427,0.9540690505548706,0.003099857197589774,127.54905172413793,0.15057067603160668,-0.5909090909090909,0.03910303928836175,0.14945916614271912,0.9018126209851827,-0.2239819004524887,-0.6044444444444445,-0.37373737373737376,-0.7587976840635652,-0.11173113188213527,0.1640909285500236,Metal Fabrication,Industrials,CRS
2015Q4,2015,Q4,2015-08-25,2015-06-30,22500000.0,557900000.0,39600000.0,0.44,88400000.0,0.15845133536476072,2905900000.0,1325900000.0,1070400000.0,322100000.0,1580000000.0,655800000.0,1332400000.0,1968812000.0,2505912000.0,26.04911591355599,3.3231915554175724,0.2089197838879521,0.45787766799909496,0.013842088337691027,26.04911591355599,0.016969605550946527,3.528969349345761,21.875688888888888,1.4848872463986726,0.40444444444444444,0.7159194876486734,0.004622076663490471,0.19198871261915412,1.161440546414157,0.007742867958291751,16.97251724137931,0.15845133536476072,15.666666666666666,2.3040857780293695,0.32720261002126466,1.003428691642517,0.1662269129287599,17.071428571428573,7.25,-0.43150431595582694,-0.10420571417407727,0.2413331192725539,Metal Fabrication,Industrials,CRS
2015Q3,2015,Q3,2015-05-07,2015-03-31,-1400000.0,570600000.0,4800000.0,-0.03,75800000.0,0.13284262180161233,2967400000.0,1399800000.0,1118700000.0,322600000.0,1567600000.0,710700000.0,1319000000.0,2045088000.0000002,2625488000.0,26.61216730038023,3.467761934283943,0.20549976410325538,0.4356336619517074,0.0014538908889504293,26.61216730038023,-0.0010001428775539363,3.58410094637224,-365.19428571428574,1.4609858551221604,-6.785714285714286,0.6962149992964682,0.004645276878060992,0.19228954640425963,1.0796652200867949,-0.00047179348924984834,21.303,0.13284262180161233,-1.0666666666666667,-1.5576679340937898,0.41676457343684914,0.8193526432826757,-0.10823529411764705,-1.058091286307054,-0.8933333333333333,-1.038068901947229,-0.05163679797061419,0.03424808281428307,Metal Fabrication,Industrials,CRS
2015Q2,2015,Q2,2015-02-09,2014-12-31,24100000.0,548400000.0,45000000.0,0.45,85000000.0,0.1549963530269876,3055000000.0,1476000000.0,1192000000.0,365500000.0,1579000000.0,757100000.0,1329900000.0,2629950000.0,3245250000.0,27.640449438202246,3.2612859097127225,0.21083469721767595,0.43638211382113823,0.013390902483854982,27.640449438202246,0.016327913279132793,4.795678336980306,27.28163900414938,1.781808943089431,0.4024896265560166,0.6120723814555541,0.003688283047206221,0.1795090016366612,0.9247606019151847,0.007888707037643208,-47.047406082289804,0.1549963530269876,0.8,4.673622257891921,0.7129081445766713,0.9402995776657607,0.2301013024602026,0.7851851851851852,1.0361990950226245,-0.15092363359360125,0.05769666830866432,0.5998382936464342,Metal Fabrication,Industrials,CRS
2015Q1,2015,Q1,2014-10-31,2014-09-30,13500000.0,549800000.0,22100000.0,0.25,69100000.0,0.12568206620589306,3012200000.0,1485500000.0,1152500000.0,389600000.0,1526700000.0,728100000.0,1315400000.0,2415525000.0,2953725000.0,27.766355140186917,2.9581622176591376,0.2005842905517562,0.40673174015483005,0.0071385844858113615,27.766355140186917,0.009087849209020532,4.393461258639506,44.73194444444445,1.6260686637495791,0.7111111111111111,0.6602115094080483,0.0039742913031328595,0.18252440077020118,0.9884496919917864,0.0044817741185844235,-54.898295454545455,0.12568206620589306,-0.647887323943662,2.191136569189026,0.9304420156842985,0.9619233714054494,-0.34626300851466413,-0.6456692913385826,-0.6266891891891891,-0.5303149297102019,0.09938409386869837,0.6566323672865728,Metal Fabrication,Industrials,CRS
2014Q4,2014,Q4,2014-08-26,2014-06-30,38100000.0,604600000.0,59200000.0,0.71,105700000.0,0.17482633145881574,3057500000.0,1504300000.0,1194500000.0,430600000.0,1553200000.0,699200000.0,1311600000.0,3377550000.0,3861850000.0,28.170411985018728,2.7740362285183466,0.19764513491414554,0.40171508342750784,0.01969938421083246,28.170411985018728,0.025327394801568835,5.586420774065497,22.16240157480315,2.245263577743801,0.2545931758530184,0.7135297482837528,0.0028719041909076107,0.19774325429272283,1.0673478866697632,0.012461161079313164,75.7298206278027,0.17482633145881574,0.24561403508771934,2.5058610630942093,0.9347608988180888,1.004345358415433,0.11851851851851852,0.24509803921568626,0.19595959595959597,0.23950209297202024,0.03715656298113704,0.6298148765003653,Metal Fabrication,Industrials,CRS
2014Q3,2014,Q3,2014-05-02,2014-03-31,30600000.0,566300000.0,49500000.0,0.57,94500000.0,0.1668726823238566,2964700000.0,1425300000.0,1149500000.0,391700000.0,1539400000.0,722400000.0,1283200000.0,3519932000.0000005,4038932000.0000005,26.74108818011257,2.934643860097013,0.20383175363443182,0.4239809162983232,0.016153781181372825,26.74108818011257,0.02146916438644496,6.215666607805051,28.75761437908497,2.469607801866274,0.3137254901960784,0.6531007751937985,0.0027273254142409567,0.19101426788545214,1.0217002808271636,0.010321449050494147,-274.99468750000005,0.1668726823238566,0.03636363636363619,0.9195394067857295,0.41019614531809656,0.49110077948940867,-0.009433962264150943,0.03728813559322034,0.042105263157894736,-0.11474829110851625,0.00937560878608163,0.8092696973657016,Metal Fabrication,Industrials,CRS
2014Q2,2014,Q2,2014-02-07,2013-12-31,29500000.0,503500000.0,47500000.0,0.55,95400000.0,0.18947368421052632,2895400000.0,1376700000.0,1123200000.0,361600000.0,1518700000.0,721200000.0,1262200000.0,3309040000.0,3807140000.0,25.877819548872182,3.106194690265487,0.208710368170201,0.43894820948645313,0.015931188634368845,25.877819548872182,0.021428052589525678,6.572075471698113,28.04271186440678,2.4036028183336966,0.3254237288135593,0.5658624514697727,0.002901143534076348,0.17389652552324378,1.029867256637168,0.010188574981004351,-36.56397790055249,0.18947368421052632,-0.1538461538461538,-0.18684084372003837,0.1431434099344546,0.44574368995872465,-0.07647628267182963,-0.14739884393063585,-0.14874551971326164,1.6294567062818335,0.11122204472843446,0.8604692567741494,Metal Fabrication,Industrials,CRS
2014Q1,2014,Q1,2013-11-08,2013-09-30,34600000.0,498600000.0,55800000.0,0.65,103300000.0,0.20718010429201764,2925500000.0,1342500000.0,1223300000.0,427600000.0,1583000000.0,707100000.0,1242300000.0,3085641000.0,3488841000.0,25.282485875706215,2.8608512628624885,0.2065287984959836,0.4500558659217877,0.019257683278797427,25.282485875706215,0.025772811918063316,6.188610108303249,22.295093930635836,2.2984290502793296,0.2774566473988439,0.5590439824635837,0.003111185001754903,0.17043240471714236,1.1403180542563143,0.011827038113143052,-60.62163064833006,0.20718010429201764,-0.15584415584415584,0.11883385158907435,0.005485838833511551,0.41773939784023456,-0.14273858921161825,-0.15609756097560976,-0.14678899082568808,2.7809991079393397,0.17739984482152057,0.8710482079520792,Metal Fabrication,Industrials,CRS
2013Q4,2013,Q4,2013-08-23,2013-06-30,41000000.0,611800000.0,65400000.0,0.77,120500000.0,0.19695979078130108,2882900000.0,1303100000.0,1281500000.0,421200000.0,1579800000.0,659200000.0,1217300000.0,2419646000.0,2766346000.0,24.63327032136106,3.042497625830959,0.20958063061500573,0.4636635714833858,0.02377004675168643,24.63327032136106,0.03146343335123935,3.9549624060150377,14.753939024390245,1.856838308648607,0.23414634146341465,0.7452973300970874,0.003967522521889566,0.21221686496236428,1.4233143399810066,0.014221790558118562,34.51706134094151,0.19695979078130108,0.24193548387096778,-0.2196683278913903,-0.06182177177296727,0.30035018498128563,0.19306930693069307,0.24620060790273557,0.2339622641509434,4.793149851014065,0.4004011173984672,0.8945364861737405,Metal Fabrication,Industrials,CRS
2013Q3,2013,Q3,2013-05-03,2013-03-31,32900000.0,581400000.0,53000000.0,0.62,101000000.0,0.17371861025111798,2916300000.0,1218000000.0,1400900000.0,557300000.0,1698300000.0,686900000.0,1186000000.0,2555599000.0,2966299000.0,23.024574669187146,2.513726897541719,0.2418818365737407,0.5791461412151068,0.018426253982826823,23.024574669187146,0.027011494252873563,4.395595115239078,19.4194452887538,2.0981929392446634,0.2917933130699088,0.6993739991265104,0.0037564578793464858,0.19936220553441003,1.1636461510855913,0.011281418235435312,-44.75654991243432,0.17371861025111798,0.0,-0.7512287334593573,0.0348103448403725,0.06502802748480589,-0.015594541910331383,-0.0030303030303030303,0.0056925996204933585,12.03087586641462,0.4353936508844961,0.5740852788132915,Metal Fabrication,Industrials,CRS
2013Q2,2013,Q2,2013-02-08,2012-12-31,33000000.0,533500000.0,52700000.0,0.62,102600000.0,0.1923149015932521,2582200000.0,1187300000.0,1127900000.0,476000000.0,1394900000.0,733600000.0,1162700000.0,2731227000.0,3074327000.0,22.44423440453686,2.3695378151260504,0.1573077220974363,0.3421207782363345,0.022136805773454664,22.44423440453686,0.027794154805019792,5.1194507966260545,20.69111363636364,2.300368061989388,0.2878787878787879,0.5873773173391494,0.003478290160429726,0.2066067694214236,0.7344537815126051,0.012779800170397336,-65.65449519230769,0.1923149015932521,-0.16216216216216217,-0.4584676970977427,0.10023011226971827,0.16852064945578918,-0.06129917657822507,-0.15816326530612246,-0.1444805194805195,6.84229003510667,0.6821186927714901,0.5755365567958229,Metal Fabrication,Industrials,CRS
2013Q1,2013,Q1,2012-11-02,2012-09-30,39200000.0,544900000.0,61600000.0,0.74,109300000.0,0.20058726371811342,2603100000.0,1165600000.0,1191900000.0,518900000.0,1427700000.0,722200000.0,1139200000.0,2772528000.0,3066528000.0,22.075757575757574,2.2969743688571977,0.1561983788559794,0.34883321894303365,0.026186806249274896,22.075757575757574,0.033630748112560054,5.0881409432923475,17.681938775510204,2.378627316403569,0.24489795918367346,0.6031570202160067,0.0034625439310261253,0.20932734047866006,0.8327230680285219,0.015058968153355614,-29.780107411385607,0.20058726371811342,-0.038961038961038995,-0.33863767659261595,0.11674082934609263,0.1859259400020268,-0.09219269102990033,-0.04156479217603912,-0.07368421052631578,4.50456174649723,0.9386021641316893,0.559835437913661,Metal Fabrication,Industrials,CRS
2012Q4,2012,Q4,2012-08-22,2012-06-30,40900000.0,643600000.0,66500000.0,0.77,120400000.0,0.18707271597265382,2627800000.0,1103800000.0,1249700000.0,554200000.0,1514700000.0,642000000.0,1109600000.0,2516384000.0,2712284000.0,20.984790874524716,2.2549621075424033,0.15484435649592815,0.36863562239536146,0.029109556133986175,20.984790874524716,0.037053814096756656,3.9098570540708515,15.381320293398533,2.2797463308570394,0.23227383863080683,0.8149532710280374,0.003775258466116459,0.24491970469594337,1.0198484301696138,0.015564350407184718,52.644016736401674,0.18707271597265382,0.11594202898550736,-0.3480110905042209,0.1218642708993215,0.010225953873344998,0.1455756422454805,0.23939393939393938,0.19389587073608616,2.641113995320269,1.0908876972738721,0.4930831756752593,Metal Fabrication,Industrials,CRS
2012Q3,2012,Q3,2012-05-04,2012-03-31,33000000.0,539900000.0,55700000.0,0.69,105100000.0,0.19466567882941285,2596300000.0,1214500000.0,1253200000.0,431300000.0,1372100000.0,677500000.0,1078300000.0,2465256000.0,2697356000.0,25.73093220338983,2.9056341293763044,0.15683857797635095,0.3352820090572252,0.021881085271354746,25.73093220338983,0.027171675586661177,4.566134469346175,18.676181818181817,2.029852614244545,0.24242424242424243,0.6417712177121772,0.0032450990891006856,0.20794977467935138,1.171806167400881,0.012710395562916458,85.89742160278746,0.19466567882941285,0.32692307692307676,-0.46041380363414264,0.09201699322537583,0.1890406502330642,0.24673784104389088,0.3983050847457627,0.26879271070615035,1.337624530987191,0.518208782742681,0.43477381350537814,Metal Fabrication,Industrials,CRS
2012Q2,2012,Q2,2012-02-03,2011-12-31,23600000.0,431100000.0,43900000.0,0.52,84300000.0,0.19554627696590118,1874800000.0,767100000.0,1034800000.0,305900000.0,1098300000.0,432500000.0,1053300000.0,2285712000.0,2374312000.0,17.277027027027028,3.3828048381824125,0.21730317900576063,0.5310911224090731,0.023106157359030922,17.277027027027028,0.030765219658453916,5.30204592901879,24.213050847457627,2.97967931169339,0.3432203389830508,0.801849710982659,0.003543753543753544,0.22994452741625773,1.7914351095129126,0.012588009387668018,173.16,0.19554627696590118,-0.018867924528301903,-0.43421175853608285,0.126499715214875,-0.1545600843125453,0.03945745992601726,-0.008403361344537815,-0.0022727272727272726,-0.22053933127758632,0.1727567119358164,-0.034765940832164194,Metal Fabrication,Industrials,CRS
2012Q1,2012,Q1,2011-11-04,2011-09-30,23800000.0,414100000.0,44000000.0,0.53,81100000.0,0.19584641390968366,1875500000.0,742500000.0,1049200000.0,324800000.0,1123400000.0,418500000.0,1037800000.0,1988627000.0,2081727000.0,16.760722347629798,3.230295566502463,0.21748866968808317,0.5493602693602694,0.024971551397142498,16.760722347629798,0.03205387205387206,4.802286887225308,20.88893907563025,2.6782855218855217,0.3403361344537815,0.7956989247311828,0.004073162035917243,0.22079445481205012,1.749692118226601,0.012689949346840843,-19.63106614017769,0.19584641390968366,-0.07925490196078425,-0.46485256772009026,0.17856395460772856,-0.13752715192299494,0.053246753246753244,-0.06666666666666667,0.2571428571428571,-0.07751937984496123,0.0009668842156152608,-0.06012658227848095,Metal Fabrication,Industrials,CRS
2011Q4,2011,Q4,2011-08-24,2011-06-30,25500000.0,483600000.0,35000000.0,0.5756207674943566,77000000.0,0.15922249793217536,1991900000.0,765700000.0,1157600000.0,395400000.0,1215900000.0,328600000.0,1022100000.0,2555224000.0,2570524000.0,17.284424379232505,2.9276681841173495,0.2549324765299463,0.6631840146271386,0.021185054312262794,17.284424379232505,0.033302860127987464,5.283755169561621,25.05121568627451,3.337108528144182,0.3137254901960784,1.2373706634205721,0.003130840975194347,0.2427832722526231,1.9787556904400607,0.012801847482303329,34.90743169398907,0.15922249793217536,-0.10059255079006776,-0.5682844243792325,0.23582776097789507,-0.06847126350960822,0.0533515731874145,-0.10839160839160839,-0.005681818181818182,-0.42045454545454547,-0.11444790331441132,-0.08758341277407063,Metal Fabrication,Industrials,CRS
2011Q3,2011,Q3,2011-05-06,2011-03-31,28600000.0,464200000.0,35200000.0,0.64,73100000.0,0.15747522619560533,1706400000.0,651800000.0,894200000.0,361800000.0,1044900000.0,323700000.0,1004600000.0,1883511000.0,1957911000.0,14.780045351473923,2.4715312327252628,0.15148851383028597,0.3965940472537588,0.03491081000200768,14.780045351473923,0.043878490334458425,4.057542007755278,16.464256993006995,2.8897069653267873,0.28321678321678323,1.208217485325919,0.00430047926452248,0.2720346929207689,1.3747927031509122,0.016760431317393343,-276.9869117647059,0.15747522619560533,2.047619047619048,-0.46027270557345745,0.25028051909339627,-0.13948878749904445,0.48879837067209775,2.075268817204301,1.9090909090909092,-0.7405895691609977,-0.008921732678948472,-0.316332102851741,Metal Fabrication,Industrials,CRS
2011Q2,2011,Q2,2011-02-04,2010-12-31,9300000.0,375600000.0,12100000.0,0.21,49100000.0,0.1307241746538871,1630000000.0,613400000.0,818700000.0,325200000.0,1007300000.0,327800000.0,984000000.0,1774584000.0,1876484000.0,13.909297052154194,2.5175276752767526,0.15895705521472392,0.4223997391587871,0.012070465881354133,13.909297052154194,0.015161395500489077,4.724664536741214,47.703870967741935,2.8930290185849366,0.8602150537634409,0.9960341671751067,0.00450809879949329,0.23042944785276073,1.3115006150061501,0.005705521472392638,-41.07833333333333,0.1307241746538871,0.23529411764705868,-0.7522477522477522,0.24170420265300213,-0.1353865670589895,-0.014056224899598393,0.2236842105263158,-0.14184397163120568,-0.8169328337395564,-0.0708372954916734,-0.2758362556768128,Metal Fabrication,Industrials,CRS
2011Q1,2011,Q1,2010-11-05,2010-09-30,7600000.0,351700000.0,14100000.0,0.17,49800000.0,0.1415979528006824,1632400000.0,595900000.0,865900000.0,349200000.0,1036500000.0,272700000.0,982700000.0,1486611000.0,1488411000.0,13.512471655328799,2.479667812142039,0.15933594707179613,0.43648263131397885,0.010885818772856562,13.512471655328799,0.012753817754656822,4.2269292010236,48.90167763157895,2.4947323376405435,1.0526315789473684,1.1070773744041071,0.005381367418914564,0.21544964469492772,1.5105956471935853,0.004655721636853712,-38.513238341968915,0.1415979528006824,0.270677966101695,-0.7851177046047014,0.1524648395003474,-0.12073974132425828,0.13958810068649885,0.288135593220339,0.38235294117647056,-0.8464809378401852,-0.13701491824800083,-0.27410008038890027,Metal Fabrication,Industrials,CRS
2010Q4,2010,Q4,2010-08-20,2010-06-30,5900000.0,364200000.0,10200000.0,0.13378684807256236,43700000.0,0.11998901702361339,1583200000.0,573400000.0,820200000.0,218100000.0,1009800000.0,203600000.0,983200000.0,1447803000.0,1547203000.0,13.002267573696145,3.7606602475928472,0.16397170288024254,0.45273805371468434,0.010782820590922936,13.002267573696145,0.010289501220788281,3.975296540362438,61.34758474576271,2.5249441925357514,1.3559322033898304,1.5741650294695482,0.005525613636661894,0.23004042445679637,2.5635029802842735,0.003726629610914603,46.703322580645164,0.11998901702361339,1.675736961451247,-0.8603477577530664,0.1394182397020618,-0.10230132741672572,-0.056155507559395246,1.8095238095238095,-0.203125,-0.8878198370158287,-0.24279865353205146,-0.37405961104431784,Metal Fabrication,Industrials,CRS
2010Q3,2010,Q3,2010-05-05,2010-03-31,2100000.0,336900000.0,12800000.0,0.05,46300000.0,0.13742950430394776,1594200000.0,643600000.0,829300000.0,241600000.0,950600000.0,195600000.0,985300000.0,1610400000.0,1645900000.0,14.627272727272727,3.4325331125827816,0.1749466817212395,0.4333436917339963,0.0029432536749609923,14.627272727272727,0.0032628962088253576,4.780053428317008,191.71428571428572,2.502175264139217,3.761904761904762,1.4856850715746421,0.004905613512170889,0.21132856605193828,2.3447847682119205,0.0013172751223184042,8052.0,0.13742950430394776,-0.375,-0.9340200875611641,0.09223246791209386,0.07098410966377959,0.300561797752809,-0.4,5.4,-0.9631654381654382,-0.26901847224098335,-0.3240656134299935,Metal Fabrication,Industrials,CRS
2010Q2,2010,Q2,2010-02-03,2009-12-31,3500000.0,263800000.0,2000000.0,0.08,35600000.0,0.13495072024260804,1508300000.0,626800000.0,752700000.0,188100000.0,881500000.0,187500000.0,991100000.0,1185800000.0,1136800000.0,14.245454545454546,4.0015948963317385,0.18464496452960286,0.4443203573707722,0.0018410103464781473,14.245454545454546,0.005583918315252074,4.4950720242608035,84.7,1.8918315252074025,2.2857142857142856,1.2170666666666667,0.0067465002529937595,0.17489889279321089,2.706007442849548,0.0023204932705695154,79.58389261744966,0.13495072024260804,1.380952380952381,-0.882027972027972,-0.07407590807142239,0.10693359518121731,0.8541666666666666,1.3763440860215055,1.150375939849624,-0.9153279153279152,-0.3044022825124117,-0.30290808302850736,Metal Fabrication,Industrials,CRS
2010Q1,2010,Q1,2009-11-04,2009-09-30,-9300000.0,233700000.0,-13300000.0,-0.21,19200000.0,0.0821566110397946,1516800000.0,621300000.0,756700000.0,198400000.0,895500000.0,180300000.0,995600000.0,1026821000.0,931221000.0,14.15261958997722,3.8140120967741935,0.18393987341772153,0.4490584258812168,-0.00853338742158411,14.15261958997722,-0.01496861419604056,4.3937569533590075,-27.60271505376344,1.6526975696121038,-0.8602150537634409,1.1896838602329451,0.007791036607159379,0.15407436708860758,2.5715725806451615,-0.00613132911392405,41.23779116465863,0.0821566110397946,0.5567788461538461,-1.5028646372609926,-0.1592650084502903,0.1440886149448389,1.2588235294117647,0.5528846153846154,0.5856697819314641,-1.211017582574032,-0.3288094359863833,-0.2717348409960264,Metal Fabrication,Industrials,CRS
2009Q4,2009,Q4,2009-08-20,2009-06-30,-20800000.0,256900000.0,-32100000.0,-0.47380410022779046,8500000.0,0.033086804203970414,1497400000.0,617000000.0,749700000.0,198500000.0,880400000.0,185400000.0,1013000000.0,913559000.0,852059000.0,14.054669703872438,3.7768261964735514,0.18605583010551624,0.45153970826580225,-0.02192680555920448,14.054669703872438,-0.033711507293354946,3.5560879719735308,-10.98027644230769,1.4806466774716367,-0.3798076923076923,1.3398058252427185,0.008647498410064375,0.1715640443435288,2.447858942065491,-0.013890743956190731,11.520290037831021,0.033086804203970414,-2.579347000759302,-2.203718524903035,-0.07331198693428453,0.22782430498513856,-0.8272357723577236,-2.5877862595419847,-2.9937888198757765,-1.355353075170843,-0.3375166544891907,-0.24253602990859732,Metal Fabrication,Industrials,CRS
2009Q3,2009,Q3,2009-05-07,2009-03-31,13100000.0,330000000.0,16100000.0,0.3,49200000.0,0.14909090909090908,1603000000.0,785500000.0,808300000.0,249400000.0,817500000.0,263500000.0,1041700000.0,618456000.0,620256000.0,17.9337899543379,3.2409783480352847,0.18883343730505303,0.38535964353914703,0.013007750006475813,17.9337899543379,0.016677275620623808,1.874109090909091,11.802595419847327,0.7873405474220241,0.6030534351145038,1.0656546489563568,0.012773746232553326,0.20586400499064256,1.8961507618283882,0.008172177167810355,31.393705583756343,0.14909090909090908,-0.5588235294117647,0.42302331170391744,0.21450765051882825,0.571858262431788,-0.35177865612648224,-0.5604026845637584,-0.5944584382871536,-0.7510889810141793,-0.10508714386777289,0.04412584476987424,Metal Fabrication,Industrials,CRS
2009Q2,2009,Q2,2009-02-06,2008-12-31,29800000.0,361800000.0,39700000.0,0.68,75900000.0,0.20978441127694858,1637900000.0,782200000.0,855300000.0,289900000.0,855700000.0,319600000.0,1036400000.0,897598000.0,933698000.0,17.899313501144164,2.950327699206623,0.18517614017949813,0.38775249296855024,0.02570461399407281,17.899313501144164,0.038097673229353105,2.480923161967938,7.530184563758389,1.147530043467144,0.26174496644295303,0.8945556946182729,0.008689858934623295,0.22089260638622626,1.6046912728527079,0.018194028939495694,-11.657116883116883,0.20978441127694858,0.17241379310344845,3.073348588863463,0.6390061591759183,0.5954819833888948,0.029850746268656716,0.15503875968992248,-0.01488833746898263,-0.1988606359315741,0.20703060615909485,0.11263616237995284,Metal Fabrication,Industrials,CRS
2009Q1,2009,Q1,2008-11-10,2008-09-30,25800000.0,413700000.0,40300000.0,0.58,73700000.0,0.17814841672709694,1684400000.0,790000000.0,915300000.0,345000000.0,894400000.0,277200000.0,1014500000.0,1136295000.0,1064195000.0,17.83295711060948,2.6530434782608694,0.17828306815483258,0.380126582278481,0.02402084236746709,17.83295711060948,0.03265822784810127,2.7466642494561277,11.010610465116278,1.4383481012658226,0.3062015503875969,1.2265512265512266,0.006952419926163541,0.24560674424127285,1.6802898550724639,0.01531702683448112,157.81875,0.17814841672709694,-0.4160454545454546,50.94943566591422,0.9526562594254111,0.6772456497958306,-0.3540753724802805,-0.41363636363636364,-0.2659380692167577,-0.27382446817493516,0.349508735761166,0.1603954392640214,Metal Fabrication,Industrials,CRS
2008Q4,2008,Q4,2008-08-25,2008-06-30,44000000.0,546100000.0,54900000.0,0.9932279909706546,114100000.0,0.20893609229078924,1712200000.0,839200000.0,966700000.0,325600000.0,873000000.0,209000000.0,996600000.0,1933695000.0,1830095000.0,18.943566591422123,2.968980343980344,0.1750379628548067,0.3571258341277407,0.0332095251947272,18.943566591422123,0.052430886558627265,3.5409174143929683,10.986903409090909,2.3042123450905625,0.19318181818181818,2.0669856459330145,0.004395729419582716,0.3189463847681346,2.1305282555282554,0.025697932484522835,67.1421875,0.20893609229078924,-0.6011132566382914,7.054176072234763,1.5885037388461654,0.7802003160080628,0.04391582799634035,-0.6333333333333333,-0.27091633466135456,0.036772433163522605,0.700788323641238,0.30789606403080105,Metal Fabrication,Industrials,CRS
2008Q3,2008,Q3,2008-05-02,2008-03-31,120000000.0,509800000.0,75300000.0,2.49,109300000.0,0.21439780306002354,1986500000.0,1037700000.0,1192100000.0,347400000.0,948800000.0,285700000.0,961100000.0,2686560000.0,2444460000.0,21.61875,3.431491076568797,0.1675308331235842,0.3207092608653753,0.03776897599179305,21.61875,0.1156403584851113,5.269831306394664,5.5969999999999995,2.588956345764672,0.06,1.4018200910045502,0.0026800071466857246,0.256632267807702,2.4861830742659756,0.06040775232821546,64.73638554216868,0.21439780306002354,1.1842105263157898,64.88235294117648,1.0281898266552998,1.048043983928949,-0.06899488926746167,1.13903743315508,-0.06459627329192547,2.4560906515580734,0.5150443340153952,0.5828882220555138,Metal Fabrication,Industrials,CRS
2008Q2,2008,Q2,2008-02-01,2007-12-31,56100000.0,446400000.0,80500000.0,1.14,117400000.0,0.26299283154121866,1848900000.0,935400000.0,1057300000.0,312900000.0,913500000.0,313700000.0,848300000.0,3660779000.0,3859979000.0,19.207392197125255,3.3790348354106743,0.1801070907025799,0.3559974342527261,0.04194702998212249,19.207392197125255,0.05997434252726107,8.200669802867383,16.31363190730838,3.913597391490272,0.13012477718360071,1.0487727127829136,0.001994111089470301,0.24144085672562063,2.1268775966762545,0.030342365730975176,-3050.6491666666666,0.26299283154121866,0.017857142857142672,8.23619747230818,0.9449004272844674,0.8072778312063006,-0.032948929159802305,-0.02772963604852686,-0.060676779463243874,0.7084315274048332,0.41562588203249234,0.4924976687110064,Metal Fabrication,Industrials,CRS
2008Q1,2008,Q1,2007-11-05,2007-09-30,57700000.0,475000000.0,85700000.0,1.12,121400000.0,0.25557894736842107,1899500000.0,956800000.0,1121200000.0,335500000.0,942700000.0,281800000.0,799600000.0,3371068999.9999995,3521768999.9999995,18.6147859922179,3.3418777943368108,0.17557251908396945,0.3485576923076923,0.044304703077968605,18.6147859922179,0.060305183946488296,7.096987368421051,14.606018197573656,3.5232744565217384,0.1317157712305026,1.254790631653655,0.002254477733917639,0.25006580679126084,2.3704918032786884,0.03037641484601211,110.52685245901638,0.25557894736842107,-0.06088091353996727,5.593260272016563,0.9277807908041624,0.7253105886386498,-0.05745341614906832,-0.05872756933115824,-0.07150595882990249,1.6646818378335888,0.4594708380402492,0.5048072611528058,Metal Fabrication,Industrials,CRS
2007Q4,2007,Q4,2007-08-29,2007-06-30,61300000.0,560600000.0,92300000.0,1.1926070038910506,128800000.0,0.2297538351765965,2025700000.0,1067700000.0,1255700000.0,366200000.0,958000000.0,235000000.0,751300000.0,3348967000.0,3380867000.0,20.77237354085603,3.429000546149645,0.16423952214049464,0.31160438325372297,0.043397068384021624,20.77237354085603,0.05741313102931535,5.973897609703888,13.658103588907014,3.136617963847523,0.1272430668841762,1.8374468085106384,0.002329076398782072,0.2767438416349904,2.667121791370836,0.030261144295798983,30.696306141154903,0.2297538351765965,-0.057227664908260346,1.4538419144500074,1.1372364650933784,0.8226398975451089,0.007036747458952306,-0.07957957957957958,-0.035527690700104496,2.0298664423178043,0.7271256568114363,0.8146869078442999,Metal Fabrication,Industrials,CRS
2007Q3,2007,Q3,2007-05-04,2007-03-31,66600000.0,538400000.0,95700000.0,1.265,127900000.0,0.237555720653789,2083600000.0,1112300000.0,1205200000.0,317300000.0,971300000.0,258300000.0,697800000.0,3103532000.0,3200732000.0,21.640077821011673,3.7982981405609832,0.15972355538491073,0.2991998561539153,0.045942754826655594,21.640077821011673,0.05987593275195541,5.764361069836553,11.649894894894896,2.7901932931763014,0.08558558558558559,1.589237320944638,0.0018366171188181721,0.25839892493760797,2.776236999684841,0.03196390861969668,120.76,0.237555720653789,0.39010989010988995,6.4790439132851585,0.8588211143147739,0.523900801352765,0.3171987641606591,0.38461538461538464,0.5263157894736842,5.164898627892689,0.688505026171617,0.896706452413666,Metal Fabrication,Industrials,CRS
2007Q2,2007,Q2,2007-02-02,2006-12-31,48100000.0,441300000.0,62700000.0,0.91,97100000.0,0.2200317244504872,1983600000.0,1046300000.0,1106700000.0,277900000.0,937300000.0,258500000.0,636900000.0,,,,,,,,,,,,,,,,,,,,,,,,,,,,,,,Metal Fabrication,Industrials,CRS
2007Q1,2007,Q1,2006-11-03,2006-09-30,51200000.0,404500000.0,73100000.0,0.97,103900000.0,0.2568603213844252,1947700000.0,991100000.0,1064100000.0,293800000.0,956600000.0,233700000.0,594900000.0,,,,,,,,,,,,,,,,,,,,,,,,,,,,,,,Metal Fabrication,Industrials,CRS
