Quarters,Year,Quarter,FillingDate,Date,NetIncome,Revenue,OperatingIncome,EPSDiluted,GrossProfit,GrossProfitRatio,TotalAssets,CommonStockEquity,CurrentAssets,CurrentLiability,TotalLiability,Inventory,RetainedEarnings,MarketCap,EnterpriseValue,bookValuePerShare,currentRatio,debtToAssets,debtToEquity,roic,shareholdersEquityPerShare,roe,priceToSalesRatio,peRatio,pbRatio,payoutRatio,inventoryTurnover,dividendYield,assetTurnover,quickRatio,returnOnAssets,priceToFreeCashFlowsRatio,grossProfitMargin,epsdilutedGrowth,fiveYNetIncomeGrowthPerShare,fiveYRevenueGrowthPerShare,fiveYShareholdersEquityGrowthPerShare,grossProfitGrowth,netIncomeGrowth,operatingIncomeGrowth,threeYNetIncomeGrowthPerShare,threeYRevenueGrowthPerShare,threeYShareholdersEquityGrowthPerShare,Industry,Sector,Symbol
2024Q1,2024,Q1,2023-06-09,2023-04-30,-1015746.0,476932.0,-1017878.0,-0.13,222284.0,0.4660706348,8675702.0,7719881.0,1993492.0,784393.0,955821.0,181497.0,-23509934.0,26241052.5,25186348.5,0.9855397892291096,2.5414454234038293,0.025746734961620398,0.028934513368794157,-0.1272794493805844,0.9855397892291096,-0.13157534423134243,55.02053227713804,-6.45856653631912,3.3991524610288684,0.0,1.4030424745312595,0.0,0.05497330360125325,1.8392769950777226,-0.11707940175907379,-34.87238666928908,0.4660706348074778,0.35000000000000003,-0.7621084345956547,0.0,123.61162859070754,0.7178583572907973,0.39060846402131005,0.2494715070988007,-1.0072631482498968,2.2546474743465255,3.270402251702568,Biotechnology,Healthcare,NTRB
2023Q4,2023,Q4,2023-04-26,2023-01-31,-1666820.0,527535.0,-1356215.0,-0.2,129396.0,0.2452841992,9456377.0,8572990.0,2693745.0,748613.0,883387.0,229335.0,-22494705.0,30877346.55,29077711.55,1.013410056117662,3.5983144829170746,0.0196486455647866,0.0216733018468469,-0.1525454041955795,1.013410056117662,-0.19442691523027555,58.531370525178424,-4.631175914315882,3.6017009876367525,0.0,1.73605860422526,0.0,0.05578616419374989,2.803163984595512,-0.1762641231414526,-37.47123465464766,0.24528419915266286,-0.4285714285714285,0.5074091427012575,0.0,49.78521493933804,-0.5184924701653326,-0.5441367880524451,-0.2656938421063929,-0.3201780031176415,19.156772799411545,35.5541668397605,Biotechnology,Healthcare,NTRB
2023Q3,2023,Q3,2022-12-02,2022-10-31,-1079451.0,618003.0,-1071519.0,-0.14,268731.0,0.434837695,10669199.0,9731566.0,3507201.0,789752.0,937633.0,184323.0,-20815380.0,33397969.92,30781453.92,1.2471147970900383,4.440889038584264,0.018726991595151614,0.02053133072313336,-0.1075005649882867,1.2471147970900383,-0.11092264081649346,54.04176018563017,-7.734943485160513,3.4319214317613427,0.0,1.8948910336745821,0.0,0.0579240297233185,3.667952724399558,-0.1011745117885607,-64.01573640780886,0.4348376949626458,-0.2727272727272728,-6.7775802890280765,0.0,2.170040771487306,0.7703430920445862,-0.03484503942080559,-0.036038814750069134,-0.16208141833285047,5.069748264502249,6.3527092896652695,Biotechnology,Healthcare,NTRB
2023Q2,2023,Q2,2022-09-08,2022-07-31,-1043104.0,456149.0,-1034246.0,-0.11,151796.0,0.3327772285,11387072.0,10401830.0,4113956.0,803924.0,985242.0,161830.0,-19739895.0,42802945.9656,39676854.9656,1.0602574912360672,5.117344425592469,0.019185528992878943,0.02100274663208301,-0.09702177317384408,1.0602574912360672,-0.10028081597180497,93.83544842935093,-10.258551871529589,4.114943809464296,0.0,1.8806957918803684,0.0,0.040058497917638526,4.342593329717735,-0.09160423329192965,-45.89148907160831,0.33277722849332125,-0.455026455026455,-5.521767045114962,0.0,1.4275757332818866,-0.24285985056313159,-0.5028173214483813,-0.5079132033492788,-0.49325733883783496,2.9274804993375416,3.108187941496997,Biotechnology,Healthcare,NTRB
2023Q1,2023,Q1,2022-05-31,2022-04-30,-694099.0,477922.0,-685879.0,-0.0756,200486.0,0.4194952314,11984475.0,11080100.0,4641912.0,723057.0,904375.0,127533.0,-18701220.0,31091722.753599998,27320027.753599998,1.206555676161637,6.419842419062397,0.019938211728089884,0.02156559958845137,-0.06042512913517335,1.206555676161637,-0.06264374870262904,65.05606093379254,-11.198590818312661,2.806086836183789,0.0,2.175405581300526,0.0,0.03987842604703168,5.68384235267759,-0.05791651282179653,-39.45349688297845,0.4194952314394399,0.9030769230769231,-11.853765195940534,0.0,580.8311797372553,0.9399492965378438,0.8831994413219802,0.569779520150541,0.1658195336735449,0.7011193683387076,2.664103357174271,Biotechnology,Healthcare,NTRB
2022Q4,2022,Q4,2022-04-29,2022-01-31,-5942600.0,491890.0,-1594250.0,-0.78,103346.0,0.2100998191,12739660.0,11859285.0,5465368.0,779256.0,880375.0,131648.0,-18011231.0,28427829.0849,23670530.0849,1.5625999330386877,7.013571919882555,0.01056299775661203,0.011347142766195433,-0.20927381086193622,1.5625999330386877,-0.5010926038121185,57.793061629429346,-1.1959339802821995,2.397094688667993,0.0,2.951385512882839,0.0,0.03861092054262045,6.3692137115402385,-0.4664645681281918,-22.51457784508819,0.21009981906523817,-2.714285714285715,-140.2493856758016,0.0,408.5711081834167,-0.05484576058824067,-2.7020908907980994,-0.03627633428906276,-8.606906338846938,3.972998103917728,3.112063292322444,Biotechnology,Healthcare,NTRB
2022Q3,2022,Q3,2021-12-14,2021-10-31,-1605201.0,283037.0,-1538441.0,-0.21,109343.0,0.3863205164,15427751.0,14318875.0,5948512.0,1004275.0,1108876.0,124937.0,-14242806.0,41373165.8898,36112572.8898,1.886679771688541,5.923190361205845,0.014567969109690713,0.015696135345828494,-0.10724565941267278,1.886679771688541,-0.11210384894064652,146.1758211463519,-6.443611405954768,2.889414558741521,0.0,1.3902526873544265,0.0,0.018345966304485987,5.607781733091036,-0.10404633831593471,-34.169063127241735,0.38632051639891607,-2.0625191407446297,-41.731651824151875,0.0,391.95967994189226,3.0531934610964897,-2.087382170052104,-2.190184596115643,-1.7553107376391048,0.45801234525459333,3.961819647174644,Biotechnology,Healthcare,NTRB
2022Q2,2022,Q2,2021-09-03,2021-07-31,-519923.0,213739.0,-482242.0,-0.068571,26977.0,0.12621468239301203,10163555.0,7316066.0,606750.0,2655556.0,2847489.0,72600.0,-12670985.0,57239127.78699794,58742058.78699794,0.9865715021224716,0.228483225358456,0.17781071682103358,0.24701649766418182,-0.052232427707117064,0.9865715021224716,-0.07106592532106736,267.7991746335387,-27.52288694046904,7.823757711726212,0.0,2.5724793388429754,0.0,0.02102994473882416,0.11975759501964937,-0.05115562418858362,-577.3216043713104,0.12621468239301203,-0.5999953333177775,-10.92125789874755,0.0,12422.560599503035,-0.8980630582971841,-0.645549869127761,-0.5311019672089509,0.7688148803265727,0.0,1.1010234993794374,Biotechnology,Healthcare,NTRB
2022Q1,2022,Q1,2021-06-14,2021-04-30,-315957.0,433488.0,-314964.0,-0.042857,264644.0,0.6104990218875724,10560120.0,7835989.0,934372.0,2522138.0,2724131.0,90266.0,-12151062.0,113995018.86804739,115364513.86804739,1.0611625081388407,0.3704682297320765,0.16858226989844813,0.2271888079475354,-0.032364623088355145,1.0611625081388407,-0.04032126640300286,262.9715675360042,-90.19820645534628,14.54762364623628,0.0,1.870516030399043,0.0,0.04104953352802809,0.22265395470033758,-0.029919830456472087,-358.2563431995807,0.6104990218875724,0.8775913903424333,-3.9762173339047355,0.0,0.0,0.4200610642784703,0.8597115881566258,0.8556326214062164,0.4185665492190242,0.0,133.01989888614855,Biotechnology,Healthcare,NTRB
2021Q4,2021,Q4,2021-04-02,2021-01-31,-2252196.0,348091.0,-2181684.0,-0.3501142617328205,186361.0,0.5353801161190608,9927419.0,7111946.0,314188.0,2568606.0,2815473.0,52848.0,-11835105.0,99304826.75825454,100940848.75825454,1.1055847689307179,0.12231848714828199,0.1801087472987692,0.25141009225885574,-0.24183149042205265,1.1055847689307179,-0.31667788253735335,285.2840974292772,-11.023111083388672,13.963101907446223,0.0,3.0602861035422344,0.0,0.035063595079446126,0.10174390311320615,-0.22686621769464954,-1194.3428037218212,0.5353801161190608,-39.848706304144265,-5300.66707884782,0.0,584.8365686078424,0.1431436896181567,-51.90695106767836,-52.27547556836219,0.12470483187495537,0.0,54.4043842222204,Biotechnology,Healthcare,NTRB
2021Q3,2021,Q3,2020-12-15,2020-10-31,-42569.0,391797.0,-40951.0,-0.008571,163025.0,0.4160955801090871,10079795.0,7254087.0,323261.0,2553601.0,2825708.0,39209.0,-9582909.0,76334545.88327937,78037069.88327937,1.1002638690510589,0.12659025431146056,0.18809073001980695,0.2613583211781166,-0.004414012395580706,1.1002638690510589,-0.005868278116873978,194.83187947656407,-448.2989140177087,10.522970827793953,0.0,5.83468081307863,0.0,0.03886954050156774,0.11123585869523077,-0.004223200967876827,765.31231147328,0.4160955801090871,0.7500145832118065,0.0,0.0,0.0,6.0181611105980855,0.811532348396637,0.8186548459378792,0.6369842982677452,0.0,1.7967604365088865,Biotechnology,Healthcare,NTRB
2021Q2,2021,Q2,2020-09-11,2020-07-31,-225869.0,84450.0,-225818.0,-0.034286,-32487.0,-0.38468916518650087,2199288.0,1296656.0,90417.0,867762.0,902632.0,0.0,-9540340.0,49652405.66010923,49752594.66010923,0.20157117995505808,0.10419562045814405,0.06340097340593864,0.10753584605323231,-0.15724469097753419,0.20157117995505808,-0.17419346380227294,587.95033345304,-54.957083154515715,38.29265870061854,0.0,0.0,0.0,0.03839879088141253,0.062104586280570015,-0.10270096503959464,-442.77948295947164,-0.38468916518650087,0.4999927082877601,0.0,0.0,0.0,-1.7312774338773214,0.4520322954725202,-0.5310525316627343,-1.153755335671282,0.0,-0.5384806907448243,Biotechnology,Healthcare,NTRB
2021Q1,2021,Q1,2020-06-04,2020-04-30,-412194.0,119364.0,-147492.0,-0.068571,44425.0,0.372180892061258,2198428.0,1472525.0,66705.0,725903.0,725903.0,0.0,-9314471.0,65665914.23699015,65659047.23699015,0.2307838304544225,0.09189244292970272,0.006266750605432609,0.009356038097825163,-0.09889605896268164,0.2307838304544225,-0.2799232610651772,550.1316497184256,-39.82706822333061,44.59409126295998,0.0,0.0,0.0,0.0542951599961427,0.0830524188493504,-0.187494882707098,-325.86278986566765,0.372180892061258,0.5405572982555709,-6.51324661801632,0.0,0.0,1.4165455551284094,0.5635549296669438,0.7606010780839906,-9.986253674169863,0.0,111.90715772219684,Biotechnology,Healthcare,NTRB
2020Q4,2020,Q4,2020-04-14,2020-01-31,-944435.0,19577.0,-616093.0,-0.14924820818710816,-106651.0,-5.447770342749145,2197755.0,175433.0,43181.0,2022322.0,2022322.0,0.0,-8902277.0,87009298.75,87320734.75,0.027723516735043217,0.021352188227196263,0.14633887762739706,1.8332753814846694,-1.2149339380792743,0.027723516735043217,-5.383451232094304,4444.465380293202,-23.032103519564608,495.9688242804946,0.0,0.0,0.0,0.00890772629342215,0.01137998795444049,-0.42972715339061907,-740.2589672364066,-5.447770342749145,-0.24373506822590135,-2259.0173649807384,0.0,15.64021876493853,-3.526974829152341,-0.25377352729551267,-0.8637067645973368,-25.923398337918677,0.0,6.266576192558958,Biotechnology,Healthcare,NTRB
2020Q3,2020,Q3,2019-12-12,2019-10-31,-753274.0,82567.0,-330574.0,-0.12,-23559.0,-0.28533191226519067,2440802.0,1073302.0,263376.0,1367500.0,1367500.0,0.0,-7957842.0,135676415.09423977,135783851.09423977,0.1696129614213012,0.1925967093235832,0.0839502753603119,0.19091178438128317,-0.2556418072961858,0.1696129614213012,-0.7018285626971719,1643.2281068010195,-45.02890551586798,126.41028815211354,0.0,0.0,0.0,0.03382781561142608,0.12391882998171846,-0.30861741345672444,-509.3665978166629,-0.28533191226519067,-0.7500109375683599,0.0,0.0,0.0,0.45270176090693676,-0.6718431302919667,0.2647571684029786,-23.05033001711678,0.0,36.14736846514269,Biotechnology,Healthcare,NTRB
2020Q2,2020,Q2,2019-09-13,2019-07-31,-450565.0,74913.0,-449612.0,-0.068571,-43046.0,-0.5746132179995461,2353151.0,1633142.0,152875.0,720009.0,720009.0,0.0,-7204568.0,214368735.8488482,214464554.8488482,0.258083979198312,0.21232373484220335,0.04659794462828777,0.06714174272659695,-0.25510682313103494,0.258083979198312,-0.2758884408091887,2861.5692316266627,-118.94440083497842,131.26154115738143,0.0,0.0,0.0,0.031835186097279776,0.11718603517456032,-0.1914730503907314,-900.6522103600538,-0.5746132179995461,0.3333365740785752,0.0,0.0,0.0,-7.271714066102998,0.21415777016951162,0.215557234354745,-11.106724305012442,0.0,3248.9640912322657,Biotechnology,Healthcare,NTRB
2020Q1,2020,Q1,2019-06-13,2019-04-30,-573353.0,193590.0,-573161.0,-0.102857,-5204.0,-0.026881553799266492,2519137.0,2083707.0,315205.0,435430.0,435430.0,0.0,-6754003.0,189727320.3428133,189570554.3428133,0.32929084104552214,0.723893622396252,0.017895811144848416,0.02163547946040398,-0.26860152277246374,0.32929084104552214,-0.27516008728674424,980.0471116421991,-82.72709846412825,91.05278253747447,0.0,0.0,0.0,0.07684774587487699,0.5665778655581839,-0.22759897536338833,-696.1116566055531,-0.026881553799266492,-0.2619775783221848,-9.537761575849572,0.0,0.0,-12.513274336283185,-0.11168783325254483,-0.11131555986427533,-9.537761575849572,0.0,0.0,Biotechnology,Healthcare,NTRB
2019Q4,2019,Q4,2019-04-19,2019-01-31,-515750.0,82470.0,-515750.0,-0.08150461764681247,452.0,0.005480780890020614,2807618.0,2404612.0,590466.0,403006.0,403006.0,0.0,-6180650.0,182242419.272138,181807766.272138,0.3800038622839752,1.4651543649474201,0.014246952398794992,0.016634700317556428,-0.2109741750429107,0.3800038622839752,-0.21448366721949322,2209.802586057209,-88.33854545425982,75.78870074346214,0.0,0.0,0.0,0.029373654108215578,1.2102574155223496,-0.18369664249196294,-644.207439083678,0.005480780890020614,-0.18861643620207486,-1233.1982048004522,0.0,201.67222093533218,1.0103984540351523,-0.05552371986410708,-0.05552371986410708,-1233.1982048004522,0.0,201.67222093533218,Biotechnology,Healthcare,NTRB
2019Q3,2019,Q3,2018-12-14,2018-10-31,-488620.0,162815.0,-488620.0,-0.068571,-43468.0,-0.2669778583054387,2621453.0,2420362.0,426817.0,201091.0,201091.0,4133.0,-5664900.0,163774322.469735,163556777.469735,0.38023948991432066,2.1225067258107027,0.015258713392916066,0.01652645348092558,-0.1985967918542068,0.38023948991432066,-0.20187889249624644,1005.892101278967,-83.79431995709088,67.66521804165451,0.0,49.91120251633196,0.0,0.06210868552669073,1.7491483955025338,-0.1863928134511662,-372.52763112102224,-0.2669778583054387,0.7777788580261917,0.0,0.0,0.0,0.0,0.7399258664702263,0.7399258664702263,0.0,0.0,0.0,Biotechnology,Healthcare,NTRB
2019Q2,2019,Q2,2018-09-17,2018-07-31,-1878772.0,0.0,-1878772.0,-0.308571,0.0,0.0,3071106.0,2908986.0,1217290.0,162120.0,162120.0,54606.0,-5176280.0,157266830.87480366,156209649.87480366,0.46956709547221503,7.508573895879596,0.01302462370234046,0.013750495877257574,-0.6370908508890852,0.46956709547221503,-0.6458511660076741,0.0,-20.9268116188132,54.0624227393338,0.0,0.0,0.0,0.0,6.767709104367135,-0.6117574580623397,-437.2604177087606,0.0,-3.50002187513672,0.0,0.0,0.0,0.0,-3.1927703314899865,-3.1927703314899865,0.0,0.0,0.0,Biotechnology,Healthcare,NTRB
2019Q1,2019,Q1,2018-06-18,2018-04-30,-448098.0,0.0,-448098.0,-0.068571,0.0,0.0,110886.0,-48944.0,110886.0,159830.0,159830.0,4133.0,-3297508.0,101625160.24003904,101707862.24003904,-0.008037898203921267,0.6937746355502722,0.7458290496546002,-1.6897270349787512,-13.27383138811541,-0.008037898203921267,9.155320366132724,0.0,-56.69806618197304,-2076.3558401446353,0.0,0.0,0.0,0.0,0.0,-4.041069206211785,-3703.4058613038533,0.0,0.8285706231177907,-7.558532927922754,0.0,0.0,0.0,0.8160241579711246,-7.961827079934747,-7.558532927922754,0.0,0.0,Biotechnology,Healthcare,NTRB
2018Q4,2018,Q4,2018-05-01,2018-01-31,-2435635.0,0.0,64365.0,-0.3999956206287546,0.0,0.0,164899.0,121508.0,164899.0,43391.0,43391.0,4133.0,-2849410.0,60891540.0,60922590.0,0.019954824594680967,3.800304210550575,0.1882970788179431,0.25553872996016724,0.42190511149857757,0.019954824594680967,-20.045058761563023,0.0,-6.250068257353832,501.13194192974953,0.0,0.0,0.0,0.0,0.006061164757668641,-14.77046555770502,-5343.706888986398,0.0,-10.666441714657722,-6056.004850380283,0.0,11.537732289671213,0.0,-21.60827794898452,1.5974547952326144,-6056.004850380283,0.0,11.537732289671213,Biotechnology,Healthcare,NTRB
2018Q3,2018,Q3,2017-12-08,2017-10-31,-107732.0,0.0,-107732.0,-0.034286,0.0,0.0,2417605.0,2382891.0,28050.0,34714.0,34714.0,2638.0,-413775.0,34285301.8868496,34311485.8868496,0.39340654805046005,0.8080313418217434,0.010872743893233179,0.011031138226633111,-0.04471734538392156,0.39340654805046005,-0.0452106286019797,0.0,-79.5615552641035,14.388111704165064,0.0,0.0,0.0,0.0,0.010053580687906896,-0.04456145648275876,-1508.1068833839006,0.0,-1.1030485186775436,0.0,0.0,0.0,0.0,-0.15888212387857403,-0.15888212387857403,0.0,0.0,0.0,Biotechnology,Healthcare,NTRB
2018Q2,2018,Q2,2017-09-19,2017-07-31,-92962.0,0.0,-92962.0,-0.016303,0.0,0.0,2508377.0,2490463.0,56322.0,17914.0,17914.0,3700.0,-306043.0,32276535.8491104,32280188.8491104,0.436755680451083,3.1440214357485767,0.0045643059237108295,0.004597137158833518,-0.03715638279843576,0.436755680451083,-0.037327195786486286,0.0,-86.80034812372367,12.960054354997604,0.0,0.0,0.0,0.0,0.4491459193926538,-0.037060617283606094,-1053.1367739855912,0.0,-1.772619047619048,0.0,0.0,0.0,0.0,-1.6100457646629418,-1.6100457646629418,0.0,0.0,0.0,Biotechnology,Healthcare,NTRB
2018Q1,2018,Q1,2017-06-19,2017-04-30,-35617.0,0.0,-35617.0,-0.00588,0.0,0.0,9663.0,-12604.0,9663.0,22267.0,22267.0,7263.0,-213081.0,34285301.8868496,34296821.8868496,-0.0020808740859854682,0.4339605694525531,1.2535444478940287,-0.9610441129800064,72.5397148676171,-0.0020808740859854682,2.825848936845446,0.0,-240.65265102935112,-2720.19215224132,0.0,0.0,0.0,0.0,0.03700543405038847,-3.6859153472006625,-1220.9430535539902,0.0,-0.0607134794651101,0.31612296230871145,0.0,0.0,0.0,-0.060755874556988415,-0.060755874556988415,0.31612296230871145,0.0,0.0,Biotechnology,Healthcare,NTRB
2017Q4,2017,Q4,2017-05-08,2017-01-31,-33577.0,0.0,-33577.0,-0.0055434385570032815,0.0,0.0,37727.0,23109.0,37727.0,14618.0,14618.0,8048.0,-177464.0,34285307.54722695,34268652.54722695,0.0038152103549719,2.580859214666849,0.2774935722426909,0.45302695919338787,-0.9999702185955089,0.0038152103549719,-1.4529836860097798,0.0,-255.27375545184913,1483.6344085519474,0.0,0.0,0.0,0.0,1.8711862087836912,-0.8899992048135288,-1068.6107576121103,0.0,-0.11988657717238002,-82.9425,0.0,3.014734088927637,0.0,-0.11997998665777185,-0.11997998665777185,-82.9425,0.0,3.014734088927637,Biotechnology,Healthcare,NTRB
2017Q3,2017,Q3,2016-12-13,2016-10-31,-29980.0,0.0,-29980.0,-0.00495,0.0,0.0,17103.0,-29230.0,17103.0,46333.0,46333.0,16014.0,-143887.0,34285301.8868496,34312217.8868496,-0.004825765592935198,0.3691321520298707,1.6238671578085715,-0.9501539514197742,20.57652711050103,-0.004825765592935198,1.0256585699623675,0.0,-285.90145002376244,-1172.9490895261579,0.0,0.0,0.0,0.0,0.023503766214145426,-1.7529088464012161,-2209.1045030186597,0.0,0.15830641047440905,0.0,0.0,0.0,0.0,0.15840889313084244,0.15840889313084244,0.0,0.0,0.0,Biotechnology,Healthcare,NTRB
2017Q2,2017,Q2,2016-09-14,2016-07-31,-35623.0,0.0,-35623.0,-0.005881,0.0,0.0,34452.0,481.0,34452.0,33696.0,33971.0,27986.0,-113908.0,34285301.8868496,34296901.8868496,7.941133254197161e-05,1.0224358974358974,0.5175026123301986,37.066528066528065,-1.9455488803932277,7.941133254197161e-05,-74.06029106029106,0.0,-240.6121177809954,71279.21390197422,0.0,0.0,0.0,0.0,0.19189221272554605,-1.0339893184720772,-759.8692794071276,0.0,0.31600372179576647,0.0,0.0,0.0,0.0,0.3160077571475202,0.3160077571475202,0.0,0.0,0.0,Biotechnology,Healthcare,NTRB
2017Q1,2017,Q1,2016-04-30,2016-04-30,-52081.0,0.0,-52081.0,-0.008598,0.0,0.0,,,,,,,,34285301.8868496,,,0.0,0.0,0.0,0.0,,0.0,0.0,-164.57682209850807,0.0,0.0,0.0,0.0,0.0,0.0,0.0,-621.1217936348412,0.0,-129.1967375625,0.0,0.0,0.0,0.0,-129.2025,-129.2025,0.0,0.0,0.0,Biotechnology,Healthcare,NTRB
2016Q4,2016,Q4,2016-01-31,2016-01-31,-400.0,0.0,-400.0,-6.603852109483613e-05,0.0,0.0,330.0,-11470.0,330.0,11114.0,11800.0,0.0,-26204.0,34285307.54722695,34295808.54722695,-0.0018936545402885323,0.02969228000719813,32.124242424242425,-0.9242371403661727,0.46029919447640966,-0.0018936545402885323,0.03487358326068003,0.0,-21428.317217016847,-2989.128818415602,0.0,0.0,0.0,0.0,0.02969228000719813,-1.2121212121212122,0.0,0.0,0.0,0.0,0.0,0.0,0.0,0.0,0.0,0.0,0.0,0.0,Biotechnology,Healthcare,NTRB
2016Q3,2016,Q3,2015-10-31,2015-10-31,0.0,0.0,0.0,0.0,0.0,0.0,,,,,,,,34285301.8868496,,,0.0,0.0,0.0,0.0,,0.0,0.0,0.0,0.0,0.0,0.0,0.0,0.0,0.0,0.0,0.0,0.0,0.0,0.0,0.0,0.0,0.0,0.0,0.0,0.0,0.0,0.0,Biotechnology,Healthcare,NTRB
2016Q2,2016,Q2,2015-07-31,2015-07-31,0.0,0.0,0.0,0.0,0.0,0.0,,,,,,,,34285301.8868496,,,0.0,0.0,0.0,0.0,,0.0,0.0,0.0,0.0,0.0,0.0,,0.0,0.0,0.0,0.0,0.0,0.0,0.0,0.0,0.0,0.0,0.0,0.0,0.0,0.0,0.0,Biotechnology,Healthcare,NTRB
