Quarters,Year,Quarter,FillingDate,Date,NetIncome,Revenue,OperatingIncome,EPSDiluted,GrossProfit,GrossProfitRatio,TotalAssets,CommonStockEquity,CurrentAssets,CurrentLiability,TotalLiability,Inventory,RetainedEarnings,MarketCap,EnterpriseValue,bookValuePerShare,currentRatio,debtToAssets,debtToEquity,roic,shareholdersEquityPerShare,roe,priceToSalesRatio,peRatio,pbRatio,payoutRatio,inventoryTurnover,dividendYield,assetTurnover,quickRatio,returnOnAssets,priceToFreeCashFlowsRatio,grossProfitMargin,epsdilutedGrowth,fiveYNetIncomeGrowthPerShare,fiveYRevenueGrowthPerShare,fiveYShareholdersEquityGrowthPerShare,grossProfitGrowth,netIncomeGrowth,operatingIncomeGrowth,threeYNetIncomeGrowthPerShare,threeYRevenueGrowthPerShare,threeYShareholdersEquityGrowthPerShare,Industry,Sector,Symbol
2023Q1,2023,Q1,2023-05-05,2023-03-31,2041000.0,239006000.0,2507000.0,0.02,41388000.0,0.1731672008,878283000.0,272505000.0,402501000.0,245598000.0,591719000.0,1058000.0,-502334000.0,530124516.34999996,652072516.3499999,3.1099396446542027,1.6388610656438571,0.29990674987447097,0.9665987780040733,0.00376278842427132,3.1099396446542027,0.007489770829893029,2.2180385276938654,64.93440915605096,1.945375374213317,2.4164625183733466,186.78449905482043,0.00930347465149826,0.27212868745040036,1.51185270238357,0.0023238523346119644,17.70327321255635,0.17316720082341028,1.352941176470588,2.1635944117612587,2.6858903030321315,-0.17482792237330932,-0.4023997574252422,1.8151724137931033,-0.8571428571428571,1.0551806985331147,2.579637203031414,0.05634198907502042,Broadcasting,Communication Services,EVC
2022Q4,2022,Q4,2023-03-16,2022-12-31,725000.0,296328000.0,17549000.0,0.0085,69257000.0,0.2337173672,880841000.0,270422000.0,407923000.0,248241000.0,595472000.0,753000.0,-504375000.0,408759307.2,558337307.2,3.1755254917410234,1.6432539346844397,0.2954778444690926,0.9624549777754768,0.005528141450386845,3.1755254917410234,0.002680994889469052,1.3794150643881105,140.95148524137932,1.5115608463808416,2.929655172413793,301.5551128818061,0.005196211957959792,0.3364148580731369,1.5304965738939176,0.0008230770366047902,-145.4141967982924,0.23371736724170514,-0.9227272727272728,-0.9407540114319798,3.276117690820911,-0.17831325909222048,0.2865157059796036,-0.9228148621313744,0.1034330985915493,-0.9025727044496719,3.137393747944846,-0.07186597322668117,Broadcasting,Communication Services,EVC
2022Q3,2022,Q3,2022-11-04,2022-09-30,9393000.0,241014000.0,15904000.0,0.11,53833000.0,0.2233604687,876457000.0,265876000.0,402360000.0,251460000.0,597987000.0,0.0,-502747000.0,337235115.81,473292115.81,3.1299460540007633,1.6000954426151277,0.2939630809041402,0.9690457205614648,0.019315844349354384,3.1299460540007633,0.035328498999533615,1.3992345499016654,8.975703071702332,1.2683924679549867,0.22612583839029063,0.0,0.00629827648552671,0.27498667932368615,1.428028314642488,0.010717011787229721,31.926073635330873,0.22336046868646633,0.09999999999999995,-0.9363321905249645,-0.23234696026982857,-0.17099523075599726,0.14212670259260832,0.10936577300106295,0.18324529424893982,1.7672158855329694,2.4948672449504476,-0.07225763892796536,Broadcasting,Communication Services,EVC
2022Q2,2022,Q2,2022-08-04,2022-06-30,8467000.0,221695000.0,13441000.0,0.1,47134000.0,0.2126074111,840203000.0,255293000.0,406879000.0,240845000.0,584910000.0,0.0,-512140000.0,387413632.79999995,515375632.79999995,3.004891881543514,1.6893811372459466,0.28316014106114834,0.9319174438782105,0.018480735213404303,3.004891881543514,0.03316581339872225,1.7475073086898665,11.438928569741348,1.5175254817014174,0.2508562655013582,0.0,0.005482512281896138,0.26385885315810587,1.5325209159417883,0.01007732655084545,48.27584209345794,0.21260741108279393,3.694835680751174,1.5764660664196932,2.3439008391922505,0.43029380521535676,0.19453596228901618,3.4870164281928986,0.5230594900849859,1.5225720485272962,2.2168951552523493,-0.15325261372182655,Broadcasting,Communication Services,EVC
2022Q1,2022,Q1,2022-05-06,2022-03-31,1887000.0,197172000.0,8825000.0,0.0213,39458000.0,0.2001196925,861609000.0,251755000.0,424056000.0,234365000.0,609854000.0,0.0,-520607000.0,554608442.98,668110442.98,2.9097096707166323,1.8093828003328143,0.2786368294667303,0.9536096601854978,0.01168882855828584,2.9097096707166323,0.007495382415443586,2.8128154250096364,73.47753616587175,2.202968930031181,1.1483836777954426,0.0,0.0039072611090382285,0.22884162073515946,1.6427495573144455,0.0021900885436433462,10.733249012618053,0.20011969245126082,-0.5125858123569794,-0.24828029047996286,2.575654543288931,0.4002407678899979,-0.24879107489624186,-0.5121509824198552,-0.28704152528679916,0.3186981495833562,2.0336027990778693,-0.22611105410916885,Broadcasting,Communication Services,EVC
2021Q4,2021,Q4,2022-03-16,2021-12-31,3868000.0,233894000.0,12378000.0,0.0437,52526000.0,0.2245718146,851342000.0,256926000.0,408478000.0,224862000.0,594416000.0,0.0,-522494000.0,580228230.3000001,635745230.3000001,3.0021949795502736,1.8165719419021444,0.28262554883936186,0.936499225457914,0.008553556802347364,3.0021949795502736,0.01505491853685497,2.4807315719941516,37.5018246057394,2.2583476576913197,0.5522233712512926,0.0,0.0036813100232913638,0.27473565265193073,1.7203484804013127,0.004543414984812214,58.47306563539253,0.2245718145826742,-0.6878571428571428,-0.4233902399908572,2.4737535964674664,0.4620283215913592,0.1395656607293949,-0.6811474734152172,-0.3961067473288774,-0.4223136807988228,1.9423270666751724,-0.202766280445097,Broadcasting,Communication Services,EVC
2021Q3,2021,Q3,2021-11-05,2021-09-30,12131000.0,199008000.0,20497000.0,0.14,46093000.0,0.23161380447017205,828403000.0,253270000.0,379515000.0,191959000.0,575133000.0,0.0,-526362000.0,606271364.3,673292364.3,2.966026610998226,1.9770628102876135,0.3016792551451407,0.9867414221976547,0.027714146177265465,2.966026610998226,0.047897500690962214,3.0464672993045503,12.494257775533757,2.3937748817467526,0.17607781716264118,0.0,0.0035231748121012157,0.24023090210923911,1.8288071932027152,0.014643838807923196,76.14561219542828,0.23161380447017205,0.5555555555555558,1.3504424690686856,2.1984179968029016,0.5022484792065147,0.12301432608907514,0.5425991861648016,0.26220826405566844,4.698795130663031,1.7767542514155878,-0.21432431059474483,Broadcasting,Communication Services,EVC
2021Q2,2021,Q2,2021-08-06,2021-06-30,7864000.0,178410000.0,16239000.0,0.09,41044000.0,0.23005436914971134,778018000.0,286962000.0,354910000.0,152291000.0,491056000.0,0.0,-538493000.0,569057055.76,647778055.76,3.368565841679777,2.3304725820961187,0.3220786665604138,0.8732271171792781,0.02039552583558696,3.368565841679777,0.027404325311365267,3.1896029132896135,18.09057272889115,1.9830397605257837,0.27123601220752797,0.0,0.0037483060413885695,0.22931346061402177,2.1246692187982217,0.010107735296612675,28.545626072736393,0.23005436914971134,0.5,0.43926699525644536,1.8794923194171873,0.7425692406614511,0.09267097942123899,0.4485172223245533,0.42835781511126747,0.6967319976747538,1.5065479098969154,-0.10881704429618552,Broadcasting,Communication Services,EVC
2021Q1,2021,Q1,2021-05-07,2021-03-31,5429000.0,148880000.0,11369000.0,0.06,37563000.0,0.2523038688876948,752168000.0,280683000.0,323186000.0,134879000.0,471485000.0,0.0,-546357000.0,343568177.12,445917177.12,3.3005365325320444,2.396118002061107,0.3354782442220355,0.8990070649095243,0.014196307747444438,3.3005365325320444,0.019342104794376574,2.307685230521225,15.82096965923743,1.2240434123904902,0.3916006631055443,0.0,0.006188000349221633,0.19793450399378862,2.2085054011373155,0.007217802405845503,15.895631401869158,0.2523038688876948,-0.75,1.5000675995653856,1.6780632604342496,0.7519483458952924,-0.31007438699605105,-0.7329299488390397,-0.6082896912899669,4.1891093647689805,1.3657067632722817,-0.12425612744163385,Broadcasting,Communication Services,EVC
2020Q4,2020,Q4,2021-04-12,2020-12-31,20328000.0,171683000.0,29024000.0,0.24,54445000.0,0.31712516673170904,747345000.0,275980000.0,310065000.0,137139000.0,471365000.0,0.0,-551786000.0,231818378.0,365175378.0,3.2738776215576832,2.260954214337278,0.3378881239588142,0.9149902166823682,0.04241256176497261,3.2738776215576832,0.07365751141387057,1.350269846169976,2.8509737554112555,0.8399825277194,0.10345336481700118,0.0,0.009071757028685621,0.229723889234557,2.1084738841613255,0.02720028902314192,6.366363057149919,0.31712516673170904,1.1818181818181819,2.6633862692652195,1.7458511174158946,0.7265996624324014,0.7567436757873,1.2546583850931676,1.0366290084906322,0.678134801411181,1.5027386555826718,-0.1528640409327144,Broadcasting,Communication Services,EVC
2020Q3,2020,Q3,2020-11-06,2020-09-30,9016000.0,62978000.0,14251000.0,0.11,30992000.0,0.49210835529867575,599378000.0,257540000.0,212114000.0,51274000.0,341838000.0,0.0,-572114000.0,127962306.56,298714306.56,3.059188369791136,4.13687248898077,0.4238327065724801,0.9863943465092802,0.018269305382904315,3.059188369791136,0.035008154073153684,2.0318572606306966,3.5482006033717837,0.49686381362118504,0.23358473824312334,0.0,0.01645797154346012,0.10507225824104321,3.810059679369661,0.015042260476694174,30.54722047266651,0.49210835529867575,2.666666666666667,0.015188779574871742,-0.0485434722334013,0.6742213390749191,0.8750075624659689,2.856287425149701,10.896527777777777,-0.9383357717005908,-0.7975977294313156,-0.18973627506104637,Broadcasting,Communication Services,EVC
2020Q2,2020,Q2,2020-08-06,2020-06-30,2338000.0,45116000.0,-1440000.0,0.03,16529000.0,0.36636669917545883,596174000.0,250260000.0,206494000.0,59402000.0,345914000.0,0.0,-581130000.0,120296647.89999999,306376647.9,2.9749108245933096,3.476212922123834,0.4283145524628716,1.0203388475984976,0.0021072222835601963,2.9749108245933096,0.009342284024614402,2.6663854929515027,12.863200160393498,0.4806866774554463,0.8999144568006844,0.0,0.017490096662951156,0.07567589327947881,3.1324534527456986,0.003921673873734849,27.087738775050664,0.36636669917545883,1.0714285714285714,-0.5342340275072923,-0.21348604369997978,0.6979578961012571,-0.45309863349104984,1.0656889188581704,0.9591222641723678,-0.28149144717810365,-0.3127406641331107,0.4160231686267088,Broadcasting,Communication Services,EVC
2020Q1,2020,Q1,2020-05-08,2020-03-31,-35592000.0,64249000.0,-35227000.0,-0.42,30223000.0,0.47040420862581517,613131000.0,248237000.0,214795000.0,67359000.0,364894000.0,0.0,-583468000.0,171165067.01,381311067.01,2.9440651577027652,3.18880921628884,0.4300190334528836,1.0621220849430182,-0.06007074654786669,2.9440651577027652,-0.14337910948005334,2.6640891999875485,-1.202272048564284,0.6895227827036259,-0.11850977747808496,0.0,0.024642878793448966,0.10478837312091543,2.851512047387877,-0.05804958483586705,18.62919754135829,0.47040420862581517,-5.666666666666667,-7.992528384544235,0.12002898246911695,0.7266433811060441,-0.009211906635195385,-5.835869565217391,-5.034241868987632,-15.549423336331273,0.19560035374554444,0.4167736728608397,Broadcasting,Communication Services,EVC
2019Q4,2019,Q4,2020-03-16,2019-12-31,7360000.0,70838000.0,8732000.0,0.09,30504000.0,0.43061633586493125,656200000.0,288172000.0,209432000.0,65987000.0,368028000.0,0.0,-547876000.0,220672473.70000002,454016473.70000005,3.421408331273897,3.1738372709776166,0.406075891496495,0.9246803992060297,0.016967657918587602,3.421408331273897,0.025540302319448108,3.1151708645077503,7.495668264266305,0.7657665342226171,0.5699728260869565,0.0,0.01901007375166792,0.10795184395001524,2.9731765347720005,0.011216092654678452,133.57897923728814,0.43061633586493125,1.6428571428571428,0.28807896484356715,0.1287642166971532,1.0587946077942694,0.08682794741155093,1.6024392240320864,3.3009222661396573,0.11479657882329594,0.06897736273009258,0.6661795500039088,Broadcasting,Communication Services,EVC
2019Q3,2019,Q3,2019-11-08,2019-09-30,-12217000.0,68816000.0,-3795000.0,-0.14,28067000.0,0.40785573122529645,687842000.0,285976000.0,240305000.0,58609000.0,401866000.0,0.0,-555236000.0,269554906.92,513764906.92,3.3737233367074184,4.100138204030098,0.4258463426193806,1.0242642739250847,-0.011707447676789334,3.3737233367074184,-0.04272036814278121,3.917038289351314,-5.515979923876565,0.9425787720647887,-0.345993288041254,0.0,0.015681406242233655,0.10004623154736117,3.839000836049071,-0.01776134635570378,-79.65570535460994,0.40785573122529645,0.26315789473684204,-2.5952715545790053,0.16258863717288702,1.0091347601594103,-0.08656881569954764,0.24952392653111372,0.6722514897659556,-3.384548619563418,0.11414751426688412,0.7087408228365618,Broadcasting,Communication Services,EVC
2019Q2,2019,Q2,2019-08-08,2019-06-30,-16279000.0,69241000.0,-11579000.0,-0.19,30727000.0,0.4437688652676882,699579000.0,302921000.0,250290000.0,60618000.0,396658000.0,0.0,-543019000.0,266323193.76000002,508235193.76,3.5487465686210538,4.128971592596258,0.421028933115488,0.9723426239844712,-0.020675017927125814,3.5487465686210538,-0.053740084048316226,3.8463221755896075,-4.089980861232263,0.8791836609545063,-0.2622396953129799,0.0,0.016029396237441696,0.09897524082340951,3.890280114817381,-0.02326970935376848,-104.56348400471143,0.4437688652676882,-10.5,-2.9491667917232105,0.17094340562785468,1.1706739499502496,0.09317631990892272,-12.43188202247191,-3.320905993185007,-3.973380840158638,0.1152828308439776,0.8357772725909445,Broadcasting,Communication Services,EVC
2019Q1,2019,Q1,2019-05-15,2019-03-31,1424000.0,64680000.0,4989000.0,0.02,28108000.0,0.43457019171304884,720188000.0,323730000.0,254235000.0,58452000.0,396458000.0,0.0,-526740000.0,291884901.99,533468901.99,3.7598542868024003,4.349466228700472,0.4076532794214844,0.9068884564297408,0.004414539607112628,3.7598542868024003,0.004398727334507151,4.512753586734694,51.24383813026686,0.9016306860346586,2.999297752808989,0.0,0.014632480031962478,0.08980988297500098,4.111373434613016,0.001977261492832427,35.4444325428051,0.43457019171304884,-0.75,-0.6657461209887772,0.26518848867309774,1.3833905551665902,-0.3115508964436171,-0.7940112830898307,-0.7244103187317019,-0.3523184410037446,0.1491431038153993,0.9957574878037914,Broadcasting,Communication Services,EVC
2018Q4,2018,Q4,2019-05-07,2018-12-31,6913000.0,82073000.0,18103000.0,0.08,40828000.0,0.49745957866777135,690409000.0,332732000.0,271048000.0,54034000.0,357677000.0,0.0,-528164000.0,257119091.16000003,453927091.16,3.7657651776525514,5.016249028389533,0.352748877839078,0.7319434259403965,0.019867969801353007,3.7657651776525514,0.020776480771311445,3.132809707942929,9.298390393461593,0.7727513168556076,0.6334442354983365,0.0,0.017031018506809503,0.11887591268364114,4.783377132916312,0.01001290539375935,39.13532589954338,0.49745957866777135,3.0,-0.9543867595323611,0.3615861865241398,1.4386402788785915,0.37741641645018725,2.1209932279909705,2.0096425602660015,0.18858009193559358,0.25234456160942803,0.9860146395579091,Broadcasting,Communication Services,EVC
2018Q3,2018,Q3,2018-11-08,2018-09-30,2215000.0,74575000.0,6015000.0,0.02,29641000.0,0.3974656386188401,748598000.0,335429000.0,327456000.0,60146000.0,413169000.0,0.0,-534482000.0,431822382.12,623647382.12,3.7751284034809123,5.444352076613574,0.39221852048763156,0.8753387453082471,0.005869831216027779,3.7751284034809123,0.0066034838967411885,5.790444279182031,48.73841784650113,1.2873734296080541,2.0058690744920993,0.0,0.010288952550785858,0.09961955548906089,5.192215608685532,0.002958864437254708,-437.95373440162274,0.3974656386188401,-0.6,1.1025416768071776,0.27757457086110504,60.20123921406506,-0.06871308282015835,-0.5423553719008265,-0.3862244897959184,-0.763693194725251,0.06748784790182626,1.0660383627462258,Broadcasting,Communication Services,EVC
2018Q2,2018,Q2,2018-08-06,2018-06-30,4840000.0,74329000.0,9800000.0,0.05,31828000.0,0.4282043347818483,748547000.0,336258000.0,331643000.0,59173000.0,412289000.0,0.0,-536697000.0,444799675.0,630144675.0,3.7798813589510827,5.604633870177277,0.39307752218631564,0.8750334564530806,0.010067659421048147,3.7798813589510827,0.014393709592039446,5.984200984810774,22.975189824380166,1.3227928406164315,0.9177685950413224,0.0,0.009986518088170814,0.0992977060892636,5.369087252632113,0.00646585985916716,41.926635403902345,0.4282043347818483,3.5000000000000004,-0.06614534891771261,0.2775071761287569,22.260281830131472,0.26401906274821285,3.6769911504424777,29.73900293255132,-0.08821667949127059,0.22534156843651387,1.1574022813387477,Broadcasting,Communication Services,EVC
2018Q1,2018,Q1,2018-05-09,2018-03-31,-1808000.0,66838000.0,-341000.0,-0.02,25180000.0,0.37673179927586103,745902000.0,340398000.0,331205000.0,50932000.0,405504000.0,0.0,-541538000.0,424499732.40000004,630138732.4000001,3.7688377115217233,6.5028862012094555,0.39531064402562266,0.8662301188608629,-0.0003502356218784634,3.7688377115217233,-0.0053114295618658155,6.351173470181633,-58.697418750000004,1.2470688206158673,-2.4988938053097347,0.0,0.010643116249936179,0.08960694568455374,6.296709337940784,-0.0024239109159112054,-166.0797075117371,0.37673179927586103,-1.1428571428571428,-0.8084946110363342,0.30342992029493165,56.48941492073003,-0.14423599782490484,-1.139377119950663,-1.0831504511094856,-1.3316040339070916,0.08774192515216568,1.210358242933572,Broadcasting,Communication Services,EVC
2017Q4,2017,Q4,2018-03-30,2017-12-31,12972000.0,73460000.0,4101000.0,0.14,29424000.0,0.40054451402123603,765967000.0,348870000.0,352462000.0,62522000.0,417097000.0,0.0,-539730000.0,645446637.5500001,901375637.5500001,3.8646424892201376,5.637407632513355,0.38577249411528175,0.8469888497147935,-0.01954065040828184,3.8646424892201376,0.03718290480694815,8.786368602640893,12.439227519850446,1.8501064509702756,0.34620721554116557,0.0,0.006957972570818607,0.09590491496369948,1.9818303957007133,0.016935455443902937,114.7052847965168,0.40054451402123603,-0.9181286549707601,0.6045466740399135,0.09704391128285399,60.49734253555887,-0.895764179918734,-0.9174851152613098,-0.9840416838533438,1.1181864465962135,0.09214534087580485,1.3255058582547459,Broadcasting,Communication Services,EVC
2017Q3,2017,Q3,2017-11-09,2017-09-30,157208000.0,334555000.0,256982000.0,1.71,282283000.0,0.8437566319439255,764421000.0,341753000.0,366310000.0,52867000.0,422668000.0,0.0,-552702000.0,515949704.40000004,747717704.4000001,3.7755464987916367,6.928897043524316,0.37642607934632877,0.8419765152025,0.25335488936209855,3.7755464987916367,0.46000474026563043,1.542196961336701,0.8204889452190729,1.5097152165452827,0.028828049463131646,0.0,0.008783801911991173,0.437658044454561,2.4331057181228366,0.20565630719197928,2.1935051650178345,0.8437566319439255,41.75,19.635744954806935,4.430997201990294,44.520667172294544,7.867900226187484,43.98082975679542,26.766828741220962,18.22349282162429,4.292876777815239,1.2484302808076657,Broadcasting,Communication Services,EVC
2017Q2,2017,Q2,2017-08-04,2017-06-30,3495000.0,70509000.0,9255000.0,0.04,31832000.0,0.4514600972925442,553044000.0,189826000.0,137601000.0,50933000.0,363218000.0,0.0,-709910000.0,596342881.1999999,824608881.1999999,2.100891348747101,2.70160799481672,0.5223870071820687,1.5219358781199626,0.012122753640495393,2.100891348747101,0.01841159798973797,8.457684567927497,42.65685845493562,3.141523717509719,0.8085836909871245,0.0,0.004738884438954547,0.12749256840323736,2.580213221290715,0.006319569509840085,129.0785457142857,0.4514600972925442,0.3333333333333334,0.6071024758849015,0.2292677402857075,203.17039019785418,0.11044442894020791,0.3349885408708938,0.14926114491493853,-0.6046600044348285,0.12646945880992017,0.2850593961048068,Broadcasting,Communication Services,EVC
2017Q1,2017,Q1,2017-05-05,2017-03-31,2618000.0,57510000.0,8053000.0,0.03,28666000.0,0.49845244305338204,514265000.0,187512000.0,129125000.0,28612000.0,326753000.0,0.0,-713405000.0,559466151.2,780158151.2,2.078006681023315,4.512966587445827,0.5632776875735273,1.5448291309356201,0.009781141848150906,2.078006681023315,0.013961773113187423,9.72815425491219,53.424957142857146,2.9836285208413327,1.0775401069518717,0.0,0.005042306838312258,0.11182950424392094,4.314343632042499,0.005090760600079725,49.11906507462687,0.49845244305338204,-0.6088657105606259,1.733273177289387,0.1754448458186172,49.255915429613275,-0.24859764089121889,-0.6261602170498358,-0.44880219028062973,-0.4136378677305261,0.07339210042072344,0.3172588933854958,Broadcasting,Communication Services,EVC
2016Q4,2016,Q4,2017-03-10,2016-12-31,7003000.0,70291000.0,14610000.0,0.0767,38150000.0,0.5427437367515044,517921000.0,183456000.0,131462000.0,34560000.0,334465000.0,0.0,-718444000.0,625384123.0,854311123.0,2.053445159176195,3.8038773148148146,0.5607940207097222,1.5831970608756323,0.020171554078630985,2.053445159176195,0.03817264085121228,8.897072498612909,22.32557914465229,3.408905257936508,0.4006854205340568,0.0,0.00448684240101823,0.1357176094423667,3.662962962962963,0.013521367158311788,38.37183231071297,0.5427437367515044,0.27833333333333343,4.280887755141224,0.3390720353920994,312.3149728350714,0.09746274667740637,0.2932594644506002,0.10073080690122806,-0.9543015973365233,0.15328614392656648,0.32977332345425325,Broadcasting,Communication Services,EVC
2016Q3,2016,Q3,2016-11-04,2016-09-30,5415000.0,65281000.0,13273000.0,0.06,34762000.0,0.5324979703129548,531059000.0,176886000.0,139239000.0,32190000.0,354173000.0,0.0,-725450000.0,683572730.05,924298730.05,1.9743914885271687,4.325535880708294,0.585708932529154,1.7584545978765984,0.015587499246902605,1.9743914885271687,0.030612937145958415,10.4712355823287,31.559221147276087,3.8644818134278576,0.5174515235457063,0.0,0.0040990517567824096,0.12292607789341674,4.1204411307859585,0.010196607156643613,55.73815476598173,0.5324979703129548,0.0,4.714543029515483,0.23669352392567677,29.036338612174795,0.024883542661713543,-0.052824908168619907,-0.004276069017254314,1.2486187244184315,0.10914540397317218,31.962237657064613,Broadcasting,Communication Services,EVC
2016Q2,2016,Q2,2016-08-05,2016-06-30,5717000.0,64829000.0,13330000.0,0.06,33918000.0,0.52319178145583,525265000.0,172306000.0,128196000.0,29593000.0,352959000.0,0.0,-730863000.0,598983248.64,879360248.64,1.9331030085215573,4.331970398405028,0.593620363054839,1.8096177730316994,0.016416379412987465,1.9331030085215573,0.03317934372569731,9.239433720094402,26.193075417176836,3.476276209998491,0.4876683575301732,0.0,0.004654554207200608,0.12342151104680495,4.138411110735647,0.010884029965826773,53.0308321062417,0.52319178145583,1.9999999999999996,16.49786561864901,0.2306937576736999,24.372996340700393,0.18144135985231113,1.5185022026431718,0.7440795499149548,0.10090836022150766,0.11204774557341483,10.895749235199307,Broadcasting,Communication Services,EVC
2016Q1,2016,Q1,2016-05-06,2016-03-31,2270000.0,58113000.0,7643000.0,0.02,28709000.0,0.4940202708516167,521890000.0,167476000.0,119700000.0,30021000.0,354414000.0,0.0,-736579000.0,661397072.64,950977072.64,1.8839234274600614,3.987208953732387,0.5989212286113932,1.866362941555805,0.009551131601450706,1.8839234274600614,0.01355418089756144,11.381224040059884,72.8410872951542,3.9492050958943374,1.2251101321585902,0.0,0.004204735876588472,0.11135105098775604,3.787348855800939,0.004349575581061143,78.86919540186024,0.4940202708516167,-0.6666666666666666,1.4899552764577024,0.26216715790062534,24.365346066649387,-0.1519510826219242,-0.6090924745996211,-0.3746522664048437,3.3069324610233877,0.15140408497787836,27.737150254316816,Broadcasting,Communication Services,EVC
2015Q4,2015,Q4,2016-03-09,2015-12-31,5807000.0,65432000.0,12222000.0,0.06,33853000.0,0.5173768186819905,528188000.0,167273000.0,120028000.0,33537000.0,360915000.0,0.0,-738849000.0,680157410.73,948796410.73,1.8961417013979405,3.5789724781584518,0.5993377358061902,1.8924931100655815,0.016756734325506645,1.8961417013979405,0.03471570426787347,10.394874231721483,29.28178968184949,4.066151804116624,0.47511623902187017,0.0,0.004056413936648603,0.12388013358879793,3.4088618540716222,0.010994191462130909,51.33650922560194,0.5173768186819905,-0.4000000000000001,1.1899893894477862,0.23731769346013995,14.468087619918073,-0.14848073246805513,-0.37512105886150865,-0.35710904213350164,-0.2649845208010194,-8.628063451293133e-05,29.172952875223725,Broadcasting,Communication Services,EVC
2015Q3,2015,Q3,2015-11-06,2015-09-30,9293000.0,69261000.0,19011000.0,0.1,39756000.0,0.5740026854940009,543058000.0,160961000.0,134983000.0,32766000.0,382097000.0,0.0,-744656000.0,584918549.52,864410549.52,1.8272305449657404,4.119605688823781,0.6214805785017439,2.0967812078702295,0.02252204229716609,1.8272305449657404,0.057734482265890494,8.445135783774418,15.735460817819865,3.6339147341281426,0.23706015280318518,0.0,0.0037663363588107124,0.12753886325217564,3.74809253494476,0.017112352640049497,58.20085069850746,0.5740026854940009,0.6666666666666669,0.3913140037480121,0.24609058839854223,3.03636211254259,0.26390081068192656,0.7731348979202443,0.5891498787929449,0.25344892853768003,0.15532988954873544,21.03038778917345,Broadcasting,Communication Services,EVC
2015Q2,2015,Q2,2015-08-07,2015-06-30,5241000.0,59891000.0,11963000.0,0.06,31455000.0,0.5252041208194888,534434000.0,153887000.0,118348000.0,32143000.0,380547000.0,0.0,-753949000.0,722860898.9000001,1010432898.9000001,1.7520521748060482,3.681921413682606,0.6332643506962506,2.1992630956481056,0.014607823343658956,1.7520521748060482,0.03405745774496871,12.069608103053882,34.481057951726775,4.697348696771008,0.4191948101507346,0.0,0.0030393122706501947,0.11206435219316137,3.3319229692312478,0.00980663655381207,209.22167840810422,0.5252041208194888,0.0,-0.27591065860705977,0.07830756568409901,3.7407391543458703,-0.0015870496746548167,-0.00813777441332324,-0.007137521786040335,1.479178262002869,0.07413952927884673,169.601328211846,Broadcasting,Communication Services,EVC
2015Q1,2015,Q1,2015-05-08,2015-03-31,5284000.0,59550000.0,12049000.0,0.06,31505000.0,0.5290512174643157,527624000.0,149248000.0,110487000.0,31300000.0,378376000.0,0.0,-759190000.0,554073603.75,843584603.75,1.7050800355872395,3.5299361022364217,0.6432137279577881,2.273899817753002,0.014756358711605178,1.7050800355872395,0.03540415951972556,9.304342632241813,26.214686021479938,3.712435702655982,0.41464799394398183,0.0,0.003954348276422472,0.11286446408806271,3.1569009584664536,0.010014707443179234,25.377804413044473,0.5290512174643157,-0.14285714285714296,3.333695897917253,0.3335543876799429,5.0845416416296665,-0.1003455267140695,-0.11073712554695389,-0.17641831852358167,2.52572879091078,0.25475527460992853,40.59573313667158,Broadcasting,Communication Services,EVC
2014Q4,2014,Q4,2015-03-06,2014-12-31,5942000.0,65262000.0,14630000.0,0.07,35019000.0,0.5365909717753057,527767000.0,145558000.0,107411000.0,36063000.0,382209000.0,0.0,-764474000.0,567569695.6800001,876622695.6800001,1.6618502488402624,2.9784266422649255,0.6448167467840922,2.3379889803377347,0.0164130637250762,1.6618502488402624,0.0408222151994394,8.696786731635562,23.879573194210703,3.8992683032193356,0.36654325143049477,0.0,0.003837414182923488,0.12365684099233185,2.6679976707428668,0.011258756231443042,31.38518556071666,0.5365909717753057,-0.22222222222222213,1.1654875342886792,0.3017163733593372,4.530020501186485,0.03386277751535191,-0.26250465433784287,-0.09451011945286873,3.839517253803515,0.26814588177463244,252.9467650556677,Broadcasting,Communication Services,EVC
2014Q3,2014,Q3,2014-11-07,2014-09-30,8057000.0,62274000.0,16157000.0,0.09,33872000.0,0.5439188104184732,550411000.0,149749000.0,123471000.0,34389000.0,400662000.0,0.0,-770416000.0,353149600.32,669071600.3199999,1.6791921595342554,3.590421355666056,0.6580319070658108,2.4186338473044895,0.020072871981500272,1.6791921595342554,0.053803364296255735,5.670899577994026,10.957850326424227,2.3582768520657904,0.2759091473253072,0.0,0.006294782715273271,0.11314090743099248,3.2339992439442846,0.014638152217161358,29.243921854918845,0.5439188104184732,-0.10000000000000009,10.234059496975574,0.15136999435178566,0.427351849107517,-0.03479326361382612,-0.07761877504293074,-0.10641004369227365,6.552351527810933,0.18516470188659392,24.545483047186412,Broadcasting,Communication Services,EVC
2014Q2,2014,Q2,2014-08-07,2014-06-30,8735000.0,61846000.0,18081000.0,0.1,35093000.0,0.5674255408595543,546952000.0,145955000.0,113577000.0,32818000.0,400997000.0,0.0,-778473000.0,555301658.68,877672658.68,1.6348593342184756,3.460814187336218,0.6621933917418713,2.4815045733273955,0.021252182342977655,1.6348593342184756,0.059847213182145184,8.978780498011188,15.893006831139097,3.8046086717138845,0.2564396107613051,0.0,0.004033843524481223,0.11307390776521523,3.120177951124383,0.015970322807120185,51.35025510264472,0.5674255408595543,1.0,5.50849372955945,0.1976376361291981,0.4185866301647626,0.2632469402447804,0.9906563354603464,0.6744767549546212,24.64141277674093,0.17219296113151547,20.458390847164562,Broadcasting,Communication Services,EVC
2014Q1,2014,Q1,2014-05-09,2014-03-31,4388000.0,52656000.0,10798000.0,0.05,27780000.0,0.5275752051048314,534777000.0,139901000.0,111838000.0,28181000.0,394876000.0,0.0,-787208000.0,594182451.6,910182451.6,1.577523364205662,3.9685603775593483,0.6790213490856937,2.595585449710867,0.012777155562835402,1.577523364205662,0.03136503670452677,11.284230697356428,33.852692092069276,4.247163720059185,0.5068368277119416,0.0,0.0037429580661819733,0.09846347169006894,3.5785103438486923,0.008205289307505746,123.04461619382896,0.5275752051048314,-0.9700598802395209,1.287727042659584,0.19965933299043714,0.3477062228852139,-0.14470443349753695,-0.9709582839707994,-0.28347710683477106,1.9493831402444584,0.14639889498595196,20.239942918088634,Broadcasting,Communication Services,EVC
2013Q4,2013,Q4,2014-03-10,2013-12-31,151093000.0,60093000.0,15070000.0,1.67,32480000.0,0.540495565207262,538237000.0,136024000.0,111052000.0,35114000.0,402213000.0,0.0,-791596000.0,536447643.69,856688643.69,1.5442069132821172,3.1626132027111695,0.6763990584073558,2.676461506792919,0.40183132748792805,1.5442069132821172,1.1107819208374992,8.926957277719534,0.8876116757394452,3.9437720085426102,0.0728955014461292,0.0,0.02053136057088308,0.11164784286476032,2.872500996753432,0.2807183452642609,44.10125318069714,0.540495565207262,7.958333333333333,2.13813933654964,0.17093364657249913,0.2407125695222745,0.01735262795213932,8.06570332959222,-0.006657438534045218,5.950702990217227,0.13804627259300956,11.597121734267535,Broadcasting,Communication Services,EVC
2013Q3,2013,Q3,2013-11-08,2013-09-30,-21384000.0,57786000.0,15171000.0,-0.24,31926000.0,0.5524867614993251,455664000.0,-5609000.0,110997000.0,32893000.0,461273000.0,0.0,-942689000.0,518963150.40000004,840417150.4000001,-0.06376772604084299,3.3744869729121696,0.8229748235541978,-66.85683722588696,0.04487034906489062,-0.06376772604084299,3.8124442859689784,8.980776492576057,-6.0671898428731765,-92.52329299340347,0.0,0.0,0.0,0.12681712841040768,3.2092846502295322,-0.04692931633835458,235.57110776214256,0.5524867614993251,-5.0,0.9388741176249382,-0.039892967422946686,-1.0224963833257121,0.031134939603384794,-5.215257244234181,0.01261513816579896,-4.206276487734398,0.04118114968718724,-1.140863250181208,Broadcasting,Communication Services,EVC
2013Q2,2013,Q2,2013-08-05,2013-06-30,5073000.0,56950000.0,14982000.0,0.06,30962000.0,0.5436698858647937,448556000.0,14150000.0,97956000.0,38142000.0,434406000.0,0.0,-921305000.0,557279692.8000001,857248692.8000001,0.16250367844015579,2.5681925436526662,0.7602952585630334,24.101413427561837,0.030656644366249593,0.16250367844015579,0.3585159010600707,9.78542041791045,27.4630244825547,39.38372387279152,0.0,0.0,0.0,0.1269629656051864,2.450920245398773,0.01130962466224953,45.014514765751215,0.5436698858647937,6.999999999999999,-0.5033450141512336,-0.048306112839916426,-0.9758499750336532,0.24535435604537045,6.300940438871473,0.7167411481608801,-0.2930242588875227,0.034276056120676454,-0.5602941726368628,Broadcasting,Communication Services,EVC
2013Q1,2013,Q1,2013-05-03,2013-03-31,-957000.0,49087000.0,8727000.0,-0.01,24862000.0,0.5064884796381934,430812000.0,5668000.0,83636000.0,30173000.0,425144000.0,0.0,-926378000.0,271481313.38,580114313.38,0.06555707197087378,2.7718821462897294,0.7914078530774444,60.15314043754411,-0.02536323831134834,0.06555707197087378,-0.1688426252646436,5.5306153030333896,-70.91988332810868,47.8971971383204,0.0,0.0,0.0,0.11394065160673333,2.6074967686342094,-0.0022213865909027604,-65.1659417618819,0.5064884796381934,-1.1111111111111112,0.8629092618496881,-0.02660219714081146,-0.9898852803362996,-0.36736303722741037,-1.1243341561647395,-0.5772211994961729,0.572095504769936,0.11288147860060987,-0.7660609906955386,Broadcasting,Communication Services,EVC
2012Q4,2012,Q4,2013-03-11,2012-12-31,7697000.0,63752000.0,20642000.0,0.09,39299000.0,0.6164355628058727,438051000.0,5401000.0,88405000.0,39426000.0,432650000.0,0.0,-925421000.0,142668892.56,447352892.56,0.06284243074382494,2.2423020341906357,0.7780235634663544,63.102018144788005,0.04823014722178086,0.06284243074382494,1.4251064617663396,2.2378732049190613,4.633912321683773,26.415273571560817,1.3398726776666234,0.0,0.07228625536336049,0.1455355654935156,2.1346319687515853,0.017571013420811733,6.2029953286956525,0.6164355628058727,0.12499999999999993,1.1948750939998642,1.122249801066432,-0.9902191316078495,0.11667092887790186,0.06415042167841836,0.20558345987618268,1.21846260871199,0.2959038901585027,-0.7908837269782498,Broadcasting,Communication Services,EVC
2012Q3,2012,Q3,2012-11-02,2012-09-30,7233000.0,58486000.0,17122000.0,0.08,35193000.0,0.6017337482474439,451507000.0,7128000.0,100173000.0,32500000.0,444379000.0,0.0,-933118000.0,116019303.75000001,431080303.75,0.0829413700045584,3.0822461538461536,0.7979920577089613,50.54699775533109,0.039836410220976184,0.0829413700045584,1.0147306397306397,1.9837106957220534,4.01006856594774,16.276557765151516,0.0,0.0,0.0,0.1295350902643813,2.870676923076923,0.016019685187605066,26.024967193808887,0.6017337482474439,3.0,7.265866652587366,-0.06087363975542671,-0.9881880964484206,0.11317412620591491,2.500968054211036,0.24768636595496613,9.465232177019345,0.12208850034843366,-0.9294979331749897,Broadcasting,Communication Services,EVC
2012Q2,2012,Q2,2012-08-06,2012-06-30,2066000.0,54491000.0,13723000.0,0.02,31615000.0,0.5801875539079848,446943000.0,-892000.0,94760000.0,37584000.0,447835000.0,0.0,-940351000.0,103863793.66,423261793.65999997,-0.010391686669304354,2.5212856534695613,0.8058186390658316,-403.7612107623318,0.0222738728449744,-0.010391686669304354,-2.3161434977578477,1.906072446092015,12.568222853339785,-116.4392305605381,0.0,0.0,0.0,0.1219193498947293,2.3697051936994464,0.004622513385375763,10.194718655280722,0.5801875539079848,1.5,-0.7083805892401825,-0.13035225228478675,-1.0014210679639597,0.2701888308557654,1.6085419734904272,0.8824417009602195,2.1090692210328528,0.09748444184119752,-1.0090169884744142,Broadcasting,Communication Services,EVC
2012Q1,2012,Q1,2012-05-09,2012-03-31,-3395000.0,46524000.0,7290000.0,-0.04,24890000.0,0.5349926919439429,453619000.0,-3695000.0,98723000.0,28267000.0,457314000.0,0.0,-942417000.0,146728396.79999998,475366396.79999995,-0.04306221657020109,3.492517776913008,0.8372819480665492,-102.78944519621109,0.03643614074382594,-0.04306221657020109,0.918809201623816,3.1538216146505027,-10.804742032400588,-39.709985602165084,0.0,0.0,0.0,0.10256184154543792,3.267343545477058,-0.007484254407333026,-19.6423556626506,0.5349926919439429,-0.6736401673640167,-0.25017087631732693,-0.11912307754429315,-1.0059693871488995,-0.08734232912877676,-0.6707677165354331,-0.20440903634180946,0.7699189777142482,0.09550427296410557,-1.0367888162925012,Broadcasting,Communication Services,EVC
2011Q4,2011,Q4,2012-03-09,2011-12-31,-2032000.0,49972000.0,9163000.0,-0.0239,27272000.0,0.5457456175458256,467321000.0,-561000.0,108928000.0,39868000.0,467882000.0,0.0,-939022000.0,132679662.96000001,453622662.96000004,-0.0065960372560174615,2.7322163138356577,0.8124222964514756,-676.75935828877,0.08723646631462599,-0.0065960372560174615,3.622103386809269,2.655080104058273,-16.323777431102364,-236.5056380748663,0.0,0.0,0.0,0.10693292191020733,2.5832497240894954,-0.004348188932232876,12.14681524855809,0.5457456175458256,-0.19500000000000003,-1.1184952876518317,-0.1604132621709655,-1.0009307968080068,-0.009479533650528458,-0.4682080924855491,-0.08479824210946864,0.984147232831332,0.008475656542291852,-1.005299669534042,Broadcasting,Communication Services,EVC
2011Q3,2011,Q3,2011-11-04,2011-09-30,-1384000.0,50115000.0,10012000.0,-0.02,27533000.0,0.5493963883068942,479089000.0,5591000.0,117813000.0,30392000.0,473498000.0,0.0,-936990000.0,86756772.18,413319772.18,0.06573342756653029,3.8764477494077387,0.8256127775841232,70.7461992487927,-0.060816329296563255,0.06573342756653029,-0.24754069039527812,1.7311537898832687,-15.671382257947977,15.51721913432302,0.0,0.0,0.0,0.10460478115757198,3.6526388523295603,-0.002888816065490963,-13.874423825363827,0.5493963883068942,0.0,-14.830125890902845,-0.20945227973005953,-0.9906389483541734,-0.008819929440564476,-2.9318181818181817,-0.02748907236522584,0.9959087729542276,-0.13891495192372497,-0.9768101440076057,Broadcasting,Communication Services,EVC
2011Q2,2011,Q2,2011-08-05,2011-06-30,-352000.0,50265000.0,10295000.0,0.0,27778000.0,0.5526310554063464,488118000.0,6480000.0,124027000.0,40043000.0,481638000.0,0.0,-935606000.0,157348821.45000002,477477821.45000005,0.07618741525693201,3.0973453537447244,0.8100459315165596,61.01820987654321,-0.010786200892074866,0.07618741525693201,-0.05432098765432099,3.1303853864518056,-111.75342432528409,24.282225532407406,0.0,0.0,0.0,0.10297714896807739,2.932672377194516,-0.0007211371020941658,15.151547563793935,0.5526310554063464,1.0,0.9974113687262006,-0.2167788833655828,-0.9891581696202879,0.19614175601774103,0.9205776173285198,0.8707977466836271,-1.0352804469673975,-0.140054920167255,-0.9886776225729935,Broadcasting,Communication Services,EVC
2011Q1,2011,Q1,2011-05-06,2011-03-31,-4432000.0,44044000.0,5503000.0,-0.05,23223000.0,0.5272681863590954,478771000.0,6316000.0,111225000.0,31355000.0,472455000.0,0.0,-935254000.0,230456497.57999998,560641497.5799999,0.07427154443349239,3.547281135385106,0.8276545571891364,62.73860037998733,0.01863535416859229,0.07427154443349239,-0.7017099430018999,5.232415257015711,-12.999576803925994,36.48772919252691,0.0,0.0,0.0,0.0919938759866408,3.2872269175570086,-0.009257035200544729,-38.61536487600536,0.5272681863590954,0.8571428571428572,-1.4709085597152345,-0.053488672760795296,-0.9909762117214005,-0.2203384140200094,0.8485976838725106,1.194466040002827,0.3545144033734789,-0.1120239506273039,-0.9885407351434395,Broadcasting,Communication Services,EVC
2010Q4,2010,Q4,2011-03-14,2010-12-31,-29273000.0,50647000.0,-28298000.0,-0.35,29786000.0,0.5881098584318913,490810000.0,10357000.0,121618000.0,39668000.0,480453000.0,0.0,-930822000.0,217136550.1,540865550.1,0.12258410658058991,3.0658969446405164,0.8070719830484302,38.24649995172347,-0.05390172502733926,0.12258410658058991,-2.8263976054842135,4.287253936067289,-1.8544097811976905,20.96519746065463,0.0,0.0,0.0,0.10319064403740755,2.8723908440052437,-0.059642224078564,11.730769859535386,0.5881098584318913,-5.375,-13.588204405553913,0.018370739422392618,-0.9851919965188854,-0.07823234511357306,-5.568196004993758,-3.1100589068674966,0.24608310486927779,0.7150540263209798,-0.9809208682852881,Broadcasting,Communication Services,EVC
2010Q3,2010,Q3,2010-11-09,2010-09-30,6408000.0,53325000.0,13411000.0,0.08,32314000.0,0.6059821847163619,522376000.0,38258000.0,110553000.0,32863000.0,484118000.0,0.0,-901549000.0,168179134.72,508987134.72,0.4526924230330586,3.3640568420412014,0.7581091014901143,10.351246798055309,0.024174242365495337,0.4526924230330586,0.1674943802603377,3.1538515653070793,6.561295830212235,4.395920715144545,0.0,0.0,0.0,0.10208164234191464,3.105072574019414,0.012267026050201387,24.703163149236193,0.6059821847163619,0.0,1.7353081941715278,0.03849894431856649,-0.9451709770923371,0.033419680834052896,-0.07970702283498492,-0.040906815418722736,6.644982959194078,-0.12927618252209397,-0.9355308546373979,Broadcasting,Communication Services,EVC
2010Q2,2010,Q2,2010-08-10,2010-06-30,6963000.0,53431000.0,13983000.0,0.08,31269000.0,0.5852220620987816,487116000.0,31227000.0,80602000.0,42935000.0,455889000.0,0.0,-907957000.0,178283743.14999998,512053743.15,0.36957362929363646,1.8773028997321533,0.7379987518373446,11.512184968136548,0.027950705387020117,0.36957362929363646,0.22298011336343548,3.33670983417866,6.401110984848484,5.709281812213789,0.0,0.0,0.0,0.10968845203195954,1.725422149761267,0.014294336461951569,255.78729289813484,0.5852220620987816,3.666666666666667,1.4203912899997024,0.04624533395033562,-0.9557781246958704,0.4018829858776059,4.188186813186813,1.9265383005441608,-0.0015368786633074055,-0.13371374541306974,-0.9494606350608287,Broadcasting,Communication Services,EVC
2010Q1,2010,Q1,2010-05-07,2010-03-31,-2184000.0,43073000.0,4778000.0,-0.03,22305000.0,0.517841803449957,479559000.0,23660000.0,71790000.0,44631000.0,455899000.0,0.0,-914920000.0,233027363.04,567062363.04,0.2802314678761169,1.6085232237682328,0.7517135534939392,15.236306001690616,0.0392943603966541,0.2802314678761169,-0.09230769230769231,5.410056486430014,-26.674377637362635,9.849000973795436,0.0,0.0,0.0,0.08981793689619004,1.4799578768120814,-0.004554184156693963,94.72657034146341,0.517841803449957,0.926829268292683,0.2836171348883836,0.10867918758812363,-0.9663387449689224,-0.19921734759819057,0.9365558912386707,1.1210631666962272,0.18266055947657228,-0.17117368819401244,-0.9611536456714928,Broadcasting,Communication Services,EVC
2009Q4,2009,Q4,2010-03-31,2009-12-31,-34424000.0,48066000.0,-39467000.0,-0.41,27854000.0,0.5794948612324721,487927000.0,25235000.0,78143000.0,48787000.0,462692000.0,0.0,-912736000.0,285507210.59999996,621790210.5999999,0.3005143016167312,1.6017176706909628,0.7459087117540124,14.422389538339608,-0.07642986153857964,0.3005143016167312,-1.3641371111551417,5.939899525652227,-2.0734604534627,11.313937412324153,0.0,0.0,0.0,0.0985106378618113,1.4827720499313342,-0.07055153742260625,41.7774671641791,0.5794948612324721,-42.0,-17.617392491574012,-0.11020983686829355,-0.9693719861571601,-0.06291212488225004,-52.150074294205055,-4.414395708971364,-3.03320096119653,-0.1820657051253254,-0.9575930605228148,Broadcasting,Communication Services,EVC
2009Q3,2009,Q3,2009-11-09,2009-09-30,673000.0,50754000.0,11559000.0,0.01,29724000.0,0.585648421799267,536984000.0,98449000.0,74672000.0,53326000.0,438535000.0,0.0,-837693000.0,144773160.84,487898160.84000003,1.176438844132375,1.4002925402242807,0.6777650730748029,3.69682779916505,0.004408808728896619,1.176438844132375,0.006836026775284665,2.8524482964889466,53.779034487369984,1.4705396788184744,0.0,0.0,0.0,0.09451678262294594,1.2965532760754603,0.001253296187595906,41.30475344935806,0.585648421799267,1.5,-0.7293740089228068,0.07519306630690857,-0.8588881686847573,0.065490913001398,1.3683634373289546,0.4893699265558562,8.823923640377435,-0.1862483321459702,-0.8324641634283644,Broadcasting,Communication Services,EVC
2009Q2,2009,Q2,2009-08-07,2009-06-30,-1827000.0,48696000.0,7761000.0,-0.02,27897000.0,0.5728807294233612,535395000.0,97022000.0,70105000.0,54531000.0,438373000.0,0.0,-838366000.0,40409821.44,387092821.44,1.1524564657913023,1.2855990170728577,0.682712763473697,3.767403269361588,0.045457207023439146,1.1524564657913023,-0.018830780647688155,0.829838620009857,-5.529532216748768,0.4165016330316836,0.0,0.0,0.0,0.09095340823130586,1.2013716968329942,-0.0034124338105510884,-33.12280445901639,0.5728807294233612,0.8823529411764707,-1.3716197610971403,-0.26860184192421926,-0.9034167772207129,0.40510728316711997,0.8739478404857183,11.956594323873121,0.9864258654571416,-0.23341898063949224,-0.8359999813620809,Broadcasting,Communication Services,EVC
2009Q1,2009,Q1,2009-05-11,2009-03-31,-14494000.0,41715000.0,599000.0,-0.17,19854000.0,0.4759439050701187,534893000.0,98657000.0,62600000.0,29866000.0,436236000.0,0.0,-836539000.0,21913951.02,370660951.02,1.1705246569452266,2.09602892921717,0.6833572321941024,3.7049879886880808,0.002072230638797736,1.1705246569452266,-0.1469130421561572,0.5253254469615246,-0.3779831485442252,0.22212261694557917,0.0,0.0,0.0,0.0779875601288482,1.9327998392821268,-0.027097008186684066,-16.9219698996139,0.4759439050701187,0.8874172185430464,-1.8679706724072613,-0.17136944065909923,-0.9017477211158286,-0.29643148233459726,0.8938036238945509,1.0036626900899468,-2.5538082310858274,-0.0955102754597079,-0.8577844750675327,Broadcasting,Communication Services,EVC
2008Q4,2008,Q4,2009-03-16,2008-12-31,-136483000.0,52762000.0,-163541000.0,-1.51,28219000.0,0.5348356771919184,591039000.0,112713000.0,114401000.0,35561000.0,478326000.0,0.0,-822045000.0,141274668.6,483503668.6,1.2446129355139044,3.2170355164365456,0.6878107874438066,3.6067090752619486,-0.2504707820043319,1.2446129355139044,-1.2108896045709012,2.677583651112543,-0.2587770429284233,1.2534017247345026,0.0,0.0,0.0,0.089269912814552,3.0693456314501844,-0.2309204637934214,18.250183257977003,0.5348356771919184,0.6206030150753769,-133.05652001255208,0.07348307707989352,-0.866006109670673,-0.202965682813162,0.6149888149487576,0.6159016766914291,-55.756442546807016,-0.01023168348618839,-0.8496523473080612,Broadcasting,Communication Services,EVC
2008Q3,2008,Q3,2008-11-10,2008-09-30,-354491000.0,60988000.0,-425779000.0,-3.98,35405000.0,0.5805240375155768,824653000.0,252647000.0,177476000.0,35737000.0,572006000.0,0.0,-685562000.0,239760810.97,595188810.97,2.8345767903038888,4.966169516187705,0.5735770075413538,1.872185302022189,-0.4799920775524595,2.8345767903038888,-1.403107893622327,3.93127846412409,-0.16908808049428617,0.9489952818359212,0.0,0.0,0.0,0.0739559548076585,4.764697652293141,-0.4298668652148237,13.003623547564812,0.5805240375155768,-34.166666666666664,-54.14230053793551,0.27876382314213505,-0.6750066796405146,-0.04284941876182752,-34.000465462669894,-27.753314483191957,-37.56960885643538,0.12619269321700174,-0.6566828427836264,Broadcasting,Communication Services,EVC
2008Q2,2008,Q2,2008-08-11,2008-06-30,10742000.0,62932000.0,15915000.0,0.12,36990000.0,0.5877772834170215,1292564000.0,616189000.0,206126000.0,35172000.0,676375000.0,0.0,-331070000.0,368124211.73999995,724023211.74,6.728923827888615,5.860514045263278,0.36594242141975175,0.7676281141013552,0.008823759528821912,6.728923827888615,0.01743296293831925,5.849555261869954,8.567403922453918,0.5974209402310005,0.0,0.0,0.0,0.04868772455367781,4.920618673945183,0.008310613633058015,-55.31543377009766,0.5877772834170215,2.5,11.29259690562874,0.32024407698371277,-0.20534586790000214,0.19635175781881692,2.3943406022845277,0.5534407027818448,2.4453654443947923,0.1370320985899041,-0.19484073845687705,Broadcasting,Communication Services,EVC
2008Q1,2008,Q1,2008-05-12,2008-03-31,-7704000.0,55653000.0,10245000.0,-0.08,30919000.0,0.5555675345444091,1300205000.0,618427000.0,215986000.0,40678000.0,681778000.0,0.0,-341812000.0,635472811.08,1080102811.08,6.481353329657233,5.309651408623826,0.3645971212231917,0.7665431813294051,0.00544774163021561,6.481353329657233,-0.012457412111696287,11.41848258099294,-20.62152164719626,1.0275631741175595,0.0,0.0,0.0,0.04280325025669029,1.9447121294065588,-0.005925219484619733,81.25211751438435,0.5555675345444091,0.8260869565217391,-0.45636915872188516,0.3197472701225273,-0.22730058739460982,0.034114853339576576,0.8362627786869568,-0.6795633679469536,-1.236062424224066,0.2675480979643009,-0.22146328165913262,Broadcasting,Communication Services,EVC
2007Q4,2007,Q4,2008-03-17,2007-12-31,-47051000.0,35785000.0,31972000.0,-0.46,29899000.0,0.835517675003493,1366148000.0,657810000.0,280311000.0,64910000.0,708338000.0,0.0,-334108000.0,801653463.8100001,1198786463.81,6.425035919536371,4.318456324141119,0.3543378901846652,0.7358933430625865,0.06887478773894727,6.425035919536371,-0.07152673264316443,22.401941143216433,-4.259492167063399,1.2186702297167875,0.0,0.0,0.0,0.026194087317040322,2.2019873671237096,-0.03444063161531547,68.65234767577289,0.835517675003493,-45.0,-17.467890158345504,-0.3338767735307746,-0.2460498103936562,-0.295017801985334,-33.16920842411039,1.2016251205068171,-19.628747466840597,-0.4566697411173169,-0.345168971907103,Broadcasting,Communication Services,EVC
2007Q3,2007,Q3,2007-11-06,2007-09-30,-1377000.0,74289000.0,14522000.0,-0.01,42411000.0,0.5708920566974922,1396216000.0,719854000.0,189873000.0,42609000.0,676362000.0,0.0,-287057000.0,1012861478.72,1404531478.72,7.021846194593127,4.4561712314299795,0.3547789167292167,0.6881228693596202,0.0078890307741149,7.021846194593127,-0.0019128878911557066,13.634070706564902,-183.88915735657227,1.4070373696888536,0.0,0.0,0.0,0.05320738338480579,4.043253772677134,-0.0009862370865252941,83.92952259860789,0.5708920566974922,-1.125,-2.7297223782804534,0.3402914594393524,-0.1752758067703263,-0.04901675000560576,-1.1601535240753664,-0.03827814569536424,-1.4519987396459044,0.2846639455878531,-0.15774153439844188,Broadcasting,Communication Services,EVC
2007Q2,2007,Q2,2007-08-08,2007-06-30,8598000.0,76044000.0,15100000.0,0.08,44597000.0,0.5864631003103467,1437760000.0,761787000.0,216903000.0,41622000.0,675973000.0,0.0,-285680000.0,1086542381.75,1449270381.75,7.312589498076429,5.211258469078852,0.3454150901402181,0.651919762348268,0.006937290214295326,7.312589498076429,0.011286619488124634,14.288338090447635,31.59288153494999,1.4263073296735176,0.0,0.0,0.0,0.05289060761184064,4.821921099418577,0.005980135766748275,197.51724809125614,0.5864631003103467,3.666666666666667,13.128542248845429,0.4029934954736921,-0.10479982388352585,0.33002296382452057,3.615759050806206,2.2410388495385276,0.4133216917438854,-0.07698478908457924,-0.3871582297894025,Broadcasting,Communication Services,EVC
2007Q1,2007,Q1,2007-05-10,2007-03-31,-3287000.0,63928000.0,4659000.0,-0.03,33531000.0,0.524511950944813,1411332000.0,749228000.0,196613000.0,36111000.0,662104000.0,0.0,-294278000.0,970050270.48,1341709270.48,7.213842140920548,5.444684445182908,0.35270581266491513,0.6643972195379778,0.00236758285070532,7.213842140920548,-0.004387182539894398,15.174106345889125,-73.7793025920292,1.2947330725493442,0.0,0.0,0.0,0.04529621662372851,5.055329401013542,-0.0023290055068545174,123.69934589135426,0.524511950944813,-1.15,0.9266658351747366,0.4740717107040922,-0.20756718038102107,-0.20919317940614607,-1.1536843089582944,-0.7760957324106112,0.47217965424310065,0.030527983337239693,-0.3944797098885204,Broadcasting,Communication Services,EVC
