Year,Date,FillingDate,NetIncome,Revenue,OperatingIncome,EPSDiluted,GrossProfit,GrossProfitRatio,TotalAssets,CommonStockEquity,CurrentAssets,CurrentLiability,TotalLiability,Inventory,RetainedEarnings,EnterpriseValue,bookValuePerShare,currentRatio,debtToAssets,debtToEquity,roic,shareholdersEquityPerShare,roe,priceToSalesRatio,peRatio,pbRatio,payoutRatio,inventoryTurnover,dividendYield,assetTurnover,quickRatio,returnOnAssets,priceToFreeCashFlowsRatio,grossProfitMargin,epsdilutedGrowth,fiveYNetIncomeGrowthPerShare,fiveYRevenueGrowthPerShare,fiveYShareholdersEquityGrowthPerShare,grossProfitGrowth,netIncomeGrowth,operatingIncomeGrowth,threeYNetIncomeGrowthPerShare,threeYRevenueGrowthPerShare,threeYShareholdersEquityGrowthPerShare,Industry,Sector,Price,MarketCap,AvgVolume,Symbol
2022,2022-12-31,2022-12-31,375000000.0,3892000000.0,628000000.0,2.06,1090000000.0,0.280061665,4216000000.0,-1615000000.0,1678000000.0,1544000000.0,5824000000.0,4000000.0,607000000.0,12406540000.0,-8.922651933701658,1.0867875647668395,0.6695920303605313,-1.7479876160990713,0.2674459168648771,-8.922651933701658,-0.23219814241486067,2.7131397738951697,28.158773333333333,-6.538414860681114,0.6213333333333333,700.5,0.02206535511963589,0.9231499051233396,0.6444300518134715,0.08894686907020873,19.304460694698356,0.2800616649537513,0.42068965517241386,-0.35832975586083315,1.2099391769690062,-0.9067228811703951,0.2206047032474804,0.40977443609022557,0.27125506072874495,-0.015211308028987467,-0.14955575429827567,-0.10851683901385173,Lodging,Consumer Cyclical,69.62,11802678600,141185,IHG
2021,2021-12-31,2021-12-31,266000000.0,2907000000.0,494000000.0,1.45,893000000.0,0.3071895425,4716000000.0,-1481000000.0,2066000000.0,1624000000.0,6190000000.0,4000000.0,904000000.0,13747429999.999998,-8.092896174863387,1.272167487684729,0.6921119592875318,-2.203916272788656,0.1646828242267795,-8.092896174863387,-0.17960837272113436,4.105067079463364,44.862518796992475,-8.057683997299122,0.0,503.5,0.0,0.6164122137404581,0.8940886699507389,0.05640373197625106,20.433955479452052,0.30718954248366015,2.013986013986014,-0.32297545669332905,0.7860928205802228,-1.0346176703286525,0.6660447761194029,2.023076923076923,1.993939393939394,-0.2525181760154438,-0.33887782217064755,-0.3463297323159829,Lodging,Consumer Cyclical,69.62,11802678600,141185,IHG
2020,2020-12-31,2020-12-31,-260000000.0,2394000000.0,165000000.0,-1.43,536000000.0,0.223893066,5039000000.0,-1857000000.0,2243000000.0,1867000000.0,6888000000.0,5000000.0,568000000.0,14442840000.0,-10.203296703296703,1.2013926084627744,0.836872395316531,-2.270866989768444,0.054524656837824106,-10.203296703296703,0.14001077005923532,4.950643274853801,-45.584,-6.382250942380184,0.0,371.6,0.0,0.4750942647350665,0.8714515265131226,-0.05159753919428458,194.29245901639345,0.22389306599832914,-1.6842105263157894,-1.2082358709375731,0.29951656828362977,-6.881753585618264,-0.5691318327974276,-1.6753246753246753,-0.7380952380952381,-1.4424469111969112,0.35188211452224893,-1.1803898025051869,Lodging,Consumer Cyclical,69.62,11802678600,141185,IHG
2019,2019-12-31,2019-12-31,385000000.0,4627000000.0,630000000.0,2.09,1244000000.0,0.2688567106,3976000000.0,-1473000000.0,935000000.0,1387000000.0,5441000000.0,6000000.0,809000000.0,15196610000.0,-8.049180327868852,0.6741167988464312,0.7105130784708249,-1.9178547182620502,0.22299780651882065,-8.049180327868852,-0.26137135098438563,2.715930408472012,32.64054545454546,-8.531303462321793,1.8727272727272728,563.8333333333334,0.05737426402188021,1.1637323943661972,0.6661860129776496,0.09683098591549295,26.511835443037974,0.2688567106116274,0.08615947003732957,0.007364781281008379,1.547748655317134,-1.0785837679366874,0.150786308973173,0.09686609686609686,0.11307420494699646,-0.02009605574034477,1.842879766365563,-1.023627162993994,Lodging,Consumer Cyclical,69.62,11802678600,141185,IHG
2018,2018-12-31,2019-02-28,351000000.0,4337000000.0,566000000.0,1.924211,1081000000.0,0.24925063407885636,3753000000.0,-1085000000.0,1376000000.0,1370000000.0,4830000000.0,5000000.0,1166000000.0,11917107600.0,-6.011080332409972,1.0043795620437956,0.5992539301891819,-2.072811059907834,0.2936294702401568,-6.011080332409972,-0.32350230414746545,2.3915396818077013,29.5501641025641,-9.559546175115207,0.5669515669515669,651.2,0.019186071690964715,1.1556088462563283,0.5145985401459854,0.09352517985611511,20.417534645669292,0.24925063407885636,-0.34339057220444386,-0.034425576177285255,1.3322344756536915,-12.540586093507196,-0.08078231292517007,-0.40709459459459457,-0.2581913499344692,-0.7165454100312372,1.3737844401159653,-4.465124491299787,Lodging,Consumer Cyclical,69.62,11802678600,141185,IHG
2017,2017-12-31,2018-03-01,592000000.0,1784000000.0,763000000.0,2.930526,1176000000.0,0.6591928251121076,3175000000.0,-858000000.0,839000000.0,1304000000.0,4026000000.0,3000000.0,1405000000.0,14108424210.0,-4.679574584128716,0.6434049079754601,0.6359055118110236,-2.3531468531468533,0.47941354728240604,-4.679574584128716,-0.6899766899766899,6.870753480941704,20.70510846283784,-14.286042202797201,1.0016891891891893,202.66666666666666,0.048378842882521075,0.5618897637795276,0.1411042944785276,0.18645669291338582,33.954083684210524,0.6591928251121076,0.3775359975331018,0.1918418941593544,0.06476709525193024,-4.050931180801745,0.03612334801762115,0.42995169082125606,0.12536873156342182,0.5460299964918324,-0.01955754891839268,-0.20843208565490914,Lodging,Consumer Cyclical,69.62,11802678600,141185,IHG
2016,2016-12-31,2017-03-02,414000000.0,1715000000.0,678000000.0,2.127368,1135000000.0,0.6618075801749271,2927000000.0,-767000000.0,778000000.0,1134000000.0,3686000000.0,3000000.0,1392000000.0,10903966464.0075,-3.9776004567758125,0.6860670194003528,0.5848992142125042,-2.2320730117340286,0.40817899897784166,-3.9776004567758125,-0.5397653194263363,5.479863827409621,22.700402086974638,-12.252889783582138,4.0893719806763285,193.33333333333334,0.18014535447470278,0.5859241544243252,0.19929453262786595,0.14144174923129485,17.403641600013888,0.6618075801749271,-0.685917559279634,-0.14336795885434475,-0.050626777962011336,-2.372344517920645,-0.02407566638005159,-0.6612111292962357,-0.5476984656437625,0.06606080776145493,-0.1367235129180052,-7.959960348583992,Lodging,Consumer Cyclical,69.62,11802678600,141185,IHG
2015,2015-12-31,2016-03-03,1222000000.0,1803000000.0,1499000000.0,6.773279,1163000000.0,0.6450360510260676,3769000000.0,309000000.0,1606000000.0,1369000000.0,3450000000.0,3000000.0,2653000000.0,9632895660.0544,1.73473719270478,1.1731190650109569,0.4420270628814009,5.391585760517799,0.5909124286470673,1.73473719270478,3.954692556634304,5.049304303968053,7.449996448489689,29.462445501794175,0.15384615384615385,213.33333333333334,0.020650500293505847,0.47837622711594585,0.8305332359386414,0.32422393207747413,21.22120200478881,0.6450360510260676,2.2826087061878475,3.607998723902299,0.16933918083238306,0.20389431635280275,0.04118173679498657,2.125319693094629,1.2044117647058823,1.532353154774037,0.10767313579084987,0.1309925072398254,Lodging,Consumer Cyclical,69.62,11802678600,141185,IHG
2014,2014-12-31,2015-02-26,391000000.0,1858000000.0,680000000.0,2.063383,1117000000.0,0.601184068891281,2818000000.0,-725000000.0,934000000.0,1037000000.0,3535000000.0,3000000.0,1636000000.0,11425348994.3953,-3.8724349011244787,0.9006750241080038,0.6014904187366927,-2.3379310344827586,0.3739618406285073,-3.8724349011244787,-0.5393103448275862,5.3241921390717435,25.300125305358822,-13.644619302614206,2.4092071611253196,247.0,0.0952251078620162,0.6593328601845281,0.16104146576663453,0.13875088715400993,33.30757237170135,0.601184068891281,0.03639101505777948,0.8342896904568406,0.20714696097342433,-5.862084578327772,-0.0017873100983020554,0.051075268817204304,0.010401188707280832,-0.16671981044404993,0.05934858135569241,-2.3360604880537608,Lodging,Consumer Cyclical,69.62,11802678600,141185,IHG
2013,2013-12-31,2014-02-26,372000000.0,1903000000.0,673000000.0,1.990931,1119000000.0,0.5880189174986863,2953000000.0,-82000000.0,814000000.0,814000000.0,3027000000.0,4000000.0,2334000000.0,9976521635.579,-0.44393058697011106,1.0,0.4351506942092787,-15.670731707317072,0.295841560883874,-0.44393058697011106,-4.536585365853658,4.637688720745665,23.72452052575,-107.62831262901219,1.4327956989247312,196.0,0.06039303080412566,0.6444293938367761,0.17936117936117937,0.12597358618354215,23.286336769337733,0.5880189174986863,-0.2522813532561628,0.4404721289123847,0.04133932570366646,-12.865189613599318,0.05268109125117592,-0.3161764705882353,0.10327868852459017,0.3527267879457909,0.19017156364599883,-1.3080844249815038,Lodging,Consumer Cyclical,69.62,11802678600,141185,IHG
2012,2012-12-31,2013-03-26,544000000.0,1835000000.0,610000000.0,2.662674,1063000000.0,0.579291553133515,3263000000.0,308000000.0,660000000.0,841000000.0,2946000000.0,4000000.0,2781000000.0,9047328960.764801,1.5338184661703789,0.7847800237812128,0.3855347839411584,4.084415584415584,0.33629451894052814,1.5338184661703789,1.7662337662337662,4.351132948645668,14.67707529552353,25.92314597650909,1.2481617647058822,193.0,0.08504158625435194,0.5623659209316579,0.2390011890606421,0.16671774440698744,23.21025860687442,0.579291553133515,0.11891868041358422,0.22270305669127927,0.07825668866082104,2.4838073137866954,0.06619859578736209,0.15010570824524314,-0.00974025974025974,1.3793985574758005,0.11154648796924492,0.9258051589597616,Lodging,Consumer Cyclical,69.62,11802678600,141185,IHG
2011,2011-12-31,2012-03-29,473000000.0,1768000000.0,616000000.0,2.379685,997000000.0,0.5639140271493213,2968000000.0,547000000.0,578000000.0,860000000.0,2413000000.0,4000000.0,3035000000.0,5708089312.6235,2.89839789122531,0.672093023255814,0.2328167115902965,1.263254113345521,0.3634658037667875,2.89839789122531,0.8647166361974405,2.9406613759182694,10.991732161994715,9.504733661103291,0.3128964059196617,192.75,0.02846652386614187,0.5956873315363881,0.2116279069767442,0.159366576819407,13.827365193147607,0.5639140271493213,0.5696964939684013,-0.32617101155194717,0.26652073570779317,-0.5346807831514743,0.13942857142857143,0.6892857142857143,0.4096109839816934,0.7926376875332082,-0.05309762895564073,91.52504494402191,Lodging,Consumer Cyclical,69.62,11802678600,141185,IHG
2010,2010-12-31,2011-04-11,280000000.0,1628000000.0,437000000.0,1.516016,875000000.0,0.5374692874692875,2785000000.0,271000000.0,466000000.0,943000000.0,2507000000.0,4000000.0,2775000000.0,6398217009.599,1.4409381032383022,0.4941675503711559,0.2850987432675045,2.9298892988929888,0.30419029733959313,1.4409381032383022,1.033210332103321,3.490305288451474,20.293632177139287,20.967590441324724,0.43214285714285716,188.25,0.021294505260111334,0.5845601436265709,0.08271474019088017,0.10053859964093358,15.31594881293531,0.5374692874692875,0.3711908250574338,-0.5801563612628453,0.47430573391659864,-0.8069571491332376,0.29056047197640117,0.3145539906103286,44.7,-0.32805624990670695,0.02139395232288269,2.2728453943505342,Lodging,Consumer Cyclical,69.62,11802678600,141185,IHG
2009,2009-12-31,2010-04-01,213000000.0,1538000000.0,-10000000.0,1.10562,678000000.0,0.4408322496749025,2893000000.0,149000000.0,419000000.0,1053000000.0,2737000000.0,4000000.0,-233000000.0,5606707135.9316,0.7964556845402173,0.39791073124406456,0.5288627722087799,10.268456375838927,0.019356759976176294,0.7964556845402173,1.429530201342282,2.6766626371466837,19.327263548974646,27.628906952561074,0.5539906103286385,215.0,0.028663685830373483,0.5316280677497408,0.03798670465337132,0.07362599377808503,13.768251290741135,0.4408322496749025,-0.18418035073116956,-0.5038540884199034,-0.5142517124242749,-0.9475275316895538,-0.34238603297769155,-0.18702290076335878,-1.0248138957816377,-0.6938933091411283,0.11145286200091437,-0.8721341412416861,Lodging,Consumer Cyclical,69.62,11802678600,141185,IHG
2008,2008-12-31,2009-04-07,262000000.0,1854000000.0,403000000.0,1.355226,1031000000.0,0.5560949298813377,3118000000.0,-6000000.0,544000000.0,1141000000.0,3124000000.0,4000000.0,-256000000.0,4066901290.8528,-0.03201763548438552,0.4767747589833479,0.5602950609364977,-291.1666666666667,0.190086385612288,-0.03201763548438552,-43.666666666666664,1.2955238893488672,9.167562178827481,-400.3168818088,0.45038167938931295,205.75,0.04912774744298666,0.5946119307248237,0.07186678352322524,0.08402822322001283,4.456217608261224,0.5560949298813377,-0.36430027229679174,8.48441052792488,-0.6338838313283083,-1.0016178471776904,0.08985185615389503,-0.4341273722624341,-0.24531837354149946,-0.6057308395843816,0.6850192029789027,-1.00428941091781,Lodging,Consumer Cyclical,69.62,11802678600,141185,IHG
TTM,,,,,,,,,,,,,,,,13649678600.0,-8.922651933701658,1.0867875647668395,0.6695920303605313,-1.7479876160990713,0.2674459168648771,-8.922651933701658,-0.24224806201550386,3.0325484583761564,33.603253333333335,-7.802613003095975,0.6213333333333333,700.5,0.019879345015800055,0.9231499051233396,0.6444300518134715,0.08894686907020873,21.57710895795247,0.2800616649537513,,,,,,,,,,,Lodging,Consumer Cyclical,69.62,11802678600,141185,IHG
