Quarters,Year,Quarter,FillingDate,Date,NetIncome,Revenue,OperatingIncome,EPSDiluted,GrossProfit,GrossProfitRatio,TotalAssets,CommonStockEquity,CurrentAssets,CurrentLiability,TotalLiability,Inventory,RetainedEarnings,MarketCap,EnterpriseValue,bookValuePerShare,currentRatio,debtToAssets,debtToEquity,roic,shareholdersEquityPerShare,roe,priceToSalesRatio,peRatio,pbRatio,payoutRatio,inventoryTurnover,dividendYield,assetTurnover,quickRatio,returnOnAssets,priceToFreeCashFlowsRatio,grossProfitMargin,epsdilutedGrowth,fiveYNetIncomeGrowthPerShare,fiveYRevenueGrowthPerShare,fiveYShareholdersEquityGrowthPerShare,grossProfitGrowth,netIncomeGrowth,operatingIncomeGrowth,threeYNetIncomeGrowthPerShare,threeYRevenueGrowthPerShare,threeYShareholdersEquityGrowthPerShare,Industry,Sector,Symbol
2023Q1,2023,Q1,2023-05-08,2023-03-31,224700000.0,3729100000.0,-259700000.0,0.19,1542200000.0,0.4135582312,49290200000.0,20927900000.0,9630300000.0,6108100000.0,28362300000.0,3664300000.0,5252500000.0,11568050000.0,29639550000.0,17.403659043659044,1.5766441282886658,0.3769126520079042,0.887719264713612,-0.004547787777017525,17.403659043659044,0.010736863230424457,3.1021023839532327,12.870549621717846,0.5527573239551029,0.6399643969737427,0.5968124880604754,0.012430789977567525,0.0756560127570998,0.6839442707224832,0.004558715525601438,13.016822324744009,0.41355823120860263,-0.7710843373493975,0.10357230320490941,-0.4057673693866653,-0.32058541121386896,0.21042304371713366,-0.7777887658227848,-1.3356164383561644,3.639176395330241,-0.388584398975358,-0.2020341898349836,Drug Manufacturers—Specialty & Generic,Healthcare,VTRS
2022Q4,2022,Q4,2023-02-27,2022-12-31,1011200000.0,3876000000.0,773800000.0,0.83,1274100000.0,0.3287151703,50022200000.0,21072300000.0,10635400000.0,6746200000.0,28949900000.0,3519500000.0,5175600000.0,13501803000.0,31516203000.0,17.37062072376556,1.5765023272360736,0.3853149201754421,0.9146747151473735,0.013117634873600228,17.37062072376556,0.04798716798830693,3.483437306501548,3.338064428401899,0.6407370339260546,0.1438884493670886,0.7392811478903253,0.010776338537897494,0.07748559639520053,0.783700453588687,0.020215024529109074,-579.4765236051502,0.3287151702786378,1.8620689655172415,0.8196529879690712,-0.47390859108106476,-0.30387507649882983,-0.2712765957446808,1.8540784645780413,7.306438467807661,19.98555484738756,-0.48336318022169467,-0.24561357852409124,Drug Manufacturers—Specialty & Generic,Healthcare,VTRS
2022Q3,2022,Q3,2022-11-07,2022-09-30,354300000.0,4078200000.0,-122700000.0,0.29,1748400000.0,0.4287185523,48662600000.0,19182300000.0,10487800000.0,6521400000.0,29480300000.0,3380400000.0,4312500000.0,10330500000.0,29172100000.0,15.820453608247423,1.6082129604072746,0.400477985146704,1.0159522059398507,-0.002611790281506242,15.820453608247423,0.01847015217153313,2.5331028394880093,7.289373412362404,0.5385433446458454,0.4106689246401355,0.6892083777067802,0.014084507042253521,0.0838056330734486,0.6611617137424479,0.0072807453773534505,13.713659896455596,0.4287185523024864,0.11538461538461527,0.7711070273551973,-0.3973667139835313,-0.3629730979615682,0.026478013268361415,0.12870340872889455,0.3036322360953462,-0.20559329951223745,-0.41400297753205967,-0.287876715297759,Drug Manufacturers—Specialty & Generic,Healthcare,VTRS
2022Q2,2022,Q2,2022-08-08,2022-06-30,313900000.0,4116800000.0,-176200000.0,0.26,1703300000.0,0.4137436844,51125100000.0,19805400000.0,11176500000.0,7681200000.0,31319700000.0,3612500000.0,4106800000.0,12692781000.0,32002681000.0,16.33704528582034,1.4550460865489767,0.39070045828761213,1.0085431246023813,-0.00354690514733711,16.33704528582034,0.01584921284094237,3.083166780023319,10.108936763300415,0.6408747614287013,0.46352341510035044,0.6680968858131487,0.01146320889015575,0.08052404787472299,0.6091756496380774,0.006139841291263978,17.801936886395513,0.4137436844150797,-0.21212121212121213,-0.5335785193906121,-0.386677258703693,-0.31891316632141736,-0.03833559168925023,-0.21367735470941884,-2.140819964349376,1.7921546482873005,-0.3860896469901147,-0.2924566618912873,Drug Manufacturers—Specialty & Generic,Healthcare,VTRS
2022Q1,2022,Q1,2022-05-09,2022-03-31,399200000.0,4191700000.0,-56100000.0,0.33,1771200000.0,0.4225493237,53466900000.0,20447700000.0,11744300000.0,9642900000.0,33019200000.0,3797300000.0,3941500000.0,13170240000.0,33786440000.0,16.891945477075588,1.2179219944207655,0.3996603506094425,1.0450368501102814,-0.001008487449290088,16.891945477075588,0.01952297813446011,3.141980580671327,8.247895791583167,0.644093956777535,0.36347695390781565,0.6374265925789376,0.011017263163009937,0.07839803691629775,0.5323813375644256,0.007466301580978138,12.347871741983875,0.4225493236634301,2.5,1.6546383800381201,-0.3194123795292143,-0.2253993773595658,0.1453698913605794,2.513267626990144,-1.2628865979381443,7.7934902932672445,-0.2853801857800877,-0.268445632152618,Drug Manufacturers—Specialty & Generic,Healthcare,VTRS
2021Q4,2021,Q4,2022-02-28,2021-12-31,-263800000.0,4341600000.0,213400000.0,-0.22,1546400000.0,0.3561820527,54842800000.0,20492700000.0,10902900000.0,9884400000.0,34350100000.0,3977700000.0,3688800000.0,16363182000.0,39037182000.0,16.944517942781545,1.1030411557605924,0.4262218559227465,1.1406598447251948,0.006252693975556058,16.944517942781545,-0.012872876682916356,3.7689289662797125,-15.507185367702805,0.7984883397502525,-0.5041698256254739,0.7027176509037886,0.008128003465340665,0.07916444820468685,0.5262231394925337,-0.004810111810483783,54.236599270798806,0.3561820526994656,-1.846153846153846,-1.279042866804839,-0.4132583013330316,-0.18586683999571593,-0.01759735721999873,-1.8468699839486356,-0.40324384787472034,-3.1923235436993553,-0.3999571647241421,-0.283342050829254,Drug Manufacturers—Specialty & Generic,Healthcare,VTRS
2021Q3,2021,Q3,2021-11-08,2021-09-30,311500000.0,4536600000.0,357600000.0,0.26,1574100000.0,0.346977913,56070400000.0,21141300000.0,11308400000.0,10103900000.0,34929100000.0,4081900000.0,4087000000.0,16386015000.0,39401315000.0,17.482262465889356,1.1192113936202852,0.4239652294258646,1.1244294343299608,0.012324024352331597,17.482262465889356,0.014734193261530748,3.611959396905171,13.150894863563403,0.7750713059272609,0.42696629213483145,0.7257649623949631,0.008116677544845406,0.08090900011414222,0.528142598402597,0.005555515922839859,17.181519345706196,0.3469779129744743,2.1304347826086953,2.1258144483204524,-0.3574803288644048,-0.22605221587854651,0.1855840927920464,2.1156876790830945,18.702970297029704,-0.24998002885672255,-0.32570259014160663,-0.25456033890536595,Drug Manufacturers—Specialty & Generic,Healthcare,VTRS
2021Q2,2021,Q2,2021-08-09,2021-06-30,-279200000.0,4577800000.0,-20200000.0,-0.23,1327700000.0,0.2900301455,57984100000.0,21206900000.0,11749800000.0,10132600000.0,36777200000.0,4487600000.0,3909900000.0,17273752000.0,41299852000.0,17.54376240900066,1.1596036555277027,0.42597884592500357,1.1647152577698767,-0.0005571029154842505,17.54376240900066,-0.013165526314548566,3.7733741098344185,-15.467184813753581,0.8145345147098351,0.0,0.7242401283536857,0.0,0.07894922918524216,0.5261236010500759,-0.004815113108593562,37.8395443592552,0.29003014548473066,0.7325581395348837,-1.6918213386865284,-0.2540345041841403,-0.1433533955701476,0.17776989266388715,0.730917501927525,0.9190705128205128,-4.16833178910214,-0.30631896142787285,-0.26081307729816117,Drug Manufacturers—Specialty & Generic,Healthcare,VTRS
2021Q1,2021,Q1,2021-05-10,2021-03-31,-1037600000.0,4430300000.0,-249600000.0,-0.86,1127300000.0,0.2544522944,58979200000.0,21414700000.0,12318500000.0,9978100000.0,37564500000.0,4942200000.0,4323600000.0,16868775000.0,40810275000.0,17.734741200828157,1.234553672542869,0.41961233790895774,1.1556734392730228,-0.012628372508493057,17.734741200828157,-0.04845269838008471,3.80759203665666,-4.064373313415574,0.7877194170359613,0.0,0.6683258467888794,0.0,0.07511631219141664,0.5537026087130816,-0.01759264283001465,21.202582956259427,0.25445229442701395,-0.13157894736842102,-31.27936785974947,-0.17990731463091528,-0.15446918837331053,0.5958380520951302,-0.13299847128193928,0.6896294454115891,-6.0748782603941605,-0.29695431367944264,-0.3076604253184785,Drug Manufacturers—Specialty & Generic,Healthcare,VTRS
2020Q4,2020,Q4,2021-03-01,2020-12-31,-915800000.0,3623500000.0,-804200000.0,-0.76,706400000.0,0.1949496343,61553000000.0,22954100000.0,12867500000.0,10562900000.0,38598900000.0,5471900000.0,5361200000.0,22628550000.0,47892950000.0,19.009606625258797,1.2181787198591296,0.42416779035952756,1.1374351423057318,-0.014714423743159977,19.009606625258797,-0.03989701186280446,6.244942734924797,-6.177263048700589,0.9858173485346844,0.0,0.5331055026590398,0.0,0.05886796744269166,0.5577729600772515,-0.014878235016977239,-53.67303130929791,0.1949496343314475,-3.1111111111111116,-2.910486489246934,-0.4094005850833423,-0.045664949438586816,-0.39024600776866636,-5.931610123855681,-3.288560045532157,-2.6556236307903007,-0.5058996399040724,-0.2381929714410926,Drug Manufacturers—Specialty & Generic,Healthcare,VTRS
2020Q3,2020,Q3,2020-11-10,2020-09-27,185700000.0,2972100000.0,351400000.0,0.36,1158500000.0,0.3897917298,31243100000.0,12547900000.0,7334700000.0,7275400000.0,18695200000.0,3022000000.0,6277000000.0,7567416000.0,19467916000.0,24.275295028051847,1.0081507545976853,0.40216879887079066,1.001362777835335,0.01065955947691991,24.275295028051847,0.01479928912407654,2.546151206217826,10.187689822294022,0.6030822687461648,0.0,0.600132362673726,0.0,0.0951282043075111,0.5167688374522363,0.00594371237169167,16.24257566001288,0.38979172975337306,3.4999999999999996,-0.5888576474472218,0.04641727164149178,0.21331949654147622,0.12947255532806864,3.713197969543147,1.6184798807749627,1.177513081623679,0.030203992081796204,-0.022530177028096798,Drug Manufacturers—Specialty & Generic,Healthcare,VTRS
2020Q2,2020,Q2,2020-08-12,2020-06-28,39400000.0,2731200000.0,134200000.0,0.08,1025700000.0,0.3755492091,30155400000.0,11746200000.0,6464600000.0,6971300000.0,18409200000.0,2785700000.0,6091500000.0,8265231000.0,20361831000.0,22.72431804991294,0.9273162824724226,0.41187316367881044,1.0573802591476393,0.01083775385548787,22.72431804991294,0.0033542762765830653,3.0262269332161686,52.44435913705584,0.7036514787761149,0.0,0.6122339088918405,0.0,0.0905708430330886,0.4552235594508915,0.0013065653249500918,25.376822229045132,0.37554920913884005,1.0,-0.7773706411030645,0.09187248134934879,0.16401595713399306,0.13199426111908177,0.8942307692307693,-0.2734163508391987,-0.8626947882122965,-0.045696809006090425,-0.05262955709906382,Drug Manufacturers—Specialty & Generic,Healthcare,VTRS
2020Q1,2020,Q1,2020-05-12,2020-03-29,20800000.0,2619200000.0,184700000.0,0.04,906100000.0,0.3459453268,30145900000.0,11262700000.0,6600500000.0,5228200000.0,18883200000.0,2639600000.0,6051900000.0,7782148000.0,20129848000.0,21.81003098373354,1.262480394782143,0.4285856451457744,1.1471583190531578,0.005124983094636764,21.81003098373354,0.0018468040523142762,2.971192730604765,93.5354326923077,0.6909664645244924,0.0,0.6489998484618882,0.0,0.08688412022862146,0.6641673998699361,0.0006899777415834326,43.090520487264676,0.3459453268173488,0.0,-0.7025342613855641,0.1327197421813023,0.004771466963576585,-0.16672797498620562,0.014634146341463415,-0.3217040029379361,-0.6757673606898547,-0.0031241504075408973,0.0001253912839375832,Drug Manufacturers—Specialty & Generic,Healthcare,VTRS
2019Q4,2019,Q4,2020-05-07,2019-12-31,20500000.0,3191800000.0,272300000.0,0.04,1087400000.0,0.3406855066,31255500000.0,11883800000.0,6757300000.0,5569100000.0,19371700000.0,2670900000.0,6031100000.0,10373610000.0,22872810000.0,23.026157721371828,1.2133558384658203,0.4151205387851738,1.0918056513909693,0.0016442233171110802,23.026157721371828,0.001725037445934802,3.2500814587380162,126.50743902439025,0.8729202780255474,0.0,0.7878992100041184,0.0,0.10211962694565757,0.6542349751306316,0.0006558845643166802,18.302064220183485,0.3406855066106899,-0.891891891891892,-0.9213558101438132,0.11235360676559068,1.6492210087612906,0.013987318164863857,-0.8919915700737618,-0.15878900216249614,-0.9491856821137805,0.010808582767039174,0.10633767285445499,Drug Manufacturers—Specialty & Generic,Healthcare,VTRS
2019Q3,2019,Q3,2019-09-30,2019-09-30,189800000.0,2961700000.0,323700000.0,0.37,1072400000.0,0.3620893406,31053500000.0,11463400000.0,6645100000.0,4645000000.0,19590100000.0,2763500000.0,6010600000.0,10206480516.0,23171080516.0,22.21589147286822,1.4305920344456404,0.4290498655546074,1.162264249699042,0.013203196842366049,22.21589147286822,0.016557042413245633,3.446156098186852,13.443730922023182,0.8903536922727985,0.0,0.6836620227971775,0.0,0.09537411241888998,0.7381270182992465,0.006112032460109167,23.82465106442577,0.36208934058142284,2.121212121212121,-0.7242937287116811,0.030341890595009597,1.4534214022140222,0.14990349560368862,2.1264094955489616,2.3895287958115183,2.6076419355256175,-0.016936986691800656,-0.01649228689609638,Drug Manufacturers—Specialty & Generic,Healthcare,VTRS
2019Q2,2019,Q2,2019-06-30,2019-06-30,-168500000.0,2851500000.0,95500000.0,-0.33,932600000.0,0.3270559355,31816900000.0,11902800000.0,6265400000.0,4560300000.0,19914100000.0,2776200000.0,5820800000.0,10021320515.5,23400220515.5,23.089815712900098,1.373900839857027,0.42714406494661644,1.1417817656349767,0.01199797862383597,23.089815712900098,-0.014156332963672413,3.514403126600035,-14.868428064540057,0.8419296733121617,0.0,0.6911965996686118,0.0,0.089622181922186,0.6650220380238142,-0.005295927635941905,19.622714931466614,0.3270559354725583,-5.804123711340207,-1.9759019903750508,0.12539227136264516,1.588774179208775,0.1582215598609041,-5.74,6.346153846153846,-1.9790485449866493,0.08958491701222743,0.12745554609307047,Drug Manufacturers—Specialty & Generic,Healthcare,VTRS
2019Q1,2019,Q1,2019-03-31,2019-03-31,-25000000.0,2495500000.0,13000000.0,-0.0485,805200000.0,0.3226607894,31906600000.0,11891600000.0,6262300000.0,4157600000.0,20015000000.0,2708800000.0,5989300000.0,14662049485.0,28457349485.0,23.090485436893204,1.5062295555127958,0.4395673622385337,1.1794123583033402,0.00010853993910742428,23.090485436893204,-0.0021023243297790036,5.875395505910639,-146.62049485,1.2329753342695686,0.0,0.6240032486709982,0.0,0.0782126581961099,0.7480517606311333,-0.000783536948468342,-135.50877527726433,0.3226607894209577,-1.485,-1.1559345602586761,0.05154374364766932,1.7081837659185772,-0.20716817644742025,-1.48828125,-0.9441580756013745,-2.7105538869874977,0.08309683616455008,0.10087407936907851,Drug Manufacturers—Specialty & Generic,Healthcare,VTRS
2018Q4,2018,Q4,2018-12-31,2018-12-31,51200000.0,3078700000.0,232800000.0,0.1,1015600000.0,0.3298794946,32734900000.0,12167100000.0,6367700000.0,4587800000.0,20567800000.0,2580200000.0,6010700000.0,14100040000.0,27574840000.0,23.643801010493586,1.387963729892323,0.42348991443383055,1.1393758578461588,0.005946864506987442,23.643801010493586,0.004208069301641312,4.579868126157145,68.8478515625,1.1588661225764563,0.0,0.7995891791334006,0.0,0.09404947013737631,0.7324643620035747,0.001564079926928141,32.63142791020597,0.3298794945918732,-0.7058823529411765,-0.7944765823009622,0.2315891928367753,1.9922279721025347,-0.02270977675134719,-0.7102433503112621,-0.3116499112950917,-0.7493713873496174,0.17746898368655062,0.18698447988037734,Drug Manufacturers—Specialty & Generic,Healthcare,VTRS
2018Q3,2018,Q3,2018-09-30,2018-09-30,176700000.0,2862400000.0,338200000.0,0.34,1039200000.0,0.3630519843,33455600000.0,12066200000.0,6541700000.0,5182000000.0,21389400000.0,2560600000.0,5965800000.0,18768960000.0,32787960000.0,23.452283770651118,1.2623890389810883,0.43245973768218177,1.1990684722613583,0.011717838219504225,23.452283770651118,0.014644212759609488,6.557070989379541,26.55483870967742,1.55549883144652,0.0,0.7120206201671483,0.0,0.08555817262281949,0.655712080277885,0.005281626992192637,53.275503831961394,0.3630519843487982,3.857142857142857,-0.1741121272216405,0.20287191507655386,1.7872553256501125,0.07968831168831168,3.712,2.088584474885845,-0.6069588558041709,0.012495164711349467,0.1721840292557648,Drug Manufacturers—Specialty & Generic,Healthcare,VTRS
2018Q2,2018,Q2,2018-06-30,2018-06-30,37500000.0,2808300000.0,109500000.0,0.07,962500000.0,0.3427340384,33271500000.0,12208700000.0,6297800000.0,4863200000.0,21062800000.0,2561000000.0,5789100000.0,18590415485.600002,33002315485.600002,23.73386469673406,1.294990952459286,0.44308492253129556,1.2075077608590594,0.008147645394471638,23.73386469673406,0.0030715801027136388,6.6198110905530045,123.93610323733334,1.522718674846626,0.0,0.7207340882467786,0.0,0.08440557233668455,0.6473926632669847,0.0011270907533474596,164.51695120000002,0.3427340383862123,-0.5882352941176471,-0.8436075364765918,0.22294054075028652,2.089280036716363,-0.022147719191303466,-0.5694603903559128,-0.29672447013487474,-0.7870767660159748,0.12815166572448272,0.21572832992290494,Drug Manufacturers—Specialty & Generic,Healthcare,VTRS
2018Q1,2018,Q1,2018-03-31,2018-03-31,87100000.0,2684500000.0,155700000.0,0.17,984300000.0,0.3666604582,35184500000.0,13176700000.0,6761300000.0,6386800000.0,22007800000.0,2641100000.0,5751600000.0,20339376514.399998,35104676514.399994,25.615668740279936,1.058636562911004,0.4300956387045432,1.1484438440580722,0.04562331138874618,25.615668740279936,0.006610152769661599,7.576597695809275,58.379381499425946,1.5435865212382462,0.0,0.6437469236303055,0.0,0.07629780158876778,0.5311266988163086,0.0024755218917421025,81.78277649537594,0.3666604581858819,-0.6304347826086957,-0.37714742603745827,0.2576235823731126,2.507301878523338,-0.23968793449714199,-0.6434711420384773,-0.6297265160523187,0.2504808511339842,0.1654737324731444,0.18009429132035895,Drug Manufacturers—Specialty & Generic,Healthcare,VTRS
2017Q4,2017,Q4,2017-12-31,2017-12-31,244300000.0,3238900000.0,420500000.0,0.46,1294600000.0,0.3997036031,35806300000.0,13307600000.0,7213300000.0,6385300000.0,22498700000.0,2542700000.0,5644500000.0,22990563533.3,37419163533.3,24.953309581848867,1.12967284230968,0.41112038942867596,1.1061874417626019,0.011205007864190913,24.953309581848867,0.018357930806456462,7.098262846429343,23.526978646438803,1.7276265843052088,0.0,0.7646596137963582,0.0,0.09045614877828762,0.6427262618827619,0.006822821682217934,73.10195082130366,0.3997036030751181,1.8750000000000002,0.15068654523366778,0.4514088825377634,2.038869030633353,0.09888804006451066,1.766704416761042,0.33069620253164556,-0.09301830043024628,0.09236307631257012,1.8709449827576352,Drug Manufacturers—Specialty & Generic,Healthcare,VTRS
2017Q3,2017,Q3,2017-09-30,2017-09-30,88300000.0,2987100000.0,316000000.0,0.16,1178100000.0,0.3943959024,35818900000.0,13291600000.0,7266600000.0,4984000000.0,22527300000.0,2548100000.0,5393800000.0,16789224535.199999,30959724535.199997,24.834828101644245,1.4579855537720707,0.4127820787349695,1.1123867705919528,0.005533383259669381,24.834828101644245,0.006643293508682175,5.620576658029527,47.534610801812,1.2631454855096451,0.0,0.7099407401593344,0.0,0.08339452076976121,0.8101725521669342,0.0024651789976799956,39.813195483044815,0.39439590238023503,-0.7090909090909091,-0.6825605341825628,0.25353718497047445,1.796679017525528,-0.03859964093357271,-0.7026936026936027,-0.3324883819180397,-0.8763355879147487,0.0018983252713392015,1.7426447801697746,Drug Manufacturers—Specialty & Generic,Healthcare,VTRS
2017Q2,2017,Q2,2017-06-30,2017-06-30,297000000.0,2962200000.0,473400000.0,0.55,1225400000.0,0.4136790223,35506200000.0,12832900000.0,6965900000.0,5169700000.0,22673300000.0,2610200000.0,5305500000.0,20768700000.0,35213800000.0,23.986728971962616,1.3474476275219065,0.4240921303884955,1.1733824778499014,0.015525351546026201,23.986728971962616,0.023143638616368863,7.011241644723516,17.482070707070708,1.6183949068410102,0.0,0.6653896253160677,0.0,0.0834276830525373,0.7316865582142097,0.00836473629957585,179.34974093264248,0.41367902234825465,3.583333333333334,0.6839759862663028,0.37568452103829336,2.165013579748461,0.12940092165898617,3.4728915662650603,1.0836267605633803,0.6574393120539845,0.12647048620207127,1.6893339201318611,Drug Manufacturers—Specialty & Generic,Healthcare,VTRS
2017Q1,2017,Q1,2017-03-31,2017-03-31,66400000.0,2719500000.0,227200000.0,0.12,1085000000.0,0.398970399,34272600000.0,11656000000.0,7065500000.0,4524200000.0,22616600000.0,2547800000.0,5008500000.0,20840156069.0,35142556069.0,21.80729653882133,1.5617125679678174,0.438431866855739,1.2891386410432395,0.007896629263733206,21.80729653882133,0.005696636925188744,7.663230766317338,78.46444303087348,1.78793377393617,0.0,0.6415338723604679,0.0,0.07934910103114441,0.8412537023120109,0.0019374077251215257,65.82487703411245,0.398970398970399,-0.8461538461538461,-0.5887991872418491,0.3651368487862183,1.4741553247976584,-0.18726591760299627,-0.8409580838323353,-0.2805573147561748,-0.6009475605159442,0.10412527663932844,1.5576840567694235,Drug Manufacturers—Specialty & Generic,Healthcare,VTRS
2016Q4,2016,Q4,2016-12-31,2016-12-31,417500000.0,3267800000.0,315800000.0,0.78,1335000000.0,0.4085317339,34726200000.0,11116200000.0,7522500000.0,5040700000.0,23608600000.0,2456400000.0,4942100000.0,20375916068.2,34916416068.2,20.812956375210636,1.4923522526633206,0.44748057662514185,1.3978967632824166,0.02199339715168688,20.812956375210636,0.03755779852827405,6.235362038129629,12.201147346227545,1.8329929353735988,0.0,0.7868425337892851,0.0,0.0941018596909538,0.8897970519967465,0.012022622688344824,587.202192167147,0.4085317338882429,4.391304347826087,1.579190995181802,0.7071835991289921,1.546693673562406,0.04028676069508299,4.484974958263773,-0.22005433440355643,0.6147118633148435,0.2595086949569953,1.63397201746095,Drug Manufacturers—Specialty & Generic,Healthcare,VTRS
2016Q3,2016,Q3,2016-09-30,2016-09-30,-119800000.0,3057100000.0,404900000.0,-0.23,1283300000.0,0.4197769128,36538500000.0,11827300000.0,7965100000.0,9554000000.0,24709700000.0,2687500000.0,4524600000.0,19959631476.4,34520431476.4,22.58842627960275,0.8336926941595143,0.4328968074770448,1.3373635571939495,0.005393971534122322,22.58842627960275,-0.010129108080457923,6.528942944751562,-41.65198555175292,1.687589853677509,0.0,0.6600186046511628,0.0,0.08366791192851376,0.45588235294117646,-0.003278733390806957,18.727370497654345,0.41977691276045925,-1.696969696969697,-1.6226201113173655,0.579975875224744,1.7665714008812632,0.09524622343603312,-1.7114014251781473,0.3804977838390726,-1.5502082509537063,0.2623635558020996,1.6845876530228314,Drug Manufacturers—Specialty & Generic,Healthcare,VTRS
2016Q2,2016,Q2,2016-06-30,2016-06-30,168400000.0,2560700000.0,293300000.0,0.33,1171700000.0,0.4575701956,28836300000.0,10329900000.0,12186700000.0,3774600000.0,18505000000.0,2191300000.0,4644400000.0,21810257008.8,28931757008.8,20.479579698651865,3.2286070047157316,0.46758426011658916,1.305278850714915,0.010212325376893894,20.479579698651865,0.01630219072788701,8.51730269410708,32.3786475783848,2.111371553335463,0.0,0.6338703052982247,0.0,0.08880126784642968,2.458353202988396,0.005839861563376716,79.89105131428572,0.45757019564962703,10.000000000000002,-0.012325064418436706,0.3974535206993809,1.293362873390771,0.2918412348401323,11.115107913669064,1.777462121212121,-0.2837699763670792,0.1372250716392739,1.6656913036203878,Drug Manufacturers—Specialty & Generic,Healthcare,VTRS
2016Q1,2016,Q1,2016-03-31,2016-03-31,13900000.0,2191300000.0,105600000.0,0.03,907000000.0,0.4139095514,22644100000.0,10273400000.0,6627600000.0,3959400000.0,12369200000.0,2144100000.0,4476000000.0,22702229020.4,28977429020.4,20.974683544303797,1.6738899833308076,0.3300903988235346,0.7275682831389803,0.00435287000462617,20.974683544303797,0.0013530087410204995,10.360164751699905,408.3134715899281,2.209806784550392,0.0,0.5989925843011054,0.0,0.0967713444120102,0.9564075364954286,0.0006138464324040258,-295.2175425279584,0.4139095514078401,-0.9210526315789473,-0.880913918229947,0.34975752285458,1.3487981610407407,-0.1464332768680595,-0.9285714285714286,-0.3885350318471338,-0.8956087524127327,0.07813037523252818,1.8718573675451629,Drug Manufacturers—Specialty & Generic,Healthcare,VTRS
2015Q4,2015,Q4,2015-12-31,2015-12-31,194600000.0,2490700000.0,172700000.0,0.38,1062600000.0,0.4266270526,22267700000.0,9764400000.0,6472700000.0,4122200000.0,12501900000.0,1951000000.0,4462100000.0,26505114000.0,32643014000.0,19.91921664626683,1.5702052302168745,0.33114780601499033,0.7551820900413748,0.008982840679357066,19.91921664626683,0.01992953996149277,10.641632472798811,34.05076310380267,2.714464175986236,0.0,0.7319835981547924,0.0,0.11185259366706037,0.9521857260686042,0.008739115400333218,67.58060683324834,0.4266270526358052,-0.5421686746987951,7.743859188643799,0.548375745815318,1.4175286617019207,-0.19212346993081425,-0.5459636024265049,-0.7126933954416902,-0.002817425486083167,0.21426068735529666,1.425806099277819,Drug Manufacturers—Specialty & Generic,Healthcare,VTRS
2015Q3,2015,Q3,2015-09-30,2015-09-30,428600000.0,2695200000.0,601100000.0,0.83,1315300000.0,0.4880157317,21316500000.0,9813600000.0,6485900000.0,3684100000.0,11501500000.0,1944100000.0,4267500000.0,19747529019.0,25574629019.0,20.007339449541284,1.7605113867701745,0.30089836511622453,0.6535929730170376,0.034884707736923544,20.007339449541284,0.04367408494334393,7.3269252816117545,11.518624019482035,2.0122614554292007,0.0,0.7097885911218559,0.0,0.12643726690591794,0.9511413913845986,0.020106490277484578,32.87419513733977,0.488015731671119,1.59375,0.8884546962039119,0.2547619713833586,0.753814922094256,0.3047316734450947,1.5542312276519665,1.173174258857556,0.6812390772910447,0.23411477158989408,1.2530498784220814,Drug Manufacturers—Specialty & Generic,Healthcare,VTRS
2015Q2,2015,Q2,2015-06-30,2015-06-30,167800000.0,2371700000.0,276600000.0,0.32,1008100000.0,0.4250537589,22794600000.0,9567900000.0,7891400000.0,5369400000.0,13225300000.0,1934300000.0,3838900000.0,33258186490.1,41308586490.1,19.522342379106306,1.4696986627928632,0.37246102146999727,0.8873525015938711,0.014232299379917247,19.522342379106306,0.01753780871455596,14.022931437407767,49.55033744055423,3.4760173590965624,0.0,0.7049578658946389,0.0,0.10404657243382205,0.6147614258576377,0.007361392610530564,-523.7509683480315,0.42505375890711306,1.4615384615384615,0.2267962577908858,0.09252737186286551,1.0331720804061764,0.21443199614504277,1.9646643109540636,0.736346516007533,0.03858125714112365,0.20235664022356623,1.5759443403305666,Drug Manufacturers—Specialty & Generic,Healthcare,VTRS
2015Q1,2015,Q1,2015-03-31,2015-03-31,56600000.0,1871700000.0,159300000.0,0.13,830100000.0,0.443500561,22123800000.0,9073300000.0,7426400000.0,5288000000.0,13030600000.0,1908300000.0,3671100000.0,24808299164.0,33062099164.0,21.70645933014354,1.4043872919818456,0.3856028349560202,0.9402312278884198,0.00835512538234138,21.70645933014354,0.006238083167094662,13.25442066784207,109.57729312720848,2.734209071010547,0.0,0.5458261279673008,0.0,0.08460119870908253,0.4806732223903177,0.002558330847322793,119.61571438765671,0.4435005609873377,-0.7234042553191489,-0.5663403316133836,0.06366400610047532,1.1043039727583919,-0.143343653250774,-0.7008456659619451,-0.594140127388535,-0.5517980476404958,0.201419826340339,1.462714800001577,Drug Manufacturers—Specialty & Generic,Healthcare,VTRS
2014Q4,2014,Q4,2014-12-31,2014-12-31,189200000.0,2082700000.0,392500000.0,0.47,969000000.0,0.4652614395,15886600000.0,3255900000.0,6786900000.0,5305700000.0,12610600000.0,1651400000.0,3614500000.0,21116201625.4,29428601625.4,8.691671115856915,1.2791714571121624,0.5374277693150202,2.6222856967351578,0.023274147328810033,8.691671115856915,0.058109892809975736,10.138858993325972,27.90195775026427,6.485519096225314,0.0,0.6743974809252755,0.0,0.13109790641169286,0.4700605009706542,0.011909407928694623,-710.9832197104378,0.4652614394776012,-0.626984126984127,2.9855826474004927,0.26262317732904766,-0.14781735955985142,-0.042868431450019756,-0.6209176517731917,-0.20707070707070707,0.6664909557604458,0.5513374738599266,0.06352136834351514,Drug Manufacturers—Specialty & Generic,Healthcare,VTRS
2014Q3,2014,Q3,2014-09-30,2014-09-30,499100000.0,2084000000.0,495000000.0,1.26,1012400000.0,0.4857965451,15174100000.0,3387500000.0,5817800000.0,4473900000.0,11767800000.0,1707500000.0,3425300000.0,17017809748.199999,24899009748.199997,9.05506549051056,1.3003866872303806,0.5325389973705195,2.3854760147601475,0.05224268245606219,9.05506549051056,0.1473357933579336,8.16593557975048,8.52424852143859,5.023707674745387,0.0,0.627584187408492,0.0,0.1373392820661522,0.4320391604640247,0.032891571823040575,129.70891576371952,0.48579654510556625,2.9374999999999996,93.12655105722783,0.3453738243477829,-0.09626518976325436,0.251730959446093,2.986421725239617,1.189296771340115,2.630494860266289,0.5074761678919351,0.10904074985404194,Drug Manufacturers—Specialty & Generic,Healthcare,VTRS
2014Q2,2014,Q2,2014-06-30,2014-06-30,125200000.0,1837300000.0,226100000.0,0.32,808800000.0,0.4402111794,15602800000.0,3334000000.0,4477100000.0,2601300000.0,12250100000.0,1791100000.0,2926200000.0,19273128373.8,27303428373.8,8.91920813269128,1.7211009879675547,0.5270977004127464,2.4667666466706657,0.0179719352547073,8.91920813269128,0.03755248950209958,10.489919106188427,38.48468125758786,5.780782355668865,0.0,0.5742281279660544,0.0,0.1177545056015587,0.7517395148579556,0.008024200784474581,209.26306594788272,0.4402111794481032,0.10344827586206906,0.09995928538387926,0.1832024789560587,-0.060694604830213474,0.0962320412035782,0.08024158757549611,-0.05397489539748954,-0.009140550856659883,0.3529898126419821,-0.0012011431608764211,Drug Manufacturers—Specialty & Generic,Healthcare,VTRS
2014Q1,2014,Q1,2014-03-31,2014-03-31,115900000.0,1715600000.0,239000000.0,0.29,737800000.0,0.4300536256,15355000000.0,3174300000.0,4342200000.0,2649300000.0,12163300000.0,1737900000.0,2801000000.0,18179409744.6,26140809744.6,8.526188557614827,1.6389989808628695,0.5343145555193748,2.5846328324354975,0.016144262975151754,8.526188557614827,0.036511986894748445,10.596531676731171,39.213567179896465,5.72706100387487,0.0,0.5626330628919961,0.0,0.11172907847606643,0.7253236704035028,0.007548029957668512,272.14685246407186,0.43005362555374216,-0.3555555555555556,-0.10598357619503923,0.16002127161582594,-0.007979493103995627,-0.07305851742129854,-0.35693994407208485,-0.1253366904789788,0.30633747720810856,0.3902589515885388,-0.04521582113447643,Drug Manufacturers—Specialty & Generic,Healthcare,VTRS
2013Q4,2013,Q4,2013-12-31,2013-12-31,180232000.0,1808526000.0,273248000.0,0.45,795951000.0,0.440110344,15236341000.0,2941817000.0,4471260000.0,2956070000.0,12276434000.0,1664693000.0,2685081000.0,16157820744.6,23896419744.6,7.901737845823261,1.512569052830278,0.5270223342992915,2.7295688344992226,0.02332638892129886,7.901737845823261,0.061265537591223385,8.934248523161957,22.412530439378134,5.492462904592638,0.0,0.6082653077774701,0.0,0.11869818350744447,0.7143152902333165,0.011829086786650417,50.209662140972696,0.44011034400390153,0.12499999999999997,22.197167080842906,0.22972689324462808,-0.1097882383209536,-0.015543253211431286,0.13419085256878194,0.05477537848667094,9.662830164050717,0.4803348603528178,-0.0409925220070005,Drug Manufacturers—Specialty & Generic,Healthcare,VTRS
2013Q3,2013,Q3,2013-09-30,2013-09-30,158908000.0,1767426000.0,259058000.0,0.4,808518000.0,0.4574550787,12901574000.0,3215319000.0,4343167000.0,2561423000.0,9668900000.0,1645806000.0,2504849000.0,14586054015.732,20526968015.732002,8.4141138972193,1.6956070902775529,0.4887647042136099,1.9611845667568288,0.022214258009259844,8.4141138972193,0.04942215686841648,8.252709881902835,22.94732489196894,4.536425162085628,0.0,0.5826373217742553,0.0,0.13699305216557298,0.8129079031460247,0.012316946753938705,48.331480011835964,0.45745507874162766,-0.13043478260869565,-0.3876745494208604,-0.15012032498251443,-0.14007812743243223,0.08908327765684605,-0.10569590689350494,-0.1605895942893989,-0.10128188217486431,0.05617265892227367,-0.2624307421603626,Drug Manufacturers—Specialty & Generic,Healthcare,VTRS
2013Q2,2013,Q2,2013-06-30,2013-06-30,177689000.0,1701701000.0,308619000.0,0.46,742384000.0,0.436259954,12211711000.0,2928581000.0,4212299000.0,2326332000.0,9266395000.0,1637373000.0,2345941000.0,11763647221.194,17706526221.194,7.682652402713579,1.8107041471294725,0.5093682613353689,2.1239835947853245,0.02743463676209949,7.682652402713579,0.060674094382228115,6.9128755411168,16.550894007499057,4.016842020485006,0.0,0.5858878826021927,0.0,0.1393499240196562,0.8291026388322905,0.014550704647366778,103.28229838271085,0.4362599540107222,0.7037037037037037,4.3740888943979686,0.12903302693178928,-0.25302193101403625,0.07050426105639591,0.6624782470387904,0.44317666368946024,0.6702430587982771,0.007846688654633447,-0.19988318689769147,Drug Manufacturers—Specialty & Generic,Healthcare,VTRS
2013Q1,2013,Q1,2013-03-31,2013-03-31,106882000.0,1631490000.0,213847000.0,0.27,693490000.0,0.425065431,11885032000.0,2871476000.0,3950394000.0,2282370000.0,8997840000.0,1623246000.0,2168252000.0,11283778493.163,17251722493.163002,7.303525509775843,1.7308297953443132,0.5269119174437225,2.1808871117153688,0.016661771599056293,7.303525509775843,0.03722197225399063,6.916241284447346,26.39307482355074,3.9296091951188172,0.0,0.5778544964842051,0.0,0.13727266363271046,0.7925537927680437,0.008992992193878821,327.1988196126834,0.42506543098639893,-0.30769230769230765,1.2010911484783071,0.17477096128428268,-0.2960281395966201,-0.08065069923256095,-0.34008792077251737,-0.223097770802453,-0.1293555908798568,-0.014273844207008893,-0.2919693851672522,Drug Manufacturers—Specialty & Generic,Healthcare,VTRS
2012Q4,2012,Q4,2012-12-31,2012-12-31,161964000.0,1702393000.0,275256000.0,0.39,754327000.0,0.4430980391,11931897000.0,3340718000.0,3902717000.0,2193503000.0,8576069000.0,1525242000.0,2061370000.0,11167758406.84,16552020406.84,8.211380395241372,1.7792166229086535,0.48057999494967146,1.7164666398061734,0.02375644364937745,8.211380395241372,0.04848179343482449,6.560035436494394,17.238025744671656,3.3429216135094313,0.0,0.6215839847053779,0.0,0.1426758041910687,0.8681597426582047,0.013574036048081876,73.82519290845029,0.4430980390544369,-0.23529411764705882,18.43146168036637,0.05928574898498321,-0.07490383127194082,-0.04336958244824197,-0.23333191326204575,-0.16567094961398915,2.1414728348813328,-0.04972130541248464,-0.19490789129043476,Drug Manufacturers—Specialty & Generic,Healthcare,VTRS
2012Q3,2012,Q3,2012-09-30,2012-09-30,211257000.0,1809772000.0,329913000.0,0.51,788525000.0,0.4357040555,11706418000.0,3609491000.0,3750734000.0,2169573000.0,8082182000.0,1495924000.0,1899405000.0,9889390770.0,14918797770.0,8.880113858621444,1.7287890289932628,0.45801567994582115,1.4854512727694846,0.02944722257873441,8.880113858621444,0.05852819691197457,5.464440144946435,11.703033236768485,2.739829734995876,0.0,0.6826864198983371,0.0,0.15459656403863248,0.8599060736836235,0.01804625462716264,24.80409021820918,0.43570405553848773,0.5454545454545454,-0.13741972088366444,1.320604558536494,0.17038376700803068,0.1277870187748774,0.5247708408516781,0.27968488177248185,36.88960101289379,0.07529939888435729,-0.11372612143863685,Drug Manufacturers—Specialty & Generic,Healthcare,VTRS
2012Q2,2012,Q2,2012-06-30,2012-06-30,138550000.0,1691537000.0,257808000.0,0.33,699179000.0,0.4133394658,11601971000.0,3185189000.0,3751927000.0,2164012000.0,8402850000.0,1473360000.0,1688149000.0,8981405390.281,14723282390.281,7.578712813569969,1.7337828995402984,0.5219981156650021,1.9013650367372235,0.019612455948322113,7.578712813569969,0.04349820371726764,5.309612139894664,16.206072519453265,2.8197401756319636,0.0,0.6735339631861866,0.0,0.145797382186182,0.8654688606162997,0.011941936417527678,37.64304798226695,0.4133394658230946,0.10000000000000009,0.027418888080011243,0.8305434641582904,0.09168623141349846,0.04938816371067115,0.07337367038790198,0.04641761239101846,0.08262574770810471,-0.031142204944510945,-0.2018657118072362,Drug Manufacturers—Specialty & Generic,Healthcare,VTRS
2012Q1,2012,Q1,2012-03-31,2012-03-31,129079000.0,1592408000.0,246372000.0,0.3,666273000.0,0.4184059613,11934195000.0,3765859000.0,3739138000.0,2111280000.0,8154840000.0,1488281000.0,1549599000.0,10019177077.257,15591698077.257,8.81403698476561,1.7710289492630062,0.4885590523701012,1.5482680047234907,0.020191082004711387,8.81403698476561,0.034276110709402556,6.291840456250534,19.405126080262864,2.6605289994280192,0.0,0.6222850389140223,0.0,0.13343237646108513,0.8652462013565231,0.010815894997526016,-69.15786874978947,0.41840596128630353,0.0,2.0561300537373954,0.900591643636162,0.32824222060308605,0.033624005001559105,-0.0031816883026619613,-0.0041391130010186095,-0.13239608534526348,-0.06177259183272901,0.025511619681248602,Drug Manufacturers—Specialty & Generic,Healthcare,VTRS
2011Q4,2011,Q4,2011-12-31,2011-12-31,129491000.0,1531235000.0,247396000.0,0.3,644599000.0,0.420966736,11598143000.0,3491775000.0,3568844000.0,2563156000.0,8093361000.0,1396742000.0,1420520000.0,9168934792.743,14092626792.743,8.172540180734313,1.3923631647859123,0.4568617579555624,1.5174941111612288,0.028365797720442783,8.172540180734313,0.03708457732814972,5.987934440332803,17.70187656428439,2.6258664412062633,0.0,0.6347886724964238,0.0,0.13202415248716973,0.7148140807660556,0.011164804572594078,50.182444463105874,0.4209667360006792,-0.16666666666666666,-0.5250169779740267,0.8935446493084358,0.5743582946847988,-0.020948038475617072,-0.17362697673231312,-0.06961806339034553,14.270563218483671,-0.09274449727944403,-0.07927957955098527,Drug Manufacturers—Specialty & Generic,Healthcare,VTRS
2011Q3,2011,Q3,2011-09-30,2011-09-30,156698000.0,1575756000.0,265908000.0,0.36,658391000.0,0.4178254755,11118118000.0,3481557000.0,3609038000.0,2374934000.0,7623981000.0,1386541000.0,1291029000.0,7244739879.999999,12075464880.0,8.164772567376152,1.5196371772857689,0.48061749299656653,1.5348196223701063,0.024670680898301746,8.164772567376152,0.045008023708932525,4.597627983012598,11.55844343897178,2.08089078535839,0.0,0.6616212575033843,0.0,0.14172866307049448,0.7676411218164378,0.014093932084548842,32.06616126162412,0.4178254755177832,0.09090909090909081,-3.906284391685926e-05,1.126571394893559,0.8004989919178372,-0.016488679157909202,0.07000532619532114,-0.05192337175679482,-0.4588891218679916,-0.32096613284908726,-0.16556079451851324,Drug Manufacturers—Specialty & Generic,Healthcare,VTRS
2011Q2,2011,Q2,2011-06-30,2011-06-30,146446000.0,1573877000.0,280471000.0,0.33,669429000.0,0.4253375581,12005775000.0,3868769000.0,3759613000.0,2521052000.0,8124790000.0,1408960000.0,1134330000.0,10687932120.0,15906396120.0,8.929934262157346,1.4912873673371274,0.47089030070945026,1.4612924679659085,0.021323426946133234,8.929934262157346,0.03785338437110099,6.790830617640387,18.245517323791706,2.762618321228277,0.0,0.6419259595730183,0.0,0.13109332800256543,0.7566349285933015,0.012197963063608971,89.92639686332582,0.42533755814463264,0.43478260869565216,-0.0610724347224952,1.1416658846528436,1.153670538165104,0.1328090891553543,0.4057691384689225,0.3250076768631156,2.8971160218555663,-0.08121118454585381,-0.13174972631043083,Drug Manufacturers—Specialty & Generic,Healthcare,VTRS
2011Q1,2011,Q1,2011-03-31,2011-03-31,104175000.0,1448958000.0,211675000.0,0.23,590946000.0,0.4078420493,11878125000.0,3903716000.0,3756753000.0,2393280000.0,7961151000.0,1326761000.0,987884000.0,9905773680.0,14836580680.0,8.929964222643132,1.5697089350180506,0.46631046566692974,1.4188772953770203,0.017956307224883946,8.929964222643132,0.02668611138720132,6.836480891785683,23.771955075593954,2.5375241641553843,0.0,0.646696729855641,0.0,0.12198541436464089,0.8250438728439631,0.00877032359905288,-113.96557346495013,0.40784204925194517,4.2272727272727275,-0.13211551753286344,1.1442591010133543,1.3803570850097808,0.02029378858824017,4.248904116491158,0.022915629696568456,1.1762771564601586,-0.06164163869738431,-0.13925904431562003,Drug Manufacturers—Specialty & Generic,Healthcare,VTRS
2010Q4,2010,Q4,2010-12-31,2010-12-31,19847000.0,1434499000.0,206933000.0,0.044,579192000.0,0.4037590824,11536804000.0,3601879000.0,3559443000.0,1809612000.0,7921403000.0,1240271000.0,883710000.0,9236936802.852001,14008030802.852001,8.239495548418384,1.9669647416131193,0.47094030547801624,1.5084199108298753,-0.23305689646767194,8.239495548418384,0.00551017954795261,6.439137847326489,116.35180131571522,2.5644772639091986,1.7513478107522547,0.6896129958694511,0.0037630440417507024,0.12434110868139911,1.0213338549921198,0.0017203204631022595,94.31797744248168,0.40375908243923486,-0.8666666666666667,-0.7990671467743206,1.2493791127640417,1.3146221677923664,-0.001491232758159974,-0.8613871758518818,-0.11687108971568552,2.9879494238132263,-0.1692914041411284,-0.07173637108432983,Drug Manufacturers—Specialty & Generic,Healthcare,VTRS
2010Q3,2010,Q3,2010-09-30,2010-09-30,143183000.0,1355113000.0,234318000.0,0.33,580057000.0,0.4280506497,11407041000.0,3530128000.0,3463285000.0,1722341000.0,7864101000.0,1221765000.0,881123000.0,5820678950.554001,10580522950.554,11.40789669279939,2.0108009970151093,0.4708289380217008,1.5214080056020631,0.028732492567880026,11.40789669279939,0.04056028563270227,4.295345812898261,10.163006345994287,1.6488577611219764,0.24275228204465613,0.6343740408343667,0.005971468327881545,0.11879618912564617,1.0990222029203276,0.012552159670505261,17.38330785040751,0.42805064965061956,1.0625,1.9110604442521089,2.3070952036333896,2.0906180590408847,0.07051213435452616,0.660516305608387,0.20418735160802937,-0.232068592661431,1.2824188412016733,0.5035412065121563,Drug Manufacturers—Specialty & Generic,Healthcare,VTRS
2010Q2,2010,Q2,2010-06-30,2010-06-30,86228000.0,1368536000.0,194586000.0,0.16,541850000.0,0.3959340492,10597818000.0,2966684000.0,3629328000.0,1629535000.0,7618862000.0,1096365000.0,772699000.0,5264815028.968,9674432028.968,9.601913466766785,2.227216966803413,0.4924634486080059,1.7592160135693589,0.02047172571278365,9.601913466766785,0.029065448156932117,3.8470416773603326,15.264226901261772,1.7746463826170904,0.40310571971981257,0.7540244352929909,0.006602131282628062,0.12913375187231937,1.2778056316679298,0.008136391849718498,61.70669279146742,0.3959340492321722,-0.20000000000000004,0.7522490109727543,2.690645935174076,0.37607064525586636,0.04949079795002111,-0.10045171453310661,-0.019752452054587494,-0.13020764970856358,1.0145637958669254,0.3831209843608591,Drug Manufacturers—Specialty & Generic,Healthcare,VTRS
2010Q1,2010,Q1,2010-03-31,2010-03-31,95857000.0,1292374000.0,198507000.0,0.2,516298000.0,0.3994958116,10822508000.0,3166746000.0,3354610000.0,1639900000.0,7644030000.0,1158412000.0,721229000.0,6971878853.004,11661567853.004,10.31526795137396,2.045618635282639,0.4816011224015727,1.645895187046893,0.017791779886543097,10.31526795137396,0.03026987323896517,5.394629459432021,18.183019636030753,2.201590797937062,0.3626130590358555,0.6699481704264113,0.0049856001133788,0.11941538874353338,1.066476614427709,0.00885718910995492,31.61634742763077,0.39949581158395325,0.6666666666666669,1.2061624797745931,2.5846033866595794,0.5056845812411462,0.0005930324501155057,1.4639368702447049,0.13948922833181215,2.091546174426899,1.146738508913653,0.5544720805608405,Drug Manufacturers—Specialty & Generic,Healthcare,VTRS
2009Q4,2009,Q4,2009-12-31,2009-12-31,38904000.0,1351817000.0,174207000.0,0.12,515992000.0,0.3817025529,10801734000.0,3131146000.0,3285386000.0,1718147000.0,7656536000.0,1114219000.0,660130000.0,5657936280.0,10456281280.0,10.199305528410793,1.912168167217357,0.4794471887569163,1.6539825993422217,-0.03840059564639009,10.199305528410793,0.012424843811179677,4.185430631512993,36.35831971005552,1.8069857745375018,0.8934556857906641,0.750144271458304,0.006143406054760305,0.12514814751039047,0.9560933959667013,0.003601643958275588,-444.03832051483283,0.3817025529343099,9.275862068965518,-0.018985478373970962,3.073357940408591,0.5125381523761594,0.02180680422987049,9.799819045464828,-0.007701114724964257,-0.8013954344009594,1.32652688913344,0.9647944095192302,Drug Manufacturers—Specialty & Generic,Healthcare,VTRS
2009Q3,2009,Q3,2009-09-30,2009-09-30,-4421000.0,1264074000.0,175559000.0,-0.0145,504980000.0,0.399486106,10762568000.0,3058835000.0,3261929000.0,1583336000.0,7690676000.0,1119042000.0,655985000.0,4887612850.000001,9606829850.0,10.019604631737558,2.060162214463639,0.4927846216627853,1.7338718825958248,0.0059829257285109756,10.019604631737558,-0.0014453215031212864,3.8665559532116007,-276.3861598054739,1.5978674397278703,-7.862022166930559,0.6783427252953866,0.007111447053340159,0.11745096523431954,1.0868350116462961,-0.00041077556954808556,27.12236468264098,0.3994861060349315,-1.0763157894736843,-1.0800497486746814,2.6279040740569934,0.5104481463198486,-0.04317625012552888,-1.0476041778830623,0.004842226966510792,-1.039406153830258,1.3827992184082007,1.2095273187329243,Drug Manufacturers—Specialty & Generic,Healthcare,VTRS
2009Q2,2009,Q2,2009-06-30,2009-06-30,92870000.0,1266977000.0,174713000.0,0.19,527767000.0,0.4165561016,10242684000.0,2896053000.0,3022575000.0,1421417000.0,7330396000.0,1077088000.0,696006000.0,3980132550.0,8687583550.0,9.49553593384723,2.126451984181982,0.5015216714681425,1.7737686430462425,0.017076813107052707,9.49553593384723,0.03206778328987764,3.1414402550322538,10.714257968127491,1.3743300105350282,0.374275869494993,0.686304183130812,0.00873312623721539,0.12369580082720506,1.125777305322787,0.009066959402437876,21.173508195151534,0.41655610164983264,-0.1739130434782609,-0.003149948595161502,2.2907632918570306,0.4678094200506958,0.0038688840152701085,-0.12434705538478945,-0.23149365930474486,-0.15420028497538346,1.4489909170700677,1.2900791186646823,Drug Manufacturers—Specialty & Generic,Healthcare,VTRS
2009Q1,2009,Q1,2009-03-31,2009-03-31,106058000.0,1209917000.0,227341000.0,0.23,525733000.0,0.4345198886,9896644000.0,2617778000.0,2912252000.0,1339983000.0,7247416000.0,1018603000.0,637893000.0,4084390980.0,8741553980.0,8.594770469305072,2.1733499604099453,0.516359384049785,1.9521231364920937,0.021898335345825193,8.594770469305072,0.04051451268976972,3.375761296022785,9.627729591355674,1.5602510908106035,0.3277357672217089,0.6716885773947259,0.008510203888463195,0.12225528168942927,1.1744566908684662,0.010716562099232831,42.88885017641129,0.4345198885543389,16.13157894736842,0.24934707997025274,2.20014502871922,0.39063024545501285,0.33213650438105274,16.24698102357677,2.1659564393939394,0.26815346468570445,1.5698454697788307,1.291008370309879,Drug Manufacturers—Specialty & Generic,Healthcare,VTRS
2008Q4,2008,Q4,2008-12-31,2008-12-31,-6956000.0,1203155000.0,71808000.0,-0.0152,394654000.0,0.3280159248,10409859000.0,2703509000.0,3174673000.0,1544650000.0,7677242000.0,1065990000.0,594352000.0,3012276420.0,7776756420.0,8.876245165442022,2.0552701259184927,0.5112102863256841,1.9684147528267892,0.0009302131671664858,8.876245165442022,-0.0025729524111071946,2.5036478425473025,-108.26180347901094,1.1142098731685377,-4.996981023576768,0.7584508297451196,0.011539113664741299,0.11557841465479984,1.1420192276567507,-0.0006682127010557972,41.918681046479264,0.32801592479771935,-1.0337777777777777,-1.072483576576907,2.0329269823124414,0.49888511374988415,-0.5668554783748218,-1.0336431963938517,-0.8719616569667922,-1.1010754352292604,1.707783600623999,1.4934965624971637,Drug Manufacturers—Specialty & Generic,Healthcare,VTRS
2008Q3,2008,Q3,2008-09-30,2008-09-30,206758000.0,1656848000.0,560832000.0,0.45,911137000.0,0.5499218999,11024319000.0,2978955000.0,3417959000.0,1822096000.0,8015720000.0,1119946000.0,634344000.0,3476807580.0,8319317580.0,9.784742272104687,1.8758391434918906,0.4987315769799477,1.845672727516864,0.028533339986082297,9.784742272104687,0.06940621795226849,2.098446918486186,4.203957742868474,1.1671232294546243,0.16811441395254356,0.6658454961221345,0.009997389616827746,0.15029028096882902,1.0727041824360517,0.018754718545426707,61.89463941751375,0.5499218998966713,16.0,0.9987514889718678,3.0604146321308674,0.7143216884530621,1.199698220709302,6.833819573371727,6.578810810810811,3.2726017036512616,3.1098330001346515,1.6508743884677177,Drug Manufacturers—Specialty & Generic,Healthcare,VTRS
2008Q2,2008,Q2,2008-06-30,2008-06-30,26393000.0,1203122000.0,74000000.0,-0.03,414210000.0,0.3442793,11502962000.0,3129554000.0,3475157000.0,2106648000.0,8341784000.0,1150605000.0,462344000.0,3672707880.0,8730954880.0,10.284977192359769,1.6496144586091268,0.48133298188762164,1.7691834044084236,-0.048500241997943984,10.284977192359769,0.008433470072732409,3.0526479276415857,34.788654946387304,1.1735563214438864,1.3169400977531922,0.6856497234063819,0.00946386185225273,0.1045923649925993,0.8782487629637225,0.0022944525071020836,-18.093583139557797,0.34427930002111173,0.9777777777777777,-0.7205156204276476,2.2239318813194635,0.8959585386391019,0.18271034575311018,1.064182657818135,10.37936337075196,-0.45540875758229343,2.2945052943846216,0.47396196086507864,Drug Manufacturers—Specialty & Generic,Healthcare,VTRS
2008Q1,2008,Q1,2008-03-31,2008-03-31,-411217000.0,1074461000.0,6503000.0,-1.35,350221000.0,0.3259504068,11599184000.0,3155799000.0,3486453000.0,2220533000.0,8410926000.0,1133572000.0,470710000.0,3528499600.0,8367577600.0,10.37474069715071,1.5700973595078298,0.47689811628128326,1.752845792777043,0.0006760439978613346,10.37474069715071,-0.1303051937084713,3.2839717774772654,-2.1451566934246395,1.1181002338868857,-0.08078216610694597,0.6389007491363583,0.009414483141786384,0.09263246449060554,0.8424774592406418,-0.035452235260687304,11.99007628659293,0.32595040676208814,0.0,-5.947068660416824,1.6987272662897352,0.9383292484397866,0.0,0.0,0.0,-10.551802966770497,2.007766988478896,0.5143656156788604,Drug Manufacturers—Specialty & Generic,Healthcare,VTRS
2007Q3,2007,Q3,2007-09-30,2007-09-30,149827000.0,477091000.0,91896000.0,0.6,221641000.0,0.4645675563,4476573000.0,1886671000.0,2616555000.0,766189000.0,2555477000.0,430538000.0,2306434000.0,4102890000.0,4589090000.0,7.58735220783399,3.4150255354749284,0.3774854112733111,0.89567338449576,0.016043661809096055,7.58735220783399,0.07941342184196397,8.599805907049179,6.846045772791285,2.1746716836162743,0.09960154044331128,0.593327418253441,0.0036371923205350373,0.10657505194263558,2.2940827915827557,0.033469129175375895,-162.12470857865412,0.46456755629429186,0.8749999999999999,1.4909417888403147,0.6936351291921533,0.45673189830320243,-0.2529995820806989,0.8792504421337816,-0.5113838170081989,2.3306506196268693,0.6810632624559876,0.14378785381387485,Drug Manufacturers—Specialty & Generic,Healthcare,VTRS
2007Q2,2007,Q2,2007-06-30,2007-06-30,79727000.0,546321000.0,188074000.0,0.32,296708000.0,0.5431019492,4475521000.0,1724979000.0,2622024000.0,828967000.0,2713875000.0,432348000.0,2156667000.0,4519796878.476999,5098374878.476999,6.942207930713909,3.1630016635161593,0.42322111772014925,1.098062643081452,0.03211287991921831,6.942207930713909,0.04621911339210506,8.273152374660684,14.172729685291683,2.620204001600599,0.1869128400667277,0.5773427886794896,0.0032970508190229577,0.12206869323146959,2.281771168212969,0.01781401539619633,79.73954480217705,0.5431019492203302,2.142857142857143,0.4701922588048681,1.2618835767492442,0.38100034739759453,0.26340979446192625,2.1216832212498944,-0.3080324949594549,0.0504143390548422,0.7417131739421233,0.07311880736825248,Drug Manufacturers—Specialty & Generic,Healthcare,VTRS
2007Q1,2007,Q1,2007-03-31,2007-03-31,-71078000.0,487262000.0,271796000.0,-0.28,234847000.0,0.4819727375,4253867000.0,1648860000.0,2412044000.0,700535000.0,2561800000.0,429111000.0,2103282000.0,5252803531.523,5888411531.523,6.63586569380667,3.443145595866017,0.44382511253877943,1.1450171633734822,0.2980222092401976,6.63586569380667,-0.04310735902381039,10.780244573808341,-18.475490065572327,3.1857183335898744,-0.17987281577984748,0.5882277545903042,0.002433938357540875,0.11454565927895724,2.5364414340468358,-0.016709032040729058,88.70581483928329,0.4819727374595187,-1.4444444444444444,-2.204701935274682,0.9665040753972605,0.3411060815590351,0.04594465797595878,-1.524773893462291,1.33131191834284,-2.026330434882383,0.5797521714398237,0.07368027704072001,Drug Manufacturers—Specialty & Generic,Healthcare,VTRS
