Year,Date,FillingDate,NetIncome,Revenue,OperatingIncome,EPSDiluted,GrossProfit,GrossProfitRatio,TotalAssets,CommonStockEquity,CurrentAssets,CurrentLiability,TotalLiability,Inventory,RetainedEarnings,EnterpriseValue,bookValuePerShare,currentRatio,debtToAssets,debtToEquity,roic,shareholdersEquityPerShare,roe,priceToSalesRatio,peRatio,pbRatio,payoutRatio,inventoryTurnover,dividendYield,assetTurnover,quickRatio,returnOnAssets,priceToFreeCashFlowsRatio,grossProfitMargin,epsdilutedGrowth,fiveYNetIncomeGrowthPerShare,fiveYRevenueGrowthPerShare,fiveYShareholdersEquityGrowthPerShare,grossProfitGrowth,netIncomeGrowth,operatingIncomeGrowth,threeYNetIncomeGrowthPerShare,threeYRevenueGrowthPerShare,threeYShareholdersEquityGrowthPerShare,Industry,Sector,Price,MarketCap,AvgVolume,Symbol
2022,2022-12-31,2023-02-27,2078600000.0,16262700000.0,418800000.0,1.71,6497000000.0,0.3995031575,50022200000.0,21072300000.0,10635400000.0,6746200000.0,28949900000.0,3519500000.0,5175600000.0,31505073000.0,17.384951736655392,1.5765023272360736,0.3853149201754421,0.9146747151473735,0.00762007015904793,17.384951736655392,0.09864134432406524,0.8295469387002158,6.490268931011259,0.6402088523796643,0.279803714038295,2.7747407302173603,0.04311126657654514,0.32510965131481623,0.783700453588687,0.04155355022370068,5.37562679311444,0.3995031575322671,2.628571428571428,0.31695501869558573,-0.3977538611435387,-0.30173309212462746,0.16527665680208053,2.6378535970372705,1.0995838782546665,51.64053826299103,-0.39836290104947714,-0.24557636357114848,Drug Manufacturers—Specialty & Generic,Healthcare,10.195,12224111013,9227667,VTRS
2021,2021-12-31,2022-02-28,-1269100000.0,17886300000.0,-4205500000.0,-1.05,5575500000.0,0.3117190252,54842800000.0,20492700000.0,10902900000.0,9884400000.0,34350100000.0,3977700000.0,3688800000.0,37248464000.0,16.95292852415619,1.1030411557605924,0.39375451289868496,1.0537703670087397,-0.18957242749923484,16.95292852415619,-0.06192936997077008,0.9143905670820685,-12.887135765503112,0.7980921986853855,-0.314396028681743,3.0949543706161853,0.02439611364406767,0.3261376151472937,0.5262231394925337,-0.023140685741792906,6.522458225324028,0.3117190251756931,0.0540540540540541,-2.1220637202183985,-0.31472452473356066,-0.21764161018224526,0.4685121289540917,-0.8944618599791013,-36.08553791887125,-2.532384147457651,-0.33417967422904166,-0.2831256646465995,Drug Manufacturers—Specialty & Generic,Healthcare,10.195,12224111013,9227667,VTRS
2020,2020-12-31,2021-03-01,-669900000.0,11946000000.0,-113400000.0,-1.11,3796700000.0,0.3178218651,61553000000.0,22954100000.0,12867500000.0,10562900000.0,38598900000.0,5471900000.0,5361200000.0,36530888000.0,38.18047238855622,1.2181787198591296,0.42416779035952756,1.1374351423057318,-0.0021328956965654556,38.18047238855622,-0.02918432872558715,0.9431180311401306,-16.818163905060455,0.49082682396608884,0.0,1.4892998775562418,0.0,0.19407664939158123,0.5577729600772515,-0.01088330381947265,20.462201235016344,0.3178218650594341,-38.00000000000001,-1.62076331056622,-0.004938168586628105,0.8463826821797803,-0.02588772577996716,-40.875,0.9171658144631117,-1.8557156520292746,-0.10808521438944801,0.5335193792782545,Drug Manufacturers—Specialty & Generic,Healthcare,10.195,12224111013,9227667,VTRS
2019,2019-12-31,2020-05-07,16800000.0,11500500000.0,-1369000000.0,0.03,3897600000.0,0.338907004,31255500000.0,11883800000.0,6757300000.0,5569100000.0,19371700000.0,2670900000.0,6031100000.0,22612370000.0,23.04401783982936,1.2133558384658203,0.4070451600518309,1.0705666537639476,-0.005992234044668565,23.04401783982936,0.0014136892239855938,0.9013147254467198,616.9982142857143,0.8722437267540686,0.0,2.8465685723913285,0.0,0.3679512405816576,0.6542349751306316,0.0005375053990497673,7.416162266580812,0.3389070040433025,-0.9558823529411764,-0.9869011677609691,0.07956275091762671,1.644906006555555,-0.025989604158336666,-0.9523404255319149,-2.5117049469964665,-0.9651832460732984,0.03280592567552154,0.06345524116446818,Drug Manufacturers—Specialty & Generic,Healthcare,10.195,12224111013,9227667,VTRS
2018,2018-12-31,2018-12-31,352500000.0,11433900000.0,905600000.0,0.68,4001600000.0,0.3499768233,32734900000.0,12167100000.0,6367700000.0,4587800000.0,20567800000.0,2580200000.0,6010700000.0,27572100000.0,23.648396501457725,1.387963729892323,0.42348991443383055,1.1393758578461588,0.041098176057940985,23.648396501457725,0.028971570875557857,1.2329388922414923,39.992340425531914,1.1586409251177354,0.0,2.880513138516394,0.0,0.3492877632129623,0.7324643620035747,0.010768323715667376,12.300235581537388,0.3499768233061335,-0.4769230769230769,-0.5789247171938835,0.23297491040908705,2.0814523424517177,-0.16338776107545316,-0.49353448275862066,-0.36984204300327045,-0.6183117621079308,0.11289845599129496,0.14362099340341838,Drug Manufacturers—Specialty & Generic,Healthcare,10.195,12224111013,9227667,VTRS
2017,2017-12-31,2017-12-31,696000000.0,11907700000.0,1437100000.0,1.3,4783100000.0,0.4016812651,35806300000.0,13307600000.0,7213300000.0,6385300000.0,22498700000.0,2542700000.0,5644500000.0,37470895534.5,24.897287184284377,1.12967284230968,0.41112038942867596,1.1061874417626019,0.03951952548956125,24.897287184284377,0.052300940815774445,1.935075248326713,33.10674645761494,1.7315139870825693,0.0,2.8019821449640148,0.0,0.3325587955192243,0.6427262618827619,0.019437920142544748,19.71786371256204,0.40168126506378227,0.41304347826086957,-0.1563293401325546,0.3610923091769941,2.0944253935192125,0.018330849478390462,0.45,0.11984726876022754,-0.4764213128841988,0.07847100992693817,1.8576173164922363,Drug Manufacturers—Specialty & Generic,Healthcare,10.195,12224111013,9227667,VTRS
2016,2016-12-31,2016-12-31,480000000.0,11076900000.0,1283300000.0,0.92,4697000000.0,0.4240356056,34726200000.0,11116200000.0,7522500000.0,5040700000.0,23608600000.0,2456400000.0,4942100000.0,34111451026.0,21.669005847953215,1.4923522526633206,0.44748057662514185,1.3978967632824166,0.18988559511883932,21.669005847953215,0.043180223457656396,1.7668256485117677,40.772814637500005,1.7605792470448536,0.0,2.597256147207295,0.0,0.31897817785994437,0.8897970519967465,0.013822416503965306,15.094054470152708,0.42403560562973397,-0.4588235294117647,-0.24903744243528297,0.5176366398371035,1.673669640949464,0.11406275942221485,-0.4336951392166116,0.10877829618109557,-0.42494434439717127,0.19797043108366028,1.823532192749706,Drug Manufacturers—Specialty & Generic,Healthcare,10.195,12224111013,9227667,VTRS
2015,2015-12-31,2015-12-31,847600000.0,9429300000.0,1157400000.0,1.7,4216100000.0,0.4471275704,22267700000.0,9764400000.0,6472700000.0,4122200000.0,12501900000.0,1951000000.0,4462100000.0,31669754000.0,20.678526048284624,1.5702052302168745,0.33114780601499033,0.7551820900413748,0.06253843548462039,20.678526048284624,0.08680512883536111,2.7077146765931723,30.122527135441246,2.6147898488386385,0.0,2.6720656073808304,0.0,0.42345190567503604,0.9521857260686042,0.038064101815634306,22.459407107670653,0.4471275704453141,-0.2735042735042735,0.6875355232582636,0.18868605495891222,0.862697167768293,0.19503968253968254,-0.08801377232623198,-0.1443146532603874,0.1629910732770766,0.22000293530649442,1.5700854727960454,Drug Manufacturers—Specialty & Generic,Healthcare,10.195,12224111013,9227667,VTRS
2014,2014-12-31,2014-12-31,929400000.0,7719600000.0,1352600000.0,2.34,3528000000.0,0.4570184984,15886600000.0,3255900000.0,6786900000.0,5305700000.0,12610600000.0,1651400000.0,3614500000.0,29377868626.3,8.712603692801713,1.2791714571121624,0.5374277693150202,2.6222856967351578,0.10981507698112132,8.712603692801713,0.2854510273657053,2.7288290359992744,22.66566454303852,6.469937229736786,0.0,2.5382100036332806,0.0,0.48591895056210893,0.4700605009706542,0.058502133873830776,80.89657690591397,0.45701849836779107,0.48101265822784794,2.263280926810399,0.2377895447695971,-0.1508682226562555,0.16039538959913405,0.4901132094832382,0.19116183632312664,0.9960617937368011,0.4519064438947525,0.07502043012593787,Drug Manufacturers—Specialty & Generic,Healthcare,10.195,12224111013,9227667,VTRS
2013,2013-12-31,2013-12-31,623711000.0,6909143000.0,1135530000.0,1.58,3040343000.0,0.440046327,15236341000.0,2941817000.0,4471260000.0,2956070000.0,12276434000.0,1664693000.0,2685081000.0,24374991566.654,7.674432012354987,1.512569052830278,0.5270223342992915,2.7295688344992226,0.08676595710834693,7.674432012354987,0.21201556724976434,2.4078807699672735,26.673238994749173,5.65514189586028,0.0,2.3240321188351247,0.0,0.45346471308301645,0.7143152902333165,0.04093574697494628,21.55020585512116,0.4400463270191397,0.03947368421052635,3.6750876597768882,0.06848545537693508,-0.13544766683490433,0.045400687135870255,-0.02674416790200515,0.023600327759794256,0.5296848011601245,0.07292278541437487,-0.30869624168257387,Drug Manufacturers—Specialty & Generic,Healthcare,10.195,12224111013,9227667,VTRS
2012,2012-12-31,2012-12-31,640850000.0,6796110000.0,1109349000.0,1.52,2908304000.0,0.4279365696,11931897000.0,3340718000.0,3902717000.0,2193503000.0,8576069000.0,1525242000.0,2061370000.0,16781776915.210001,8.045851496832928,1.7792166229086535,0.48057999494967146,1.7164666398061734,0.09008933711999424,8.045851496832928,0.19183001977419226,1.6770645141426495,17.784996356729344,3.4116962027953273,0.0,2.5489764902880987,0.0,0.5695749804075579,0.8681597426582047,0.053708978547166476,17.706445332184753,0.4279365695964309,0.24590163934426235,0.5278938070238349,1.1842817555812142,-0.4915034222683921,0.13456536020635385,0.19381159069316892,0.10333691713851224,1.0251792845538452,-0.019228797764750467,-0.21585000045461633,Drug Manufacturers—Specialty & Generic,Healthcare,10.195,12224111013,9227667,VTRS
2011,2011-12-31,2011-12-31,536810000.0,6129825000.0,1005449000.0,1.22,2563364000.0,0.4181789855,11598143000.0,3491775000.0,3568844000.0,2563156000.0,8093361000.0,1396742000.0,1420520000.0,14169496509.161,8.104593595287335,1.3923631647859123,0.4568617579555624,1.5174941111612288,0.09414027282172183,8.104593595287335,0.15373556429036808,1.5083309081680145,17.22360706611464,2.647880951424705,0.0,2.553414302713028,0.0,0.5285177980647419,0.7148140807660556,0.04628413358931684,20.985719851197068,0.41817898553384475,0.7941176470588234,0.23341769554475725,0.8986684338316225,-0.48779093067634655,0.15602393256597713,0.5554525303159816,0.3933914831814453,3.048470023561014,-0.1565741443077448,-0.08698841935399117,Drug Manufacturers—Specialty & Generic,Healthcare,10.195,12224111013,9227667,VTRS
2010,2010-12-31,2010-12-31,345115000.0,5450522000.0,721584000.0,0.68,2217397000.0,0.4068228694,11536804000.0,3601879000.0,3559443000.0,1809612000.0,7921403000.0,1240271000.0,883710000.0,11626785565.547,11.10138910720505,1.9669647416131193,0.47094030547801624,1.5084199108298753,0.07753123505724967,11.10138910720505,0.09581526753119692,1.2578045856061129,19.86494810584008,1.903365317254411,0.4028657114295235,2.6067891614010166,0.0202802297435192,0.47244644183952506,1.0213338549921198,0.029914263950397355,9.281857816481455,0.4068228694425965,1.2666666666666668,0.3221764174257977,2.065257437018564,2.233077271421809,0.06889704946608101,0.4839124396420878,-0.036692213934897855,0.05297152800267546,1.2418283971856772,-0.29839391501287904,Drug Manufacturers—Specialty & Generic,Healthcare,10.195,12224111013,9227667,VTRS
2009,2009-12-31,2009-12-31,232571000.0,5092785000.0,749069000.0,0.3,2074472000.0,0.4073354756,10801734000.0,3131146000.0,3285386000.0,1718147000.0,7656536000.0,1114219000.0,660130000.0,10422480660.0,10.26060256519488,1.912168167217357,0.4794471887569163,1.6539825993422217,0.0983903639715671,10.26060256519488,0.07427663864923577,1.1043340058533788,24.182446048733503,1.796190806816418,0.5978174406955296,2.708904622879344,0.024721131993462618,0.47147846817927563,0.9560933959667013,0.02153089494705202,12.479415585136008,0.4073354755796681,1.4918032786885245,0.006914189804482454,2.581560323513381,0.4951483588807764,0.0020534039602535187,2.2554711032896795,0.07083438762921379,-0.24555133529304507,1.227106332856303,-0.35153149521595073,Drug Manufacturers—Specialty & Generic,Healthcare,10.195,12224111013,9227667,VTRS
2008,2008-12-31,2008-12-31,-185246000.0,5137585000.0,699519000.0,-0.61,2070221000.0,0.4029560581,10409859000.0,2703509000.0,3174673000.0,1544650000.0,7677242000.0,1065990000.0,594352000.0,7776578400.0,8.876769766220121,2.0552701259184927,0.5112102863256841,1.9684147528267892,0.3376440777527795,8.876769766220121,-0.06852057825588892,0.5862868254247862,-16.259991578765533,1.1141440254128985,-0.7422292519136715,2.877479150836312,0.04564757910963334,0.4935307000796072,1.1420192276567507,-0.017795245833781226,13.732929687143809,0.40295605814794305,-1.6161616161616164,-1.4888540572761533,2.3002383953649503,0.4382792079466435,1.453833735545262,-1.85255241987445,0.12606969691115963,-1.7560549138629993,2.077987192795136,1.5851974286879182,Drug Manufacturers—Specialty & Generic,Healthcare,10.195,12224111013,9227667,VTRS
TTM,,,,,,,,,,,,,,,,30295611013.0,17.403659043659044,1.5766441282886658,0.3769126520079042,0.887719264713612,0.003950771952461065,17.403659043659044,0.09404367812969591,0.7736730155505345,6.4384683052360705,0.5857963531935837,0.30476340528333595,2.601342684823841,0.04708190289357528,0.3205525642014031,0.6839442707224832,0.038630397117479745,5.242574522022559,0.39670634995981036,,,,,,,,,,,Drug Manufacturers—Specialty & Generic,Healthcare,10.195,12224111013,9227667,VTRS
