Quarters,Year,Quarter,FillingDate,Date,NetIncome,Revenue,OperatingIncome,EPSDiluted,GrossProfit,GrossProfitRatio,TotalAssets,CommonStockEquity,CurrentAssets,CurrentLiability,TotalLiability,Inventory,RetainedEarnings,MarketCap,EnterpriseValue,bookValuePerShare,currentRatio,debtToAssets,debtToEquity,roic,shareholdersEquityPerShare,roe,priceToSalesRatio,peRatio,pbRatio,payoutRatio,inventoryTurnover,dividendYield,assetTurnover,quickRatio,returnOnAssets,priceToFreeCashFlowsRatio,grossProfitMargin,epsdilutedGrowth,fiveYNetIncomeGrowthPerShare,fiveYRevenueGrowthPerShare,fiveYShareholdersEquityGrowthPerShare,grossProfitGrowth,netIncomeGrowth,operatingIncomeGrowth,threeYNetIncomeGrowthPerShare,threeYRevenueGrowthPerShare,threeYShareholdersEquityGrowthPerShare,Industry,Sector,Symbol
2023Q1,2023,Q1,2023-04-28,2023-03-31,6269000.0,161374000.0,33375000.0,0.0279,95748000.0,0.5933297805,6493747000.0,3565646000.0,34833000.0,146084000.0,2788812000.0,0.0,-214775000.0,3594356774.19,6210540774.190001,15.90195658662198,0.2384450042441335,0.5317851157428831,0.9684859349469914,0.0033599086598184273,15.90195658662198,0.0017581666828395191,22.273456530729856,143.33852186114214,1.0080520540148967,5.044664220768863,0.0,0.008798514445502366,0.024850675580677842,0.08521124832288272,0.0009653902438761474,200.37667377578325,0.5933297805098715,-0.4386317907444668,-0.30101807917643886,0.34175029635177434,1.1550763010884022,-0.030458908825792864,-0.4396174130687405,-0.18904142874498847,7.831404400701525,0.2739365011906985,1.3176607890859486,REIT—Residential,Real Estate,IRT
2022Q4,2022,Q4,2023-02-23,2022-12-31,11187000.0,162799000.0,41155000.0,0.0497,98756000.0,0.6066130627,6532095000.0,3596664000.0,79794000.0,149579000.0,2794228000.0,0.0,-191735000.0,3775017326.16,8361681326.16,16.063437542334036,0.5334572366441813,0.7046358021431103,1.2797269914565275,0.0016264189545305207,16.063437542334036,0.003110382287586497,23.188209547724494,84.36169943148296,1.049588542649522,2.8023598820059,0.0,0.008304597645884095,0.024922938199765925,0.10752846322010443,0.0017126205298606343,125.98088857533789,0.6066130627338006,-0.29000000000000004,-0.3361559315064731,0.43223705086384384,1.15206734769313,0.040752879680468757,-0.31042347284719224,0.05987638423899047,-0.8095781905282763,0.28156324511122305,1.374267895151378,REIT—Residential,Real Estate,IRT
2022Q3,2022,Q3,2022-10-27,2022-09-30,16223000.0,160600000.0,38830000.0,0.07,94889000.0,0.5908405978,6633533000.0,3595346000.0,141760000.0,169517000.0,2896958000.0,0.0,-194014000.0,3713400988.57,6403272988.57,16.198126398184463,0.8362583103759504,0.40907688256016816,0.754760459772161,0.005995805629530939,16.198126398184463,0.004512222189463824,23.122048496699875,57.22432639724466,1.032835501387071,1.9141958947173765,0.0,0.008362684260489368,0.024210326533387262,0.14012163971755046,0.002445604778027033,69.87300759375294,0.590840597758406,3.147239263803681,3.7952867420674,0.29974930919136417,0.8820757325936228,0.05846198465107978,3.2516308119361557,3.1703361615293737,0.3530890332358108,0.2698023228210739,1.439537533353421,REIT—Residential,Real Estate,IRT
2022Q2,2022,Q2,2022-07-28,2022-06-30,-7205000.0,154763000.0,9311000.0,-0.0326,89648000.0,0.5792599006,6386634000.0,3540512000.0,124213000.0,1427300000.0,2704984000.0,0.0,-178902000.0,4584735607.32,7126293607.32,16.008516094759678,0.08702655363273314,0.39973106334259956,0.7210640720890086,0.0014879699999041055,16.008516094759678,-0.002035016404407046,29.624235814245004,-159.08173516030533,1.2949357627710343,-3.6792505204718946,0.0,0.005782012807385374,0.024232326449268895,0.007971694808379459,-0.0011281372942304193,85.43091729064957,0.5792599006222418,-1.0958823529411765,-1.1196653357058204,0.21753279588960492,1.180833388648387,0.008153121239724255,-1.0965817694369973,1.908778506716651,-1.1982542314635571,0.22925912009793895,1.3837456014366183,REIT—Residential,Real Estate,IRT
2022Q1,2022,Q1,2022-05-04,2022-03-31,74600000.0,150362000.0,3201000.0,0.34,88923000.0,0.5913927721,6387322000.0,3550005000.0,131752000.0,1392280000.0,2673935000.0,0.0,-140643000.0,5837917416.4800005,8356034416.4800005,16.07801644042348,0.09463039043870486,0.39798964260765307,0.7160801181970167,0.0005098525578567662,16.07801644042348,0.021014054909781817,38.825749966613905,19.564066409115284,1.644481463119066,0.22675603217158177,0.0,0.0028976086493185753,0.023540695145790363,0.01721708277070704,0.01167938613396976,202.83223599749846,0.5913927721099745,0.4782608695652174,4.700447724008471,0.19675687881793832,1.2155288990075006,0.9023811051922213,1.6070242879608596,-0.9186985675099055,10.837149621988281,0.22327504957457428,1.344758268380817,REIT—Residential,Real Estate,IRT
2021Q4,2021,Q4,2022-02-24,2021-12-31,28615000.0,76916000.0,39372000.0,0.23,46743000.0,0.6077149098,6506696000.0,3480761000.0,127231000.0,1566977000.0,2864620000.0,0.0,-188410000.0,3238454176.02,5907818176.02,27.762645924017775,0.0811951930372941,0.4157772239551379,0.7772254400689964,0.006180990209007387,27.762645924017775,0.008220903417384877,42.10377783582089,28.293326716931677,0.9303868251856419,0.4397344050323257,0.0,0.003885495769300733,0.011821053265743474,0.02295630376195694,0.0043977773051023135,-99.29644250996505,0.607714909771699,1.090909090909091,1.37385710553144,0.0828362565500319,2.6770540888926546,0.31978993138888107,1.4878282037906452,1.8026765375854215,0.387739078908337,0.09189395121200337,2.950583405442926,REIT—Residential,Real Estate,IRT
2021Q3,2021,Q3,2021-10-29,2021-09-30,11502000.0,60780000.0,14048000.0,0.11,35417000.0,0.5827081276735768,1846911000.0,746133000.0,135267000.0,688117000.0,1096926000.0,0.0,-200429000.0,2135095015.9,3145104015.9,7.111536693649025,0.19657558235009454,0.5515853227361794,1.3653450524236295,0.007917152795467614,7.111536693649025,0.015415482226359108,35.128249685751896,46.40703825204312,2.8615474934093523,1.093983655016519,0.0,0.005893414534854285,0.03290900319506462,0.012672263583082528,0.006227695866232862,134.36721308370045,0.5827081276735768,2.666666666666667,1.2832711428967534,-0.2870280267859944,-0.09742263640675258,0.07421898695784046,2.396928529238039,0.17399298011031256,1.0084777556962834,0.04156144009404964,-0.008281782135188997,REIT—Residential,Real Estate,IRT
2021Q2,2021,Q2,2021-07-26,2021-06-30,3386000.0,57444000.0,11966000.0,0.03,32970000.0,0.5739502820137874,1875122000.0,743444000.0,41917000.0,660989000.0,1127839000.0,0.0,-199350000.0,1859883008.92,2908780008.92,7.287008943573268,0.06341557877665135,0.5634102741048316,1.4210391098724315,0.006607143704153181,7.287008943573268,0.004554478884757965,32.37732415778846,137.32154525398698,2.5017123131264762,3.6077968103957474,0.0,0.0065681550621259814,0.030634806695244363,0.011446483980822677,0.0018057491725871704,151.38230578870258,0.5739502820137874,1.9999999999999996,-0.9459771270743579,-0.30683944667791374,-0.08849741460400645,0.01976431288855897,2.117863720073665,0.21642777269492733,-0.18050424201271031,0.0404394891071866,0.018574662637897824,REIT—Residential,Real Estate,IRT
2021Q1,2021,Q1,2021-04-30,2021-03-31,1086000.0,55112000.0,9837000.0,0.01,32331000.0,0.5866417477137466,1728016000.0,710412000.0,13102000.0,530344000.0,1012878000.0,0.0,-190151000.0,1545518748.0,2484496748.0,6.986820712445994,0.024704719955349737,0.5483924917361876,1.3339175013935576,0.005894901398817763,6.986820712445994,0.001528690393743349,28.04323464944114,355.7824005524862,2.175524551950136,11.464088397790055,0.0,0.008055547702744529,0.031893223210896195,0.016315825200247387,0.0006284664030888603,112.6307205946655,0.5866417477137466,-0.9285714285714285,7.706522605656543,-0.33984524456411475,-0.07964670820229107,0.01775427330248371,-0.9181057235502602,-0.2512558989191658,-0.7329734350588428,0.010511541805158906,-0.05312710072336436,REIT—Residential,Real Estate,IRT
2020Q4,2020,Q4,2021-02-18,2020-12-31,13261000.0,54088000.0,13138000.0,0.14,31767000.0,0.5873206626238722,1734897000.0,708060000.0,13615000.0,521518000.0,1022126000.0,0.0,-178751000.0,1273786735.67,2210721735.67,7.465335863305426,0.026106481463727044,0.5450963371312533,1.3356015026975114,0.007885518731340992,7.465335863305426,0.018728638815919556,23.550265043447716,24.013776028768568,1.7989813513967743,0.8549883115903778,0.0,0.008901019050128762,0.031176490592813293,0.016779861864787027,0.00764368144045439,320.04691851005026,0.5873206626238722,13.0,0.5920147872408674,-0.32578854079868896,-0.03755947017313785,0.05914713433134398,11.166055045871559,0.1087855515233353,0.857673498954463,0.12332329174315526,0.0001536413760485804,REIT—Residential,Real Estate,IRT
2020Q3,2020,Q3,2020-10-29,2020-09-30,1090000.0,54200000.0,11849000.0,0.01,29993000.0,0.5533763837638377,1700428000.0,603531000.0,66373000.0,586267000.0,1092082000.0,0.0,-179834000.0,1094756479.33,2089102479.33,6.389479689840202,0.11321292175749274,0.5905789601206285,1.6639360695639496,0.007356346521885331,6.389479689840202,0.0018060381322583265,20.198459028228783,251.0909356261468,1.813919217620967,10.393577981651376,0.0,0.010348420140827522,0.031874328110334575,0.016871152563593037,0.0006410150856137396,67.11768005211206,0.5533763837638377,0.0,-0.9836806345434606,-0.23554004962223402,-0.41079308191471336,0.026559879522195982,0.38149556400506973,0.13801383019592778,-0.24290264167831635,0.030754312097783402,-0.2576002697758966,REIT—Residential,Real Estate,IRT
2020Q2,2020,Q2,2020-07-30,2020-06-30,789000.0,52268000.0,10412000.0,0.01,29217000.0,0.5589844646820235,1708912000.0,610982000.0,18161000.0,551494000.0,1092526000.0,0.0,-169585000.0,1085066445.78,2082325445.78,6.469818698479374,0.032930548655107764,0.5903820676547418,1.6512941461450583,0.0063471396622407205,6.469818698479374,0.001291363739029955,20.759670272059385,343.8106608935361,1.7759384822793471,21.52851711026616,0.0,0.0156543408618535,0.03058554214611402,0.021128063043296934,0.0004616972670330596,76.6452246789574,0.5589844646820235,0.0,-0.2117441631442816,-0.2285769480707645,-0.14224171608411612,-0.008147469192382116,3.120967741935484,0.12525667351129363,-0.9693104818111729,-0.0369959806371223,-0.11861933032230336,REIT—Residential,Real Estate,IRT
2020Q1,2020,Q1,2020-05-07,2020-03-31,-372000.0,51350000.0,9253000.0,0.0,29457000.0,0.5736514118792599,1757138000.0,623653000.0,62176000.0,588572000.0,1127967000.0,0.0,-159045000.0,812605662.7199999,1804710662.7199998,6.861209656523325,0.1056387323895802,0.5973014071746214,1.6828925700670083,0.005500568802289238,6.861209656523325,-0.0005964855456479806,15.824842506718596,-546.1059561290322,1.3029772368929515,-44.336021505376344,0.0,0.020296437443954908,0.029223658016615656,0.09758534215015326,-0.0002117079022820063,261.12007156812336,0.5736514118792599,-1.0,0.4419913063779199,-0.172944487974325,-0.11153363218746662,-0.03146577234168475,-1.015640766902119,-0.299757832601786,-1.0690505672149444,-0.0071984252959091995,-0.05453459806411489,REIT—Residential,Real Estate,IRT
2019Q4,2019,Q4,2020-02-18,2019-12-31,23784000.0,51428000.0,13214000.0,0.26,30414000.0,0.5913899043322703,1664106000.0,613279000.0,14433000.0,526470000.0,1044349000.0,0.0,-141525000.0,1276297679.36,2251981679.3599997,6.765638188992092,0.027414667502421792,0.5922531377207942,1.6070532335201433,0.008183483341826638,6.765638188992092,0.03878169642201999,24.817175067278523,13.415507056844937,2.081104488104109,0.6854187689202825,0.0,0.01277288227004741,0.030904281337847467,0.018781696962789904,0.014292358780029638,332.023329698231,0.5913899043322703,4.2,38.113892065579655,-0.023052585477742204,-0.24138712388854133,0.05413836129211146,3.89080814312153,0.07387240958959772,1.429794457301014,0.0014050069583337534,-0.1039176296492777,REIT—Residential,Real Estate,IRT
2019Q3,2019,Q3,2019-10-31,2019-09-30,4863000.0,51299000.0,12305000.0,0.05,28852000.0,0.5624281175071639,1653017000.0,597768000.0,47928000.0,502012000.0,1048647000.0,0.0,-148977000.0,1288294097.4,2261037097.4,6.639834877194245,0.09547182139072373,0.5924500473981816,1.6383111842721592,0.007724472804321092,6.639834877194245,0.008135263179025977,25.11343490906256,66.22939016039483,2.1551740765648213,3.3162656796216328,0.0,0.012518104392892174,0.0310335586385379,0.013121200290032907,0.002941893519546381,137.5794636266553,0.5624281175071639,-0.6875,24.161190259114043,0.04787656238668416,-0.2095711500657166,0.0010408715564499342,-0.6693860901488884,-0.020536496059858314,0.12503440552102094,-0.29870931294917175,-0.15728977908466585,REIT—Residential,Real Estate,IRT
2019Q2,2019,Q2,2019-08-01,2019-06-30,14709000.0,50956000.0,12563000.0,0.16,28822000.0,0.565625245309679,1655747000.0,601143000.0,69334000.0,470276000.0,1047838000.0,0.0,-137539000.0,1042827673.25,2021266673.25,6.7156982209476475,0.14743257151119768,0.5976148529938451,1.6460293141565319,0.007819917502793332,6.7156982209476475,0.02446838772139075,20.465257737067272,17.724312890917126,1.7347414396408176,1.0951118362907064,0.0,0.015446463891583346,0.0307752331727009,0.023518104262177954,0.008883603594027348,97.89970646357492,0.565625245309679,4.333333333333334,23.732048955551676,-0.1346892720924973,-0.11443149316213222,0.03523580331166266,4.7909448818897635,0.02246276552453813,-0.7325231459513069,-0.2991955814949288,-0.159960370773009,REIT—Residential,Real Estate,IRT
2019Q1,2019,Q1,2019-05-03,2019-03-31,2540000.0,49540000.0,12287000.0,0.03,27841000.0,0.5619903108599111,1655849000.0,610201000.0,104566000.0,447636000.0,1038775000.0,0.0,-136120000.0,959306271.0,1941196271.0,6.857003835847958,0.23359604678801527,0.5984362100650482,1.623923920150901,0.007596241601077036,6.857003835847958,0.004162562827658427,19.364276766249496,94.41990856299212,1.5721152063008745,6.381102362204724,0.0,0.01689554263322438,0.029918186984441215,0.044710434370783404,0.001533956296739618,173.9133921319797,0.5619903108599111,-0.8125,-0.8521993745553799,0.04003775653878248,-0.24303124404682508,-0.017330227304814344,-0.8257887517146777,-0.12373413207816289,18.92228797458575,-0.3219718052811931,-0.096747102591268,REIT—Residential,Real Estate,IRT
2018Q4,2018,Q4,2019-02-22,2018-12-31,14580000.0,49809000.0,14022000.0,0.16,28332000.0,0.5688128651448533,1659336000.0,622995000.0,102132000.0,442059000.0,1029291000.0,0.0,-122342000.0,813818621.88,1789990621.88,7.027480013652597,0.2310370335181503,0.593905031892275,1.58185539209785,0.008629343350802452,7.027480013652597,0.023403077071244553,16.338786602421248,13.954365944444445,1.3063004067127344,1.0938957475994513,0.0,0.019597732923776385,0.030017428658210273,0.040985479313847245,0.00878664718899608,-943.0111493395133,0.5688128651448533,2.1999999999999997,4.15276365442583,-0.06002568570582866,-0.09470572351117577,0.03681475517821855,2.045748903279716,0.004081632653061225,0.8726823345310225,-0.3357389358856196,-0.09400839941676759,REIT—Residential,Real Estate,IRT
2018Q3,2018,Q3,2018-11-01,2018-09-30,4787000.0,48779000.0,13965000.0,0.05,27326000.0,0.5602000861026262,1648108000.0,628905000.0,164687000.0,393393000.0,1012065000.0,0.0,-120924000.0,905085444.96,1860678444.96,7.17092472997048,0.4186322583269148,0.5844507762840785,1.531611292643563,0.008682324301926513,7.17092472997048,0.007611642457922898,18.55481754361508,47.26788411113432,1.4391449343859566,3.2774180071025696,0.0,0.017334274998415614,0.0295969681598536,0.03703421260673169,0.002904542663466229,106.15592833216046,0.5602000861026262,0.25000000000000006,0.6233604581785605,-0.11191583928238538,-0.28083382522444983,0.02752500564037001,0.3642063265887717,0.15042425240958893,-0.9228094025472521,-0.25900965569278733,-0.33873199930726416,REIT—Residential,Real Estate,IRT
2018Q2,2018,Q2,2018-08-02,2018-06-30,3509000.0,46889000.0,12139000.0,0.04,26594000.0,0.5671692721107296,1583117000.0,619867000.0,165791000.0,336597000.0,955810000.0,0.0,-109762000.0,893307021.96,1794183021.96,7.154123512852186,0.49255043865512765,0.5759346908661837,1.4709155351067245,0.00784501221062127,7.154123512852186,0.005660891771944627,19.05152641259144,63.643988455400404,1.4411269223236598,4.443716158449701,0.0,0.01745536485965092,0.029618152038036354,0.05231181501914753,0.002216513372037569,93.4714891660563,0.5671692721107296,0.0,3.395310388975312,-0.35019561497847507,-0.1285622540044069,0.036641459421532706,0.028429073856975382,0.03787619699042408,2.8209185744441676,-0.24573853002643214,-0.051517671005425134,REIT—Residential,Real Estate,IRT
2018Q1,2018,Q1,2018-04-30,2018-03-31,3412000.0,45755000.0,11696000.0,0.04,25654000.0,0.5606818926893236,1577879000.0,629437000.0,21362000.0,221812000.0,940889000.0,0.0,-97581000.0,783081631.8,1675968631.8,7.378836924980725,0.09630678232016301,0.5724684845922913,1.4350697528108451,0.007439001791489489,7.378836924980725,0.005420717244140398,17.11466794448694,57.37702460433763,1.2440985067608037,1.537221570926143,0.0,0.006697896856479427,0.02899778753630665,0.07085730258056372,0.0021623964828735285,71.94796323042999,0.5606818926893236,-0.5,47.215998591374436,0.10337486623617985,21.611410562290633,0.06267346008864587,-0.4578102653742253,0.021930974224552206,6.453621805766014,-0.21474494311999948,-0.044505448804406426,REIT—Residential,Real Estate,IRT
2017Q4,2017,Q4,2018-02-23,2017-12-31,6293000.0,42447000.0,11445000.0,0.08,24141000.0,0.5687327726341084,1450624000.0,624100000.0,22175000.0,124339000.0,804505000.0,0.0,-85221000.0,843650790.9399999,1612107790.94,7.464189055027925,0.17834307819750841,0.5366256176652254,1.2473033167761576,0.007877287065129641,7.464189055027925,0.010083319980772313,19.875392629396657,33.51544537343079,1.3517878399935908,2.3875734943588114,0.0,0.01780950146832562,0.029261200697079326,0.14107399930834252,0.004338133106856084,168.79767725890355,0.5687327726341084,3.0,14.957875574495676,0.08503274473579692,22.279820737297538,0.07093425605536333,4.736554238833182,0.04234972677595628,10.219710254414966,-0.12582913694139053,-0.16306048761410896,REIT—Residential,Real Estate,IRT
2017Q3,2017,Q3,2017-10-31,2017-09-30,1097000.0,40066000.0,10980000.0,0.02,22542000.0,0.5626216742375081,1405212000.0,619432000.0,48240000.0,185709000.0,763234000.0,0.0,-76419000.0,731959246.98,1453456246.98,8.60652210623979,0.259761239358351,0.5206509765074594,1.1811223830864406,0.007712185404557001,8.60652210623979,0.001770977282413566,18.268837592472423,166.80930879216044,1.1816619854641024,11.29626253418414,0.0,0.01692990429607702,0.02851242374816042,0.10523991836690737,0.0007806651238389652,57.85781732511264,0.5626216742375081,-0.9259259259259258,7.124433499229348,0.32848811575673714,26.491666178339734,0.0154511464480382,-0.9414589892737072,-0.0211286440224659,7.535407416071223,0.023732871822952237,0.024550082372491244,REIT—Residential,Real Estate,IRT
2017Q2,2017,Q2,2017-08-04,2017-06-30,18739000.0,39561000.0,11217000.0,0.27,22199000.0,0.561133439498496,1317177000.0,505271000.0,39039000.0,210936000.0,788856000.0,0.0,-64260000.0,679380278.8499999,1437630278.85,7.340549799946552,0.18507509386733417,0.580423891398043,1.5130909947335192,0.008479856110394953,7.340549799946552,0.03708702854507779,17.172980431485552,9.063721101045946,1.3445859327964595,0.6611345322589253,0.0,0.018235736870329967,0.030034687820999,0.053973717146433044,0.014226637725985194,55.491323927958824,0.561133439498496,3.5000000000000004,188.5249586843376,0.3564681518643669,22.209470694352973,0.027160836572274662,3.596271768457199,-0.048035305100568616,38.66107259627779,-0.12635527552940765,-0.032035164202124086,REIT—Residential,Real Estate,IRT
2017Q1,2017,Q1,2017-05-05,2017-03-31,4077000.0,39142000.0,11783000.0,0.06,21612000.0,0.5521434775943999,1306986000.0,499186000.0,80536000.0,187664000.0,786642000.0,0.0,-70608000.0,644535642.3499999,1400165642.35,7.256965344765312,0.4291499701594339,0.5858478973761004,1.5338871683100086,0.008946830828424443,7.256965344765312,0.008167296358471592,16.46659962061213,39.52266632021094,1.2911733148565865,3.0654893303899926,0.0,0.019390704219912257,0.02994829324874176,0.07385007246994629,0.0031193907203290626,64.05641446531504,0.5521434775943999,1.0983606557377048,22.983483007502244,0.3753057397523104,21.480833787619044,0.013030842786162932,1.0994875549048315,0.10732074053190489,-0.6930875955158895,0.06308328843368602,-0.19887808720425132,REIT—Residential,Real Estate,IRT
2016Q4,2016,Q4,2017-03-03,2016-12-31,-40980000.0,38031000.0,10641000.0,-0.61,21334000.0,0.5609634245746891,1294237000.0,506825000.0,92407000.0,166096000.0,765546000.0,0.0,-62181000.0,598772777.56,1321697777.56,7.550241376073557,0.5563469318948078,0.5747146774508842,1.4676012430326049,0.008164554495423243,7.550241376073557,-0.08085631135007153,15.74433429465436,-3.6528353926305517,1.1814191832683865,-0.27037579306979015,0.0,0.018504515260615247,0.02938488082167331,0.1571561024949427,-0.031663443403333394,-13.769006313610962,0.5609634245746891,-13.2,-209.25833250546043,0.6697972564768954,835.9086749404642,0.014069778496054758,-19.07675341861491,0.004910756445367834,-20.126803748882903,-0.05216300076387943,-0.02736254096924245,REIT—Residential,Real Estate,IRT
2016Q3,2016,Q3,2016-11-04,2016-09-30,2267000.0,38364000.0,10589000.0,0.05,21038000.0,0.5483786883536649,1306242000.0,372021000.0,42341000.0,270089000.0,910204000.0,0.0,-8833000.0,424943262.0,1276277262.0,7.879143639651357,0.15676684352195017,0.6741331238775051,2.3670196037320475,0.007961910243349947,7.879143639651357,0.006093742019939735,11.07661510791367,46.861850683722984,1.1422561145741772,3.748125275694751,0.0,0.019995610614011807,0.02936974925013895,0.12704330794663982,0.001735513021323767,35.79072365872147,0.5483786883536649,-0.9180327868852458,10.646245952830286,1.4319038178538062,642.9223462264699,-0.020349243306169964,-0.9217925276848242,-0.0412856496152105,0.4279878147069457,0.29737809074313765,-0.2098071301525851,REIT—Residential,Real Estate,IRT
2016Q2,2016,Q2,2016-08-05,2016-06-30,28987000.0,38327000.0,11045000.0,0.61,21475000.0,0.5603099642549638,1307871000.0,377211000.0,38815000.0,265121000.0,905923000.0,0.0,-2601000.0,385963516.71999997,1238200516.72,7.994501672650217,0.14640484910663432,0.6730694388055091,2.3336753169976485,0.008268974515407724,7.994501672650217,0.07684558509693513,10.07027726459154,3.328763900369131,1.023203238293687,0.29295891261600027,0.0,0.022002079554479193,0.029304877927563193,0.12083539214170133,0.02216350083456243,46.87436443041049,0.5603099642549638,0.0,218.4234511140808,2.6032037597562314,455.18518733887146,-0.0032952752250997863,387.49333333333334,0.49519426018681467,65.67431818667791,-0.02463846343942998,-0.026196499758943156,REIT—Residential,Real Estate,IRT
2016Q1,2016,Q1,2016-05-06,2016-03-31,-75000.0,38666000.0,7387000.0,0.0,21546000.0,0.5572337454094036,1344650000.0,357507000.0,31734000.0,341126000.0,963678000.0,0.0,-23094000.0,335304602.16,1253716602.16,7.5914551234980285,0.09302720988725574,0.6993165507752946,2.6302589879359006,0.009280029818036878,7.5914551234980285,-0.00020978610209030873,8.67182025965965,-1117.6820072,0.9378966066678415,-113.41333333333333,0.0,0.025367978683278326,0.028755438218123677,0.07246296090007798,-5.577659614025955e-05,64.68067171296296,0.5572337454094036,-1.0,0.756930139048139,0.0,515.505814542735,-0.03428801936264623,-1.0181906378850352,-0.023400317292437862,-2.919765761797798,0.688957063610322,22.262949202941908,REIT—Residential,Real Estate,IRT
2015Q4,2015,Q4,2016-03-11,2015-12-31,4123000.0,39709000.0,7564000.0,0.09,22311000.0,0.5618625500516256,1392414000.0,364150000.0,47076000.0,295049000.0,1002384000.0,0.0,-14500000.0,352569551.78,1290105551.78,7.756672367744529,0.15955315896681568,0.7008238928939238,2.679766579706165,0.005279863368720793,7.756672367744529,0.01132225731154744,8.878832299478708,21.378216819063788,0.9681986867499657,1.9250545719136551,0.0,0.022511870239301356,0.028518098783838715,0.14120705374361547,0.0029610446318408174,33.712904167144764,0.5618625500516256,-0.8676470588235294,4053.272743054655,8156815.202274334,364.0256207007499,0.6469329002731232,-0.8283156360607954,2.305939226519337,17.28701929420044,0.8078045661069001,23.192037595484823,REIT—Residential,Real Estate,IRT
2015Q3,2015,Q3,2015-11-09,2015-09-30,24015000.0,25492000.0,-5792000.0,0.68,13547000.0,0.5314216224697944,1413255000.0,368291000.0,29422000.0,293209000.0,1018800000.0,0.0,-10174000.0,244866128.15,1221835128.15,10.84420344317026,0.1003448052413125,0.703275771180714,2.698702927847816,-0.003983091875488722,10.84420344317026,0.06520658935461361,9.605606784481406,2.5490956501145114,0.6648713331305951,0.2383926712471372,0.0,0.023380122204950216,0.01803779218895387,0.0753455726120276,0.016992687094685672,-22.460661176848284,0.5314216224697944,67.0,5755.495799446171,0.0,508.8035385794937,0.11031882632571101,70.26112759643917,-2.25097192224622,285.1282300976547,0.791257806521113,33.639453352881795,REIT—Residential,Real Estate,IRT
2015Q2,2015,Q2,2015-08-07,2015-06-30,337000.0,22812000.0,4630000.0,0.01,12201000.0,0.534850078905839,723159000.0,239819000.0,34592000.0,27782000.0,472029000.0,0.0,-28065000.0,239415009.66,675049009.66,7.542706167689821,1.245122741343316,0.6322288735948802,1.9064461114423794,0.006341475569687987,7.542706167689821,0.001405226441608046,10.49513456338769,177.60757393175075,0.9983154364750082,16.979228486646885,0.0,0.023899921763994553,0.031544929953163825,1.0170974011950185,0.0004660109325888221,88.08499251655628,0.534850078905839,2.0,38.23758427323616,2533.4329379125984,351.5581565965,0.055267254800207576,2.4463519313304722,0.22486772486772486,8.300993359412871,0.6933435928784617,22.848652011922457,REIT—Residential,Real Estate,IRT
2015Q1,2015,Q1,2015-05-08,2015-03-31,-233000.0,21700000.0,3780000.0,-0.01,11562000.0,0.5328110599078341,694032000.0,245333000.0,27130000.0,12704000.0,437177000.0,0.0,-22680000.0,301482761.32,705011761.3199999,7.722531662527762,2.1355478589420653,0.6089243723632339,1.722609677458801,0.005471284836763396,7.722531662527762,-0.0009497295512629773,13.89321480737327,-323.479357639485,1.228871620695137,-24.545064377682404,0.0,0.018969575490685307,0.03126656984116006,1.645308564231738,-0.00033571939046038224,40.14417594141145,0.5328110599078341,-2.0,-29.133959759035847,2495.09182484341,0.0,0.3351039260969977,-2.232804232804233,0.190176322418136,-1.7203374936236964,0.6509238911683606,22.923078377402177,REIT—Residential,Real Estate,IRT
2014Q4,2014,Q4,2015-03-16,2014-12-31,189000.0,16362000.0,3176000.0,0.01,8660000.0,0.5292751497371959,694150000.0,251273000.0,22239000.0,28776000.0,431116000.0,0.0,-16728000.0,262305228.08,666443228.08,8.918433106055078,0.7728315262718932,0.6034733126845783,1.667115050164562,0.004593250294814366,8.918433106055078,0.0007521699506114864,16.031367074929715,346.9645874074074,1.0439053462966574,26.43915343915344,0.0,0.019050325594257594,0.023571274220269393,0.5919168751737559,0.00027227544478859034,73.0451762962963,0.5292751497371959,0.0,310.52429175636786,5600356.664015859,418.6975746653185,0.2541636495293266,4.375,0.4332129963898917,3.3103777491814603,0.7116001418141381,987.5662804088089,REIT—Residential,Real Estate,IRT
2014Q3,2014,Q3,2014-11-07,2014-09-30,-56000.0,13057000.0,2216000.0,0.0,6905000.0,0.528835107605116,469023000.0,201704000.0,42404000.0,14004000.0,264042000.0,0.0,-11560000.0,232431707.2,451478707.2,8.400294191876073,3.0279920022850613,0.5411952079109127,1.2584430650854719,0.004696843959758596,8.400294191876073,-0.0002776345536032999,17.801310193765794,-1037.64155,1.1523405941379448,-74.17857142857143,0.0,0.01787191622881992,0.027838720062768777,2.68023421879463,-0.00011939712977828379,68.88906556016597,0.528835107605116,1.0,-39.97881978698316,5242.966100466692,0.0,0.1386873350923483,0.5625,0.23042754025541365,0.5314421038106399,0.6275500001448454,685.5133309417337,REIT—Residential,Real Estate,IRT
2014Q2,2014,Q2,2014-08-07,2014-06-30,-128000.0,11649000.0,1801000.0,-0.01,6064000.0,0.520559704695682,359647000.0,134283000.0,13434000.0,18981000.0,223405000.0,0.0,-6867000.0,167510935.02,375084935.02,7.583488086006626,0.7077603919709183,0.5995545632244952,1.6057728826433726,0.005147023100159755,7.583488086006626,-0.0009532107563876291,14.379855354107649,-327.16979496093757,1.247447070887603,-24.90625,0.0,0.019031593368035154,0.032390093619576975,0.5656182498287762,-0.0003559045397292345,71.89310515879829,0.520559704695682,-1.0526315789473684,-401.9473707567056,0.0,0.0,0.4622618760549795,-1.0436115843270868,0.336053412462908,-3.581847968181854,1.9181900029340404,431.73177927176533,REIT—Residential,Real Estate,IRT
2014Q1,2014,Q1,2014-05-13,2014-03-31,2935000.0,8135000.0,1348000.0,0.19,4147000.0,0.5097725875845114,336570000.0,137672000.0,29903000.0,9087000.0,198898000.0,0.0,-3551000.0,135415035.36,302130035.36,9.058503117758962,3.290745020358754,0.5685295777995663,1.3898977279330582,0.004096990474801077,9.058503117758962,0.021318786681387647,16.64597853226798,11.534500456558774,0.9836062188389796,0.8991482112436116,0.0,0.019488234766429264,0.024170306325578633,2.946737096951689,0.00872032563805449,59.62793278731837,0.5097725875845114,5.333333333333334,739.781512118182,1954.984774202539,0.0,0.31275720164609055,8.529220779220779,0.058084772370486655,30.474625244763065,0.0,615.320515008207,REIT—Residential,Real Estate,IRT
2013Q4,2013,Q4,2014-03-11,2013-12-31,308000.0,5768000.0,1274000.0,0.03,3159000.0,0.5476768377253814,181871000.0,74908000.0,6187000.0,5452000.0,106963000.0,0.0,-3300000.0,80479340.34,180448340.34,7.762647126090994,1.1348129126925899,0.5680014955655383,1.3790649863832969,0.007148829196850924,7.762647126090994,0.004111710364714049,13.952728907766991,65.32413988636364,1.0743757721471672,5.012987012987013,0.0,0.01918504790766281,0.031714786854418794,0.9290168745414527,0.0016935080359155666,40.707809984825495,0.5476768377253814,0.0,1473.7280522757874,5764258.596607433,364.3067902242978,0.33122629582806573,0.19844357976653695,0.054635761589403975,1473.7280522757874,5764258.596607433,364.3067902242978,REIT—Residential,Real Estate,IRT
2013Q3,2013,Q3,2013-11-06,2013-09-30,257000.0,4787000.0,1208000.0,0.03,2373000.0,0.4957175684144558,172025000.0,76215000.0,18637000.0,2874000.0,95810000.0,0.0,-2063000.0,63059205.0,138817205.0,9.97116519309116,6.484690327070285,0.5364569103328005,1.2108377615954864,0.006100926414993561,9.97116519309116,0.003372039624745785,13.173011280551494,61.34163910505837,0.8273857508364495,4.2957198443579765,0.0,0.01750735677685756,0.02782735067577387,6.110299234516353,0.001493968899869205,51.98615416323166,0.4957175684144558,1.9999999999999996,560.9520420658209,6038.56098613993,0.0,-0.03497356649044327,3.9423076923076925,-0.012264922322158627,274.625593478463,0.0,467.76059876948057,REIT—Residential,Real Estate,IRT
2013Q2,2013,Q2,2013-08-14,2013-06-30,52000.0,4700000.0,1223000.0,0.01,2459000.0,0.5231914893617021,144821000.0,46331000.0,4114000.0,2176000.0,94990000.0,0.0,-954000.0,47687912.99999999,137799913.0,8.20956350092318,1.890625,0.6377528120921689,1.9934816861280784,0.001415260908186429,8.20956350092318,0.0011223586799335218,10.146364468085105,229.2688125,1.0292873669897045,5.596153846153846,0.0,0.0061021751989859575,0.03245385683015585,1.4972426470588236,0.0003590639479081073,193.85330487804876,0.5231914893617021,0.0,514.620227831828,0.0,0.0,-0.02536662703131193,5.5,-0.004071661237785016,33.10990380610604,2940.8470502258333,382.72813549939275,REIT—Residential,Real Estate,IRT
2013Q1,2013,Q1,2013-05-13,2013-03-31,8000.0,4688000.0,1228000.0,0.0,2523000.0,0.5381825938566553,145547000.0,3147000.0,4188000.0,2306000.0,95175000.0,0.0,-448000.0,81487913.0,171172913.0,0.3263324463837968,1.816131830008673,0.6349357939359794,29.36542739116619,0.0003023662374116666,0.3263324463837968,0.002542103590721322,17.382234001706486,2546.49728125,25.89383952971083,6.25,0.0,0.0006135879317463929,0.03220952681951535,1.3061578490893322,5.496506283193745e-05,71.66922867194371,0.5381825938566553,1.0,2.1821797931583133,1775.4304660856387,0.0,0.07179269328802039,1.1538461538461537,0.29809725158562367,2.1821797931583133,1775.4304660856387,0.0,REIT—Residential,Real Estate,IRT
2012Q4,2012,Q4,2013-03-13,2012-12-31,-52000.0,4512000.0,946000.0,-0.0054,2354000.0,0.5217198581560284,146197000.0,3092000.0,4028000.0,2517000.0,95346000.0,0.0,-401000.0,81487913.0,171367913.0,0.3206291465582141,1.6003178386968613,0.6321128340526824,29.88777490297542,-0.010511683863116471,0.3206291465582141,-0.016817593790426907,18.06026440602837,-391.7688124999999,26.35443499353169,-1.0576923076923077,0.0,0.0006749467249210322,0.030862466398079304,1.143424711958681,-0.0003556844531693537,59.69810476190476,0.5217198581560284,0.0,-247.8038277511962,4512001.0,14.088667883389778,0.2121524201853759,-1.1666666666666667,0.189937106918239,-247.8038277511962,4512001.0,14.088667883389778,REIT—Residential,Real Estate,IRT
2012Q3,2012,Q3,2012-11-09,2012-09-30,-24000.0,4041000.0,795000.0,0.0,1942000.0,0.4805741153179906,132611000.0,3019000.0,5693000.0,1766000.0,84559000.0,0.0,-296000.0,81487913.0,160044913.0,0.31305931224425887,3.223669309173273,0.6196695598404356,27.219277906591586,0.01599710241163865,0.31305931224425887,-0.007949652202716132,20.165284088097007,-848.8324270833333,26.9916902947996,-2.0416666666666665,0.0,0.0006013161731114651,0.030472585230486158,2.5475651189127975,-0.00018098046165099425,118.4417340116279,0.4805741153179906,0.0,-42.59445407279029,4040.0,0.0,-0.10175763182238667,-0.7142857142857143,-0.23410404624277456,-42.59445407279029,4040.0,0.0,REIT—Residential,Real Estate,IRT
2012Q2,2012,Q2,2012-08-13,2012-06-30,-14000.0,4086000.0,1038000.0,0.0,2162000.0,0.5291238374938816,133022000.0,3050000.0,5530000.0,1374000.0,84153000.0,0.0,-220000.0,81487913.0,159722913.0,0.31627389941867823,4.024745269286754,0.6177549578265249,26.942622950819672,-0.0007134449666217045,0.31627389941867823,-0.0045901639344262295,19.943199461576114,-1455.1413035714284,26.71734852459016,-4.071428571428571,0.0,0.000699490242190888,0.030716723549488054,3.309315866084425,-0.00010524574882350288,215.00768601583113,0.5291238374938816,0.0,-79.92485549132948,0.0,0.0,0.027078384798099764,0.46153846153846156,0.08919202518363065,-79.92485549132948,0.0,0.0,REIT—Residential,Real Estate,IRT
2012Q1,2012,Q1,2012-05-15,2012-03-31,-26000.0,3990000.0,953000.0,0.0,2105000.0,0.5275689223057645,133753000.0,3113000.0,5692000.0,1465000.0,84283000.0,0.0,-158000.0,81487913.0,159448913.0,0.32280677012798203,3.8853242320819112,0.6143787429067011,26.397365884998393,-0.0018988335102042575,0.32280677012798203,-0.008352071956312239,20.423035839599,-783.5376249999998,26.176650497911982,-0.11538461538461539,0.0,3.681527590478358e-05,0.029831106592001676,3.063481228668942,-0.00019438816325615126,90.14149668141593,0.5275689223057645,1.0,-11.34208432776452,1510.9363395225464,0.0,0.2993827160493827,0.07142857142857142,0.534621578099839,-11.34208432776452,1510.9363395225464,0.0,REIT—Residential,Real Estate,IRT
2011Q4,2011,Q4,2012-03-09,2011-12-31,-28000.0,3272000.0,621000.0,-0.0029,1620000.0,0.49511002444987773,131352000.0,87000.0,2722000.0,1529000.0,84294000.0,0.0,-113000.0,81487913.0,162555913.0,0.009021583360467215,1.7802485284499674,0.6256090504902856,944.5402298850574,0.003988177672535474,0.009021583360467215,-0.3218390804597701,24.904618887530564,-727.5706517857142,936.6426781609194,-0.10714285714285714,0.0,3.681527590478358e-05,0.024910165052682866,1.079136690647482,-0.00021316767159997564,188.19379445727483,0.49511002444987773,0.0,-132.9712918660287,3272000.9999999995,-0.5754482193224739,0.07928047968021319,0.4166666666666667,0.10106382978723404,-132.9712918660287,3272000.9999999995,-0.5754482193224739,REIT—Residential,Real Estate,IRT
2011Q3,2011,Q3,2011-11-10,2011-09-30,-48000.0,3222000.0,564000.0,0.0,1501000.0,0.4658597144630664,104208000.0,118000.0,2745000.0,1468000.0,66525000.0,0.0,-82000.0,81487913.0,144852913.0,0.012236170534886567,1.869891008174387,0.6196741133118379,547.2457627118644,0.0064379810441981,0.012236170534886567,-0.4067796610169492,25.2910965238982,-424.41621354166665,690.575533898305,0.0,0.0,0.0,0.030918931368033163,1.0817438692098094,-0.00046061722708429296,212.20810677083333,0.4658597144630664,0.0,-84.1889081455806,3221.0,0.0,0.402803738317757,-2.7777777777777777,1.4,-84.1889081455806,3221.0,0.0,REIT—Residential,Real Estate,IRT
2011Q2,2011,Q2,2011-08-08,2011-06-30,27000.0,2174000.0,235000.0,0.0,1070000.0,0.4921803127874885,104514000.0,169000.0,2819000.0,1259000.0,66151000.0,0.0,-31000.0,81487913.0,144418913.0,0.017524684918608726,2.239078633836378,0.6178598082553534,382.10059171597635,-0.0005185257100492487,0.017524684918608726,0.15976331360946747,37.48294066237351,754.5177129629628,482.17699999999996,0.0,0.0,0.0,0.020801041008860058,1.6409849086576649,0.00025833859578621045,143.2966152363602,0.4921803127874885,1.0,157.0693641618497,0.0,0.0,43.8,1.4273233730058243,4.719178298990283,157.0693641618497,0.0,0.0,REIT—Residential,Real Estate,IRT
2011Q1,2011,Q1,2011-05-12,2011-03-31,-63184.0,0.0,-63186.0,-0.01,-25000.0,0.0,156216.0,141738.0,156216.0,12478.0,12478.0,0.0,-58262.0,81487913.0,81336154.0,0.01469771473960807,12.519313992627023,0.0,0.0,-0.44579435296109726,0.01469771473960807,-0.4457802424191113,0.0,-322.4230540959736,574.9193088656534,0.0,0.0,0.0,0.0,12.519313992627023,-0.40446561171710965,-1413.101532965699,0.0,0.0,-26.13285600636436,-1.0,0.0,-24999.0,-301.3157894736842,-841.48,-26.13285600636436,-1.0,0.0,REIT—Residential,Real Estate,IRT
2010Q4,2010,Q4,2011-03-25,2010-12-31,-209.0,-1.0,-75.0,0.0,-1.0,1.0,209425.0,204922.0,209425.0,2503.0,2503.0,0.0,4922.0,81487913.0,81278488.0,0.0212496655792375,83.66959648421894,0.0,0.0,-0.0010199002547310685,0.0212496655792375,-0.0010199002547310685,-81487913.0,-97473.58014354066,397.65331687178536,0.0,0.0,0.0,-4.774979109466396e-06,83.66959648421894,-0.0009979706338784768,0.0,1.0,0.0,0.0,0.0,0.0,0.0,0.8236286919831224,0.7950819672131147,0.0,0.0,0.0,REIT—Residential,Real Estate,IRT
2010Q3,2010,Q3,2010-11-15,2010-09-30,-1185.0,0.0,-366.0,0.0,0.0,0.0,1339425.0,205131.0,1339425.0,1132294.0,1132294.0,0.0,5131.0,81487913.0,81278488.0,0.021271338118574713,1.1829304050008214,0.0,0.0,-0.005776796291150533,0.021271338118574713,-0.005776796291150533,0.0,-17191.542827004218,397.2481633687741,0.0,0.0,0.0,0.0,0.1849563805866674,-0.0008847079903690016,-577928.4609929078,0.0,0.0,-3.053726169844021,-1.0,0.0,-1.0,-1.45489443378119,-1.134065934065934,-3.053726169844021,-1.0,0.0,REIT—Residential,Real Estate,IRT
2010Q2,2010,Q2,2010-08-12,2010-06-30,2605.0,2730.0,2730.0,0.0,2730.0,1.0,236566.0,206316.0,236566.0,28250.0,28250.0,0.0,6316.0,81487913.0,81278347.0,0.021394218305725906,8.374017699115043,0.0,0.0,0.012626262626262626,0.021394218305725906,0.012626262626262626,29849.05238095238,7820.337140115162,394.9665222280385,0.0,0.0,0.0,0.011540119881977968,7.418265486725664,0.011011726114488134,20899.695562964862,1.0,0.0,16.057803468208093,0.0,0.0,0.034482758620689655,0.03619729514717582,0.034482758620689655,16.057803468208093,0.0,0.0,REIT—Residential,Real Estate,IRT
2010Q1,2010,Q1,2010-06-25,2010-03-31,2514.0,2639.0,2639.0,0.0,2639.0,1.0,,,,,,,,81487913.0,,,0.0,0.0,0.0,0.0,,0.0,30878.330049261083,8103.412191726332,0.0,0.0,0.0,0.0,0.0,0.0,0.0,0.0,1.0,0.0,0.0,0.0,0.0,0.0,0.0,0.0,0.0,0.0,0.0,REIT—Residential,Real Estate,IRT
2009Q3,2009,Q3,2009-09-30,2009-09-30,577.0,1000.0,900.0,0.0,1000.0,1.0,,,,,,,,81487913.0,,,0.0,0.0,0.0,0.0,,0.0,81487.913,35306.72140381282,0.0,,0.0,,0.0,0.0,0.0,0.0,1.0,0.0,0.0,0.0,0.0,0.0,4.335260115606936,0.0,0.0,0.0,0.0,REIT—Residential,Real Estate,IRT
2009Q2,2009,Q2,2009-06-30,2009-06-30,-173.0,0.0,0.0,0.0,0.0,0.0,,,,,,,,81487913.0,,,0.0,0.0,0.0,0.0,,0.0,0.0,-117757.09971098264,0.0,,0.0,,0.0,0.0,0.0,0.0,0.0,0.0,0.0,0.0,0.0,0.0,0.0,0.0,0.0,0.0,0.0,REIT—Residential,Real Estate,IRT
