Quarters,Year,Quarter,FillingDate,Date,NetIncome,Revenue,OperatingIncome,EPSDiluted,GrossProfit,GrossProfitRatio,TotalAssets,CommonStockEquity,CurrentAssets,CurrentLiability,TotalLiability,Inventory,RetainedEarnings,MarketCap,EnterpriseValue,bookValuePerShare,currentRatio,debtToAssets,debtToEquity,roic,shareholdersEquityPerShare,roe,priceToSalesRatio,peRatio,pbRatio,payoutRatio,inventoryTurnover,dividendYield,assetTurnover,quickRatio,returnOnAssets,priceToFreeCashFlowsRatio,grossProfitMargin,epsdilutedGrowth,fiveYNetIncomeGrowthPerShare,fiveYRevenueGrowthPerShare,fiveYShareholdersEquityGrowthPerShare,grossProfitGrowth,netIncomeGrowth,operatingIncomeGrowth,threeYNetIncomeGrowthPerShare,threeYRevenueGrowthPerShare,threeYShareholdersEquityGrowthPerShare,Industry,Sector,Symbol
2023Q1,2023,Q1,2023-05-04,2023-03-31,714000.0,22727000.0,946000.0,0.01,8525000.0,0.3751045013,141799000.0,110855000.0,52802000.0,13199000.0,29929000.0,0.0,-3752000.0,88168600.54,77310600.54,14.094411643022774,4.000454579892416,0.041558826225854904,0.053159532722926346,0.003696301569665684,14.094411643022774,0.006440846150376618,3.8794649773397283,30.871358732492997,0.7953506881962925,2.57703081232493,0.0,0.020869107468312775,0.16027616555829025,3.6010303810894766,0.005035296440736536,-27.020717296965984,0.37510450125401507,1.025,-0.9058884347887985,-0.2880190068250311,-0.25283962853332104,-0.08579088471849866,1.2282608695652173,-0.8582134292565947,-0.3068438600687324,0.4586363178587055,-0.14302496102891604,Capital Markets,Financial Services,WHG
2022Q4,2022,Q4,2023-03-13,2022-12-31,-3128000.0,20456000.0,6672000.0,-0.4,9325000.0,0.4558564724,146332000.0,110648000.0,58038000.0,17422000.0,35684000.0,0.0,-4253000.0,86570585.36649999,68775585.36649999,14.230256528642045,3.331305246240386,0.04144001312084848,0.05480442484274456,0.03941212429472369,14.230256528642045,-0.028269828645795678,4.232038784048689,-6.919004584918477,0.78239629606048,-0.3727621483375959,0.0,0.01346877805046244,0.13979170653035564,3.059292848123063,-0.021376048984500996,2.381322147947956,0.4558564724286273,-1.6666666666666667,-2.1361162889986143,-0.36533253362548296,-0.25557240350849636,0.5858843537414966,-1.662127659574468,7.166358595194085,-2.3281835714284207,0.18557864881981762,-0.19492467875551914,Capital Markets,Financial Services,WHG
2022Q3,2022,Q3,2022-10-26,2022-09-30,-1175000.0,15406000.0,-1082000.0,-0.15,5880000.0,0.3816694794,130987000.0,113507000.0,86540000.0,11986000.0,17480000.0,569000.0,-970000.0,75056797.80000001,59010797.80000001,14.563269977393041,7.220090105122643,0.049043034804980644,0.056595628463442786,-0.009854780448304725,14.563269977393041,-0.01035178447144229,4.871919888355187,-15.96953144680851,0.6612525905891267,-1.0170212765957447,16.74165202108963,0.01592127608726734,0.11761472512539413,6.951777073252128,-0.00897035583683877,23.92629831048773,0.3816694794236012,-2.15126050420168,-1.298148079570234,-0.5177155343577633,-0.23432396354161553,-0.09119010819165378,-2.1084656084656084,-9.403846153846153,-2.1381050380099045,-0.16206738418080952,-0.18161388997111394,Capital Markets,Financial Services,WHG
2022Q2,2022,Q2,2022-07-27,2022-06-30,-378000.0,15603000.0,-104000.0,-0.0476,6470000.0,0.4146638467,129925000.0,115718000.0,85375000.0,9682000.0,14207000.0,587000.0,1493000.0,109630125.60000001,93202125.60000001,14.566328290332635,8.817909522825863,0.04269386184337118,0.04793549836671909,-0.0006768607161417783,14.566328290332635,-0.0032665618140652274,7.026220957508172,-72.50669682539683,0.9473904284553829,-3.417989417989418,15.5587734241908,0.011785081818787953,0.12009236097748702,8.55928527163809,-0.00290937079084087,33.03107128653209,0.4146638466961482,-8.555555555555555,-1.0563535146231455,-0.5247921673628052,-0.21382438991777208,-0.05986631793083406,-8.56,-1.2506024096385542,-1.2159618522658677,-0.2358125399843955,-0.20099168625455208,Capital Markets,Financial Services,WHG
2022Q1,2022,Q1,2022-04-27,2022-03-31,50000.0,17216000.0,415000.0,0.0063,6882000.0,0.3997444238,131016000.0,117260000.0,85871000.0,8829000.0,13756000.0,235000.0,3162000.0,120494465.68,105250465.68,14.908761077631596,9.72601653641409,0.045063198387983144,0.05034965034965035,0.00027065314355734894,14.908761077631596,0.00042640286542725567,6.998981510223048,602.4723284,1.0275837086815622,39.44,43.97446808510638,0.01636589688058443,0.13140379800940344,9.426775399252463,0.00038163277767600906,13.786552137299772,0.39974442379182157,-0.9825,-0.9915442667899372,-0.45881117772424507,-0.16974054917984566,-0.22778276481149012,-0.9822253821542837,-0.8708372237784002,-0.8643738731355856,-0.23284197063253592,-0.2013093719352348,Capital Markets,Financial Services,WHG
2021Q4,2021,Q4,2022-03-04,2021-12-31,2813000.0,19391000.0,3213000.0,0.36,8912000.0,0.4595946573,139605000.0,117906000.0,93861000.0,15842000.0,21699000.0,0.0,4362000.0,132858166.98,123785166.98,15.033533017963967,5.9248200984724155,0.043931091293291785,0.05201601275592421,0.02160987001812986,15.033533017963967,0.023857988567163674,6.851537671084524,11.807515728759332,1.1268143010533815,0.28688233202986135,0.0,0.006074146726120969,0.1388990365674582,5.783045070066911,0.020149708105010565,-76.39917595169638,0.45959465731524934,0.5,-0.6218483607749581,-0.36474939148077534,-0.17781151059485462,0.17386722866174922,0.4970729111229377,0.571917808219178,-0.444471078148523,-0.20636898815331034,-0.2178622276049781,Capital Markets,Financial Services,WHG
2021Q3,2021,Q3,2021-10-27,2021-09-30,1879000.0,17860000.0,2044000.0,0.24,7592000.0,0.4250839865621501,135262000.0,115728000.0,88870000.0,13297000.0,19534000.0,0.0,2769000.0,149857921.0,137895921.0,14.67277795746279,6.683462435135745,0.04804749301355887,0.05615754182220379,0.012642396134003718,14.67277795746279,0.016236347297110466,8.390701063829788,19.938520622671632,1.2949149816811834,10.913251729643427,0.0,0.13683627707607127,0.13204004080968787,6.493193953523351,0.01389155860478183,6.729440971754457,0.4250839865621501,1.0,-0.6764346209904692,-0.4302322510156998,-0.16707723526164991,0.04760590589209328,0.9371134020618557,1.6272493573264781,-0.6270875577678945,-0.36265948496540396,-0.25129404315950066,Capital Markets,Financial Services,WHG
2021Q2,2021,Q2,2021-07-27,2021-06-30,970000.0,17484000.0,778000.0,0.12,7247000.0,0.41449325097231754,152264000.0,134676000.0,104657000.0,11889000.0,17588000.0,0.0,1757000.0,171572616.96,161183616.96,17.08052142541616,8.802842964084448,0.045040193348394895,0.050922213311948676,0.0035915142150596386,17.08052142541616,0.007202471115863257,9.813121537405628,44.21974663917526,1.2739657916778047,0.843298969072165,0.0,0.004767660565500999,0.11482687963011612,8.595676675918916,0.0063705143697788055,29.93764036991799,0.41449325097231754,-0.7692307692307693,-0.8261434332479315,-0.4281665915870062,-0.007035325580497062,0.07029980800472604,-0.7634723238234576,0.011703511053315995,-0.8707107522702802,-0.4314835255216657,-0.10971244208959066,Capital Markets,Financial Services,WHG
2021Q1,2021,Q1,2021-04-28,2021-03-31,4101000.0,18319000.0,769000.0,0.52,6771000.0,0.3696162454282439,149664000.0,133445000.0,101537000.0,10195000.0,16219000.0,0.0,1605000.0,114046656.24000001,108271656.24000001,16.919520164969285,9.959489946051987,0.04820130425486423,0.054059724980328974,0.0030406152108295695,16.919520164969285,0.030731762149200044,6.22559398657132,6.952368705193855,0.8546341656862377,0.19531821506949523,0.0,0.007023441338905843,0.12240084455847766,9.672682687591957,0.027401379089159718,-16.167657533314433,0.3696162454282439,0.44444444444444453,0.16076417369857798,-0.3730689713731964,0.031143580016762745,-0.14744396877360866,0.45683836589698046,-0.6676750216076058,-0.4609505277749886,-0.42770214001515294,-0.10307749683510573,Capital Markets,Financial Services,WHG
2020Q4,2020,Q4,2021-03-04,2020-12-31,2815000.0,17113000.0,2314000.0,0.36,7942000.0,0.4640916262490504,149152000.0,130711000.0,96314000.0,11794000.0,18441000.0,0.0,-1695000.0,113536667.5,108359667.5,16.693369126762505,8.166355774122435,0.05255712293499249,0.05997199929615717,0.017463604450038837,16.693369126762505,0.021536060469279555,6.634527406065565,10.083185390763765,0.8686083611937787,0.0,0.0,0.0,0.11473530358292212,7.945395964049517,0.01887336408496031,-42.222635738192636,0.4640916262490504,1.2748091603053433,-0.4007044918208153,-0.45904121860209446,-0.02641946564593182,0.33726216534770165,1.2735931577412771,1.572347266881029,0.015306437830111208,-0.472752692632638,-0.12671956184565294,Capital Markets,Financial Services,WHG
2020Q3,2020,Q3,2020-10-28,2020-09-30,-10289000.0,15454000.0,-4043000.0,-1.31,5939000.0,0.38430179888701954,144384000.0,126492000.0,89800000.0,10798000.0,17892000.0,0.0,-4624000.0,87220384.92,79841384.92,16.15586632978597,8.316354880533432,0.011739527925531915,0.013400056920595768,-0.03666405014707785,16.15586632978597,-0.08134111248142176,5.643871160864501,-2.119262924482457,0.6895328156721374,0.0,0.0,0.0,0.10703402039007093,8.064271161326172,-0.07126135859929078,-3.0136267334669338,0.38430179888701954,-2.9696969696969697,-2.463152582705656,-0.5250661617981716,-0.030645661456605983,0.1672562893081761,-2.9957281553398056,-0.89456419868791,-3.598951969764669,-0.5184013902645909,-0.15059188519168276,Capital Markets,Financial Services,WHG
2020Q2,2020,Q2,2020-07-29,2020-06-30,-2575000.0,15875000.0,-2134000.0,-0.33,5088000.0,0.320503937007874,147421000.0,131429000.0,87378000.0,8678000.0,15992000.0,0.0,5615000.0,124105243.5,88788243.5,16.679446344263447,10.068909887070754,0.011300967976068539,0.012676045621590365,-0.021341975230888165,16.679446344263447,-0.019592327416323642,7.8176531338582675,-12.049052766990291,0.9442759474697365,-1.444271844660194,0.0,0.02996650177798491,0.10768479388960867,9.783936390873473,-0.017466982315952274,12.093670190995907,0.320503937007874,-3.5384615384615383,-1.2604314876902831,-0.5785000342377454,0.04703842531348475,0.27168207948012996,-3.336660617059891,-6.1298076923076925,-1.3870327296753093,-0.5125495584132062,-0.0997749299500612,Capital Markets,Financial Services,WHG
2020Q1,2020,Q1,2020-04-29,2020-03-31,1102000.0,16669000.0,416000.0,0.13,4001000.0,0.24002639630451736,157802000.0,138389000.0,96386000.0,11698000.0,19413000.0,0.0,8166000.0,154067535.82999998,117877535.82999998,16.446700314568144,8.239528124465721,0.010278703691968417,0.011720584728555016,-3.078026279567871,16.446700314568144,0.007963060647883864,9.242758163657086,34.95180032441016,1.1132932229440202,6.646098003629764,0.0,0.04753759421505509,0.10563237474810205,7.997948367242263,0.0069834349374532645,13.390190842169302,0.24002639630451736,-0.5666666666666667,-0.8226653317610261,-0.49175233973309,0.14694064101306173,-0.38672593500919683,-0.5663124754033845,1.4346917450365726,-0.8257998980551902,-0.5102080382349531,-0.08409368827672947,Capital Markets,Financial Services,WHG
2019Q4,2019,Q4,2020-02-20,2019-12-31,2541000.0,18616000.0,-957000.0,0.3,6524000.0,0.35045122475290075,178707000.0,148287000.0,116961000.0,21355000.0,30420000.0,0.0,10967000.0,248491717.64000002,208071717.64000002,17.675683446171217,5.476984312807305,0.008863670701203646,0.01068198830645977,-0.004137929823387753,17.675683446171217,0.01713568957494588,13.348287367855608,24.44822094057458,1.6757484987895095,2.404565131837859,0.0,0.024588344666085827,0.10417051374596406,5.304003746195271,0.014218805083180849,-163.91274250659632,0.35045122475290075,1.3076923076923075,-0.6151250936922718,-0.403640389634479,0.2205444483944209,-0.16572890025575449,1.2748433303491495,-1.627129750982962,-0.6806632458733275,-0.42986298177903337,-0.03331150073336142,Capital Markets,Financial Services,WHG
2019Q3,2019,Q3,2019-10-30,2019-09-30,1117000.0,19892000.0,1526000.0,0.13,7820000.0,0.3931228634626986,177313000.0,150059000.0,117661000.0,17996000.0,27254000.0,0.0,14812000.0,233329986.66000003,184669986.66000003,17.7951089332137,6.538175150033341,0.008764162808141535,0.010355926668843588,0.006777350053830793,17.7951089332137,0.007443738796073544,11.729840471546352,52.222467918531784,1.5549216418875245,5.478066248880931,0.0,0.026224661851613547,0.11218579573973708,6.339631029117582,0.006299594502377152,19.686971537293285,0.3931228634626986,-0.40909090909090906,-0.8599547066373492,-0.36874391888641356,0.27661483823356947,-0.2430548833607589,-0.399785061794734,-0.40829778984102366,-0.8200908942559069,-0.40644691833091146,0.010166675624898007,Capital Markets,Financial Services,WHG
2019Q2,2019,Q2,2019-07-31,2019-06-30,1861000.0,21709000.0,2579000.0,0.22,10331000.0,0.47588557741029064,179486000.0,153986000.0,121094000.0,16016000.0,25500000.0,0.0,20054000.0,290647850.09999996,244422850.09999996,18.230509044456888,7.560814185814186,0.008474198544733294,0.009877521333108204,0.010912651675594597,18.230509044456888,0.012085514267530814,13.388357367911924,39.044579540569586,1.887495292429182,3.3175711982804943,0.0,0.02124220082094459,0.12095093767759045,7.342157842157842,0.010368496707264077,28.59300050172159,0.47588557741029064,3.3999999999999995,-0.8121081378049217,-0.3743380819076148,0.399606566948187,0.1166234327712927,3.747448979591837,0.7239304812834224,-0.6886331448762447,-0.33721115910781485,0.05981843451772051,Capital Markets,Financial Services,WHG
2019Q1,2019,Q1,2019-04-24,2019-03-31,392000.0,23862000.0,1496000.0,0.05,9252000.0,0.3877294443047523,181149000.0,156110000.0,122071000.0,15342000.0,25039000.0,0.0,24537000.0,300486506.37,258552506.37,18.666503091135127,7.956654934167644,0.008490248359085614,0.009852027416565242,0.0023314598388199962,18.666503091135127,0.002511049900711037,12.59267900301735,191.63680253188775,1.9248382958811094,19.607142857142858,0.0,0.02557851962422548,0.1317258168689863,7.664254986312084,0.0021639644712363854,28.634124868496283,0.3877294443047523,-0.9218749999999999,-0.9391657107033932,-0.17814412211672961,0.5542419425845152,-0.28923715141737727,-0.9275817476445594,-0.8103448275862069,-0.8953626337962785,-0.22985703955627512,0.1376117428931818,Capital Markets,Financial Services,WHG
2018Q4,2018,Q4,2019-02-21,2018-12-31,5413000.0,26119000.0,7888000.0,0.64,13017000.0,0.49837283203798,190485000.0,161149000.0,139739000.0,25695000.0,29336000.0,0.0,30525000.0,285055048.0,232606048.0,19.221080413913597,5.438373224362716,0.0,0.0,0.03359003158567537,19.221080413913597,0.03359003158567537,10.913704506298098,13.165298725290965,1.7688912000695007,1.0707555883983004,0.0,0.020332914784936557,0.13711840827361735,5.318505545826036,0.028416935716723102,17.706382259767686,0.49837283203798,0.03225806451612906,-0.19071125585592205,-0.09380042578798954,0.5929247296819824,-0.15528877352368592,0.00838301043219076,0.10306250874003636,0.07626439162756758,-0.2288961145634772,0.1210001766653408,Capital Markets,Financial Services,WHG
2018Q3,2018,Q3,2018-10-24,2018-09-30,5368000.0,29854000.0,7151000.0,0.62,15410000.0,0.5161787365177196,192627000.0,164672000.0,141818000.0,24740000.0,27955000.0,0.0,31549000.0,430386140.34,382300140.34,19.59751732092684,5.732336297493937,0.0,0.0,0.03259813447337738,19.59751732092684,0.03259813447337738,14.416364317679372,20.044063913002983,2.6135963633161676,1.071162444113264,0.0,0.01336009564680119,0.15498346545396025,5.615238480194018,0.0278673290867843,67.04878335254712,0.5161787365177196,-0.3404255319148936,0.09080989515301875,0.139284594015679,0.7312807115037144,-0.14890091682315254,-0.3283283283283283,-0.34610460863204096,-0.2887159614744895,-0.14511275212950925,0.17585390049283814,Capital Markets,Financial Services,WHG
2018Q2,2018,Q2,2018-07-25,2018-06-30,7992000.0,32760000.0,10936000.0,0.94,18106000.0,0.5526862026862027,184267000.0,161141000.0,133570000.0,20100000.0,23126000.0,0.0,32315000.0,500085271.92,452784271.92,19.18539832849713,6.645273631840796,0.0,0.0,0.0495963162696024,19.18539832849713,0.0495963162696024,15.26511819047619,15.643308055555556,3.103401815304609,0.7185935935935935,0.0,0.011484041467469418,0.17778549604649774,6.5530845771144275,0.043371846288266486,72.24577750939035,0.5526862026862027,0.0107526881720429,0.4334051569253083,0.22118819564250006,0.7751862583009106,0.14536943319838055,0.0017548257708698922,0.09766134698384021,-0.24169124071536494,-0.1839776726418107,0.20434748493857532,Capital Markets,Financial Services,WHG
2018Q1,2018,Q1,2018-04-25,2018-03-31,7978000.0,33567000.0,9963000.0,0.93,15808000.0,0.4709387195757738,175116000.0,156020000.0,129629000.0,16313000.0,19096000.0,0.0,30491000.0,467217096.57,415667096.57,18.86397108475572,7.946361797339545,0.0,0.0,0.04857945303802254,18.86397108475572,0.05113446993975131,13.918941119849853,14.6407964580722,2.9945974655172414,0.9190273251441464,0.0,0.015692918888942017,0.19168436921811827,7.626555507877153,0.04555837273578656,443.7009464102564,0.4709387195757738,1.7352941176470589,1.481182279107667,0.47138960798559465,0.8145730291192718,-0.1136032297858024,1.7538833275802554,0.01787903555373927,0.3061159256746561,0.04124759345906018,0.31551342665598375,Capital Markets,Financial Services,WHG
2017Q4,2017,Q4,2018-02-23,2017-12-31,2897000.0,33914000.0,9788000.0,0.34,17834000.0,0.525859527038981,192659000.0,156396000.0,138114000.0,31531000.0,36263000.0,0.0,28607000.0,541700160.66,487451160.65999997,19.115702582372574,4.380260695823158,0.0,0.0,0.0185234916494028,19.115702582372574,0.0185234916494028,15.972759351890074,46.746648313772866,3.4636445987109643,1.772868484639282,0.0,0.009481259879528869,0.17603122615605812,4.035171735752117,0.015036930535298117,68.29301067322238,0.525859527038981,-0.3061224489795918,-0.2957499726953834,0.44028605305141616,0.7894411179388057,-0.0031859594209379016,-0.29888673765730883,0.002766110029710071,-0.5500596791341307,0.11401837738228798,0.3199809068275468,Capital Markets,Financial Services,WHG
2017Q3,2017,Q3,2017-10-25,2017-09-30,4132000.0,33492000.0,9761000.0,0.49,17891000.0,0.534187268601457,191362000.0,155429000.0,130697000.0,32383000.0,35933000.0,0.0,31759000.0,549717591.43,498281591.42999995,19.020145967679863,4.035975666244634,0.0,0.0,0.0451132063921677,19.020145967679863,0.026584485520720073,16.413399959094708,33.25977682901742,3.5367762221335783,1.2374152952565343,0.0,0.00930113949364322,0.17501907379730564,3.8426334805299076,0.02159258368955174,44.572901275439875,0.534187268601457,-0.40963855421686746,0.4788064793785673,0.5846141690508149,0.8842724609328984,-0.016924006813561186,-0.4008120649651972,-0.07767173769252575,-0.46541244151109235,0.0967594790657407,0.36449856299493955,Capital Markets,Financial Services,WHG
2017Q2,2017,Q2,2017-07-26,2017-06-30,6896000.0,33756000.0,10583000.0,0.83,18199000.0,0.539133783623652,175932000.0,151324000.0,113783000.0,21227000.0,24608000.0,0.0,33142000.0,463002933.13,419859933.13,18.528084697017132,5.360295849625477,0.0,0.0,0.04557109249028574,18.528084697017132,0.04557109249028574,13.716166996385828,16.78519914189385,3.0596794502524385,0.7410092807424594,0.0,0.011036647144879395,0.19186958597639997,5.27012766759316,0.039196962462769706,27.582683970570713,0.539133783623652,0.13698630136986298,1.7514355214051656,0.47529865118466785,0.8588918458317306,0.22091775124111096,0.13720316622691292,0.36203346203346204,-0.2799477573548491,0.006134493537571538,0.42245227226950094,Capital Markets,Financial Services,WHG
2017Q1,2017,Q1,2017-04-26,2017-03-31,6064000.0,32623000.0,7770000.0,0.73,14906000.0,0.4569168991202526,166104000.0,144836000.0,103006000.0,18077000.0,21268000.0,0.0,31756000.0,430795713.25,400169713.25,17.956749619536748,5.698180007744648,0.0,0.0,0.04186804385649977,17.956749619536748,0.04186804385649977,13.205275825337951,17.760377360240764,2.974369032906184,1.0824538258575198,0.0,0.01523692041984357,0.19640104994461302,5.566189080046468,0.03650724847083755,43.999153635992236,0.4569168991202526,-0.20652173913043484,0.4437118629511686,0.6456307819004072,0.8576673826099346,-0.11389846629413863,-0.19968325194668074,-0.2804889341605704,-0.024245581917224198,0.1650154433155276,0.49514524894739503,Capital Markets,Financial Services,WHG
2016Q4,2016,Q4,2017-02-23,2016-12-31,7577000.0,31092000.0,10799000.0,0.92,16822000.0,0.5410394956902097,179678000.0,146069000.0,115957000.0,29668000.0,33609000.0,0.0,31881000.0,479233594.42,445554594.42,18.284776802021092,3.9084872589995956,0.0,0.0,0.05187274507253421,18.284776802021092,0.05187274507253421,15.413405198121703,15.812115428929657,3.2808713308094117,0.6090801108618187,0.0,0.009629959280265766,0.17304288783267846,3.8288054469462045,0.04216988167722259,58.0467047504845,0.5410394956902097,0.2777777777777779,0.6744957089949555,0.6647392546324201,0.8782623955693489,0.042255266418835195,0.28707321216239173,0.1928642438970507,0.18889687857030224,0.13213285492689505,0.5153296546000163,Capital Markets,Financial Services,WHG
2016Q3,2016,Q3,2016-10-26,2016-09-30,5887000.0,31777000.0,9053000.0,0.72,16140000.0,0.5079145293765931,169698000.0,140852000.0,105706000.0,25483000.0,28846000.0,0.0,29682000.0,424650564.8,393958564.8,17.616012646829287,4.148098732488325,0.0,0.0,0.04179564365433221,17.616012646829287,0.04179564365433221,13.363456739150958,18.03340261593341,3.014870678442621,0.7720400883302191,0.0,0.01070291759093876,0.18725618451602258,4.05568418161127,0.03469103937583236,55.14226266718608,0.5079145293765931,0.04347826086956526,0.6183504705547391,0.7870693390563757,0.9110553274191256,0.01413760603204524,0.03992227521639286,0.06355733082706767,0.2571696738929459,0.27440036965121617,0.5562309454623643,Capital Markets,Financial Services,WHG
2016Q2,2016,Q2,2016-07-27,2016-06-30,5661000.0,31023000.0,8512000.0,0.69,15915000.0,0.5130064790639203,162028000.0,137616000.0,97459000.0,21332000.0,24412000.0,0.0,28862000.0,414411085.2,385287085.2,17.201539858808776,4.5686761672604534,0.0,0.0,0.04113620509243111,17.201539858808776,0.04113620509243111,13.358188608451794,18.3011431372549,3.0113583100802233,0.8051580992757463,0.0,0.010998740532725499,0.19146690695435356,4.467466716669792,0.03493840570765547,32.454466692771554,0.5130064790639203,0.568181818181818,0.32311390868314077,0.43678673613880525,0.8065603501351265,0.259596359319351,0.6073253833049403,0.5076160113354587,0.06595843857344068,0.2141046630836491,0.5916238305887042,Capital Markets,Financial Services,WHG
2016Q1,2016,Q1,2016-04-27,2016-03-31,3522000.0,29129000.0,5646000.0,0.44,12635000.0,0.4337601702770435,164452000.0,129011000.0,99239000.0,32722000.0,35441000.0,0.0,28204000.0,461132633.84999996,434707633.84999996,16.408500710147692,3.0327913941690605,0.0,0.0,0.027299997674616893,16.408500710147692,0.027299997674616893,15.830705957980019,32.73229939310051,3.574366789266031,1.625212947189097,0.0,0.012412914592945372,0.17712767251234401,2.963633029765907,0.021416583562376863,27.371795206861755,0.4337601702770435,-0.24137931034482754,-0.12440107677956701,0.5110146008381021,0.8223247316713164,-0.18541680097994973,-0.24855984638361425,-0.34257102934326966,0.15224093605972158,0.3431670876117442,0.5783751312564095,Capital Markets,Financial Services,WHG
2015Q4,2015,Q4,2016-02-25,2015-12-31,4687000.0,31566000.0,8588000.0,0.58,15511000.0,0.4913831337515048,181336000.0,133967000.0,117604000.0,44853000.0,47369000.0,0.0,29674000.0,406986566.78000003,384246566.78000003,17.14636698014704,2.621987381000156,0.0,0.0,0.03498622795165974,17.14636698014704,0.03498622795165974,12.893194157637966,21.708265776616173,3.037961339583629,0.7582675485385107,0.0,0.008732474951491811,0.17407464596108882,2.556752056718614,0.025847046366965193,121.09091543588218,0.4913831337515048,-0.33333333333333337,0.2784918123305625,0.8163837863173952,0.9603233923274629,-0.0747986877423203,-0.3316697561671182,-0.18225099980956008,0.19311687941205222,0.4037796767949182,0.6050895312546314,Capital Markets,Financial Services,WHG
2015Q3,2015,Q3,2015-10-28,2015-09-30,7013000.0,32451000.0,10502000.0,0.87,16765000.0,0.5166250654833441,166217000.0,130137000.0,109280000.0,33550000.0,36080000.0,0.0,29917000.0,424377789.65000004,400494789.65000004,16.666626111214065,3.2572280178837554,0.0,0.0,0.05388936274848813,16.666626111214065,0.05388936274848813,13.077494981664664,15.12825430094111,3.261007935099165,0.6162840439184372,0.0,0.010184321859927006,0.19523273792692686,2.9906706408345753,0.04219183356696367,64.22182046761502,0.5166250654833441,-0.2926829268292683,1.2927580335678006,1.0465597997020213,1.0917889523300133,-0.19395163229001394,-0.2840224604389995,-0.28809652928416485,1.6267574946794536,0.6068511430377275,0.6511158563867027,Capital Markets,Financial Services,WHG
2015Q2,2015,Q2,2015-07-29,2015-06-30,9795000.0,37311000.0,14752000.0,1.23,20799000.0,0.5574495457103803,156109000.0,124351000.0,97650000.0,29435000.0,31758000.0,0.0,27225000.0,465005266.67,442238266.67,15.930118648004344,3.3174791914387636,0.0,0.0,0.07876896848437086,15.930118648004344,0.07876896848437086,12.462953731339283,11.868434575548749,3.7394573961608675,0.396937212863706,0.0,0.008361195622240542,0.239006079085767,3.0865296415831494,0.06274462074576097,15.100024895924664,0.5574495457103803,0.7323943661971831,2.30210250878282,1.3766695314896187,1.0644350026334812,0.4545772431638576,0.7459893048128342,0.7608021007400334,3.08896639119718,0.7061329475836612,0.5982422437152726,Capital Markets,Financial Services,WHG
2015Q1,2015,Q1,2015-04-29,2015-03-31,5610000.0,29608000.0,8378000.0,0.71,14299000.0,0.48294379897325046,126858000.0,108927000.0,105850000.0,15801000.0,17931000.0,0.0,21685000.0,458052246.9,438445246.9,14.339626416970644,6.698943104866781,0.0,0.0,0.05150238232944999,14.339626416970644,0.05150238232945,15.470556839367738,20.412310467914438,4.205130471783855,0.8654188948306596,0.0,0.010599227561610287,0.2333948194043734,6.232896652110626,0.04422267417112047,33.94739842140369,0.48294379897325046,-0.06578947368421058,0.6413647151054884,0.922486668512393,0.9485478075241343,-0.010038770423705344,-0.061559049849447975,-0.11577836411609499,0.4181928226584203,0.585873958740239,0.4834676006528486,Capital Markets,Financial Services,WHG
2014Q4,2014,Q4,2015-02-26,2014-12-31,5978000.0,28265000.0,9475000.0,0.76,14444000.0,0.5110206969750575,139874000.0,110007000.0,118764000.0,27204000.0,29867000.0,0.0,20317000.0,469598505.86,451467505.86,14.48180233781973,4.3656815174239085,0.0,0.0,0.05434199641840974,14.48180233781973,0.05434199641840974,16.614134295418364,19.638612657243225,4.26880567472979,0.5562060889929742,0.0,0.007080516565764527,0.20207472439481247,4.127738567857668,0.04273846461815634,85.16476348567284,0.5110206969750575,-0.1739130434782609,0.8853051925847414,0.9063988061722582,0.9992496475121747,-0.024910551542563966,-0.160157347569542,-0.10545694864048338,0.38935538728509966,0.5915388270003423,0.4876104338439879,Capital Markets,Financial Services,WHG
2014Q3,2014,Q3,2014-10-23,2014-09-30,7118000.0,28122000.0,10592000.0,0.92,14813000.0,0.5267406301116564,132615000.0,104900000.0,109477000.0,25354000.0,27715000.0,0.0,18506000.0,426619971.40999997,410134971.40999997,13.939293513019553,4.317937997949041,0.0,0.0,0.06785510009532889,13.939293513019553,0.06785510009532889,15.170328262925821,14.983842772197246,4.066920604480457,0.47007586400674345,0.0,0.00784304585868614,0.2120574595633978,4.076989824090873,0.0536741695886589,103.90160044081831,0.5267406301116564,-0.19298245614035078,1.6171557496837146,1.0553739803317583,1.1026327596293621,-0.1950768896375591,-0.19315347993652232,-0.2279320650193163,1.0790130032008982,0.6803331406836618,0.5121901682620328,Capital Markets,Financial Services,WHG
2014Q2,2014,Q2,2014-07-30,2014-06-30,8822000.0,30905000.0,13719000.0,1.14,18403000.0,0.5954699886749717,115193000.0,97995000.0,95536000.0,15008000.0,17198000.0,0.0,18346000.0,451701753.88,435638753.88,13.025452634312893,6.365671641791045,0.0,0.0,0.09002500127557528,13.025452634312893,0.09002500127557528,14.61581471865394,12.800435102017682,4.609436745548242,0.3796191339832238,0.0,0.0074141841851021505,0.2682888717196357,6.031449893390192,0.07658451468405199,235.38392594059405,0.5954699886749717,0.5199999999999999,3.510063204549066,1.582555463148094,0.9992550237254512,0.37274354766522455,0.5318631706893558,0.5376597175521184,1.192611281320094,0.522045993079109,0.36797440606240994,Capital Markets,Financial Services,WHG
2014Q1,2014,Q1,2014-04-17,2014-03-31,5759000.0,25949000.0,8922000.0,0.75,13406000.0,0.5166287718216501,101445000.0,89768000.0,83433000.0,9797000.0,11677000.0,0.0,13136000.0,468571076.34999996,451197076.34999996,12.010036905898321,8.516178421965908,0.0,0.0,0.06415426432581767,12.010036905898321,0.06415426432581767,18.05738472966203,20.34081769187359,5.219800779230906,0.6844938357353707,0.0,0.008412811201892275,0.25579377988072355,7.915382259875472,0.056769678150722064,32.30188034951055,0.5166287718216501,-0.013157894736842117,2.926082121803382,1.6480412829557596,0.9275551035278317,-0.02160268573930813,-0.017235494880546074,-0.014252568776930727,0.5060645276858853,0.4159383527928374,0.33383224150201884,Capital Markets,Financial Services,WHG
2013Q4,2013,Q4,2014-02-28,2013-12-31,5860000.0,25252000.0,9051000.0,0.76,13702000.0,0.542610486298115,116020000.0,88633000.0,96189000.0,24853000.0,27387000.0,0.0,11016000.0,454751051.86999995,443887051.86999995,12.06653400236367,3.8703174667042206,0.0,0.0,0.06611532950481197,12.06653400236367,0.06611532950481198,18.008516231189606,19.400642144624573,5.130719391987183,0.5092150170648464,0.0,0.006561831990776875,0.21765212894328564,3.61670623264797,0.050508533011549735,236.60304467741932,0.542610486298115,0.3333333333333335,-0.02360723715013925,0.2252096912449464,0.9494522381283267,0.30271914812702033,0.35679555452651074,0.33771800177357375,0.7002525026516497,0.5455983813401828,0.37955223380768777,Capital Markets,Financial Services,WHG
2013Q3,2013,Q3,2013-10-17,2013-09-30,4319000.0,22998000.0,6766000.0,0.57,10518000.0,0.45734411687972865,104926000.0,83478000.0,85410000.0,19201000.0,21448000.0,0.0,8732000.0,354349530.0,342340530.0,11.319664795378733,4.448205822613406,0.0,0.0,0.05173818251515369,11.319664795378733,0.05173818251515369,15.407841116618837,20.51108647835147,4.244825343204197,0.7774947904607548,0.0,0.009476518848494028,0.21918304328765034,4.13384719545857,0.04116234298457961,38.533006742061765,0.45734411687972865,-0.12307692307692318,1.0916388685488025,0.9158700495672504,1.0866361934752973,-0.09076763485477178,-0.11477761836441894,-0.1250484934695461,0.4950379536565757,0.5356811493455215,0.4207044428218344,Capital Markets,Financial Services,WHG
2013Q2,2013,Q2,2013-07-18,2013-06-30,4879000.0,23475000.0,7733000.0,0.65,11568000.0,0.49277955271565493,95195000.0,79434000.0,75818000.0,13723000.0,15761000.0,0.0,7677000.0,320527743.48,314394743.48,10.807541033389988,5.524885229177293,0.0,0.0,0.061422061082156254,10.807541033389988,0.061422061082156254,13.654003982108627,16.423844203730273,4.035145447541355,0.6124205779872924,0.0,0.009322125965006966,0.24659908608645412,5.127013043795088,0.05125269184305899,73.80330266635967,0.49277955271565493,0.7105263157894737,1.2890396523772778,0.9753900002965236,1.0241557882619925,0.40099309676638006,0.7222026120720084,0.6386946386946387,0.7468984567049801,0.588138019486077,0.40058379317363085,Capital Markets,Financial Services,WHG
2013Q1,2013,Q1,2013-04-18,2013-03-31,2833000.0,20100000.0,4719000.0,0.38,8257000.0,0.4107960199004975,87516000.0,75756000.0,68397000.0,9896000.0,11760000.0,0.0,6063000.0,313347923.0,307573923.0,10.395818069615864,6.911580436540016,0.0,0.0,0.03739637784465917,10.395818069615864,0.03739637784465917,15.589448905472636,27.651599276385458,4.136278618195258,0.0,0.0,0.0,0.22967228849581792,6.448261924009701,0.03237122354769414,62.110589296333,0.4107960199004975,-0.22448979591836732,0.21489356417403147,0.8463176676100549,1.107021564511144,1.3579417374718223,-0.21371079655842354,-0.19457245263696876,-0.13597134225433666,0.3604721728232114,0.4126413002640248,Capital Markets,Financial Services,WHG
2012Q4,2012,Q4,2013-02-28,2012-12-31,3603000.0,20624000.0,5859000.0,0.49,-23068000.0,-1.1185027152831652,96615000.0,76551000.0,77370000.0,18826000.0,20064000.0,0.0,6455000.0,293090218.0,289273218.0,10.682498792914338,4.109741846382662,0.0,0.0,0.047066661441392016,10.682498792914338,0.047066661441392016,14.211123836307214,20.336540244240908,3.828692218259722,2.3608104357479878,0.0,0.029021780590439222,0.2134658179371733,3.858652926803357,0.037292345909020336,63.49441464471404,-1.1185027152831652,0.44117647058823517,-0.06406766249922119,0.4361632785596239,1.2239279991467673,-2.217887123171955,0.43889776357827476,0.3528053567305472,0.20450804457655333,0.4745427133701021,0.47474612952758793,Capital Markets,Financial Services,WHG
2012Q3,2012,Q3,2012-10-18,2012-09-30,2504000.0,18941000.0,4331000.0,0.34,18941000.0,1.0,91943000.0,73922000.0,74263000.0,16206000.0,18021000.0,0.0,6064000.0,285460090.09999996,278683090.09999996,10.0941590783867,4.5824386029865485,0.0,0.0,0.0338735423825113,10.0941590783867,0.03387354238251129,15.07101473523045,28.500408356629393,3.8616391615486587,1.011182108626198,0.0,0.008869891406231291,0.20600807021741732,4.189744539059608,0.02723426470748181,135.61049410926364,1.0,0.13333333333333347,0.2211604767461871,0.7778928010851849,1.3229028903086544,-0.05606498554769261,0.1392174704276615,0.15431769722814498,-0.053899937606060995,0.42258660813580584,0.5226244815995957,Capital Markets,Financial Services,WHG
2012Q2,2012,Q2,2012-07-19,2012-06-30,2198000.0,20066000.0,3752000.0,0.3,20066000.0,1.0,86102000.0,71391000.0,68244000.0,12793000.0,14711000.0,0.0,6529000.0,266876240.39999998,259738240.39999998,9.9672741792716,5.334479793637145,0.0,0.0,0.030788194590354527,9.9672741792716,0.030788194590354527,13.29992227648759,30.354440445859872,3.738233676513846,0.08371246587807098,0.0,0.0006894581538027392,0.2330491742352094,4.710310325959509,0.025527862302850108,133.30481538461538,1.0,-0.42307692307692313,0.1802861453850815,0.9946826854446467,1.1904823936588944,0.12326466636811464,-0.4192866578599736,-0.38330046022353714,0.18028610870315193,0.7612692391880634,0.5298603077534354,Capital Markets,Financial Services,WHG
2012Q1,2012,Q1,2012-04-19,2012-03-31,3785000.0,17864000.0,6084000.0,0.52,17864000.0,1.0,81274000.0,70258000.0,63333000.0,8485000.0,11016000.0,0.0,7304000.0,281503311.69,276998311.69,9.666288910293707,7.464113140836771,0.0,0.0,0.05387286857012725,9.666288910293707,0.05387286857012725,15.758134331056874,18.59334951717305,4.006708299268411,0.7289299867899603,0.0,0.009800950416662575,0.21979968993774146,7.01838538597525,0.04657085906932106,58.73217435635301,1.0,-0.08771929824561392,1.0028874071050522,0.9373944378159133,1.33359569880272,0.05125639969399164,-0.08064124362399806,-0.030747172216026766,1.6535017647319998,0.8746665552876282,0.5513944434309352,Capital Markets,Financial Services,WHG
2011Q4,2011,Q4,2012-02-28,2011-12-31,4117000.0,16993000.0,6277000.0,0.57,16993000.0,1.0,90597000.0,70757000.0,72482000.0,17523000.0,19840000.0,0.0,6473000.0,265658302.14999998,260394302.14999998,9.734942702975488,4.136392170290476,0.0,0.0,0.05818505589552977,9.734942702975488,0.05818505589552977,15.633396230800917,16.131789054529996,3.754516191330893,0.6371144036920088,0.0,0.009873585650332743,0.18756691722683974,3.871426125663414,0.045443005839045446,68.23999541484716,1.0,0.23913043478260854,1.5157892659090095,0.8514935980623631,1.481866157361873,0.05888584247258225,0.25403594273530306,0.18501038323579386,-0.30675826651859767,-0.16677633342675213,0.5727636317644399,Capital Markets,Financial Services,WHG
2011Q3,2011,Q3,2011-10-19,2011-09-30,3283000.0,16048000.0,5297000.0,0.46,16048000.0,1.0,84200000.0,66518000.0,66079000.0,14949000.0,17682000.0,0.0,5203000.0,249317567.89999998,244745567.89999998,9.21795010017824,4.420295671951301,0.0,0.0,0.04935506178778676,9.21795010017824,0.049355061787786765,15.535740771435691,18.98549862168748,3.748121830181304,0.8071885470606153,0.0,0.010629014322259479,0.1905938242280285,4.107231252926617,0.038990498812351546,48.609391284850844,1.0,-0.11538461538461538,1.843453104693951,0.856613323503498,1.5381882451160482,-0.149053502306591,-0.1214878244581215,-0.104631507775524,0.6248303455394006,0.3662511274808316,0.6992118279450878,Capital Markets,Financial Services,WHG
2011Q2,2011,Q2,2011-07-20,2011-06-30,3737000.0,18859000.0,5916000.0,0.52,18859000.0,1.0,80718000.0,66534000.0,63792000.0,12653000.0,14184000.0,0.0,4623000.0,266228017.20000002,261054017.20000002,9.521707845255289,5.041650201533233,0.0,0.0,0.056166771876033306,9.521707845255289,0.056166771876033306,14.116762140092264,17.81027677281242,4.0013830101902785,0.708054589242708,0.0,0.009938848765162947,0.23364057583190861,4.684264601280328,0.046296984563542205,84.24937253164558,1.0,0.040000000000000036,1.9711311895032029,1.2268534522389325,1.1148198417535105,0.10876594743959081,0.052972668357283745,0.05285638013881474,0.8441504678227296,0.6692318702872004,0.7833307307895224,Capital Markets,Financial Services,WHG
2011Q1,2011,Q1,2011-04-20,2011-03-31,3549000.0,17009000.0,5619000.0,0.5,17009000.0,1.0,72021000.0,62463000.0,55261000.0,8286000.0,9558000.0,0.0,3607000.0,279219402.0,274568402.0,9.004158493255423,6.669201062032344,0.0,0.0,0.056817636040535996,9.004158493255423,0.056817636040535996,16.415979892997825,19.66887869822485,4.470156764804764,0.0002817695125387433,0.0,3.5814130136988117e-06,0.236167229002652,6.347212165097755,0.04927729412254759,56.57941276595745,1.0,0.11111111111111108,1.224326241950079,1.121917885930226,1.2024865083825866,0.10233311730395334,0.09032258064516129,0.09810435802227868,0.5987343753783987,0.6412237995810184,0.8249603820035281,Capital Markets,Financial Services,WHG
2010Q4,2010,Q4,2011-02-25,2010-12-31,3255000.0,15430000.0,5117000.0,0.45,15430000.0,1.0,72628000.0,60677000.0,55882000.0,11744000.0,11951000.0,0.0,2782000.0,277207634.88,275463634.88,8.746703246646163,4.758344686648502,0.0,0.0,0.05364470886826969,8.746703246646163,0.05364470886826969,17.965498047958523,21.290908976958526,4.568578454439079,1.5468509984639016,0.0,0.018163280395143495,0.21245249765930496,4.4611716621253406,0.04481742578619816,35.28610423625255,1.0,0.1842105263157895,1.617743602337172,1.07126783436048,1.286088165510766,0.1452534699027685,0.2524047710657945,0.24470931646801264,-0.12656721060718634,0.1099288807728175,0.8209258552265694,Capital Markets,Financial Services,WHG
2010Q3,2010,Q3,2010-10-21,2010-09-30,2599000.0,13473000.0,4111000.0,0.38,13473000.0,1.0,65368000.0,52862000.0,60147000.0,11497000.0,12506000.0,0.0,4562000.0,224448010.54999998,220609010.54999998,7.9676422865936605,5.2315386622597195,0.0,0.0,0.0491657523362718,7.9676422865936605,0.0491657523362718,16.65909675276479,21.589843261831472,4.2459235471605306,0.9495959984609466,0.0,0.01099586489518118,0.20611002325296782,4.907975993737497,0.03975951535919716,123.79923361831219,1.0,0.05555555555555561,1.611567676193497,0.9841652733463839,1.1199127997873288,0.021145975443383355,0.04251905334937826,0.0434010152284264,0.39905405958073814,0.3959079427037642,0.8335414721274557,Capital Markets,Financial Services,WHG
2010Q2,2010,Q2,2010-08-02,2010-06-30,2493000.0,13194000.0,3940000.0,0.36,13194000.0,1.0,61289000.0,50624000.0,55954000.0,9511000.0,10665000.0,0.0,4425000.0,230602488.89999998,225947488.89999998,7.716454442829736,5.883082746293765,0.0,0.0,0.04924541719342605,7.716454442829736,0.049245417193426046,17.477829990904954,23.124998886883272,4.555200871128319,0.9638989169675091,0.0,0.010420529333671038,0.2152751717273899,5.513931237514457,0.040676140906198505,39.27154102520436,1.0,-0.16279069767441862,1.2352943445217561,1.1101878135976995,0.7976028538496805,-0.0016646489104116223,-0.15001704739174906,-0.13463650340434877,0.4615386311111895,0.4319171447781204,0.6958254879394449,Capital Markets,Financial Services,WHG
2010Q1,2010,Q1,2010-04-21,2010-03-31,2933000.0,13216000.0,4553000.0,0.43,13216000.0,1.0,56827000.0,47971000.0,51384000.0,7285000.0,8856000.0,0.0,4393000.0,239883191.99999997,236712191.99999997,7.359135024349684,7.053397391901167,0.0,0.0,0.06114110608492631,7.359135024349684,0.06114110608492631,18.150967917675544,20.446913740197747,5.000587688395072,0.8046368905557449,0.0,0.009838121547090304,0.23256550583349464,6.707343857240906,0.05161278969503933,89.2754715295869,1.0,0.07499999999999993,1.8121603451066302,1.1817321888175465,0.7856628655786821,0.03874872278550656,0.07791253215729511,0.062048052250991366,0.7305602583072248,0.5981714916743184,0.7766120999593701,Capital Markets,Financial Services,WHG
2009Q4,2009,Q4,2010-02-25,2009-12-31,2721000.0,12723000.0,4287000.0,0.4,12723000.0,1.0,59886000.0,47218000.0,54343000.0,11361000.0,12668000.0,0.0,3871000.0,236884652.10000002,234005652.10000002,7.243618802604561,4.783293724144001,0.0,0.0,0.05762632894235249,7.243618802604561,0.05762632894235249,18.618616057533604,21.76448475744212,5.016829431572706,0.7864755604557148,0.0,0.009033932680014265,0.21245366195771967,4.535780301029839,0.045436329025147784,70.08421659763314,1.0,0.142857142857143,1.5477487783929438,1.108228449860614,0.8286267057537596,0.09294734129370329,0.17588591184096802,0.19149527515286272,0.8539838449564975,0.5457017386489891,0.8467178402107604,Capital Markets,Financial Services,WHG
2009Q3,2009,Q3,2009-10-22,2009-09-30,2314000.0,11641000.0,3598000.0,0.35,11641000.0,1.0,50379000.0,42447000.0,46965000.0,7615000.0,7932000.0,0.0,3500000.0,222177021.20000002,218682021.20000002,6.629447510119017,6.167432698621142,0.0,0.0,0.05451504228802978,6.629447510119017,0.05451504228802978,19.085733287518256,24.003567545375976,5.2342219991990016,0.9286949006050129,0.0,0.009672467424367465,0.23106850076420732,5.714904793171372,0.045931836677980904,-133.1198449370881,1.0,0.3999999999999999,1.780035593756547,0.9416400310932463,0.6849358640358836,0.16736863217007622,0.4196319018404908,0.43690095846645366,1.2587788210025743,0.5178400265698645,0.8254368443014872,Capital Markets,Financial Services,WHG
2009Q2,2009,Q2,2009-07-23,2009-06-30,1630000.0,9972000.0,2504000.0,0.25,9972000.0,1.0,46764000.0,40845000.0,43361000.0,5557000.0,5919000.0,0.0,3326000.0,262116548.11,257004548.11,6.515153134411541,7.802951232679503,0.0,0.0,0.03990696535683682,6.515153134411541,0.03990696535683682,26.285253520858404,40.201924556748466,6.417347242257314,1.3190184049079754,0.0,0.008202458087834002,0.2132409545804465,7.211984883930178,0.03485587203832007,36.36467093645949,1.0,0.3157894736842105,0.4444444205144774,0.7673619339104745,0.4870655510972651,0.21358159912376778,0.3252032520325203,0.29808190772420945,0.444444449872862,0.31241068101711017,0.44704871695700377,Capital Markets,Financial Services,WHG
2009Q1,2009,Q1,2009-04-21,2009-03-31,1230000.0,8217000.0,1929000.0,0.19,8217000.0,1.0,44794000.0,39051000.0,41227000.0,5341000.0,5743000.0,0.0,3845000.0,244996731.36,242457731.36,6.230710024277607,7.718966485676839,0.0,0.0,0.03149727279711147,6.230710024277607,0.03149727279711147,29.815836845564075,49.7960836097561,6.273763318737037,1.6967479674796748,0.0,0.008518480995296817,0.18343974639460642,7.123385133870062,0.02745903469214627,153.02731502810744,1.0,-0.7564102564102565,-0.06547434566713627,0.38281349273428344,0.44011844145542756,-0.5327533265097236,-0.7598125366139425,-0.7636029411764705,-0.14673744790057838,0.13461407701773348,0.5240796545723669,Capital Markets,Financial Services,WHG
2008Q4,2008,Q4,2009-02-26,2008-12-31,5121000.0,17586000.0,8160000.0,0.78,17586000.0,1.0,50847000.0,38794000.0,46769000.0,11612000.0,12053000.0,0.0,4765000.0,178059788.64000002,174561788.64000002,6.189704864966979,4.0276438167413025,0.0,0.0,0.1320049492189514,6.189704864966979,0.1320049492189514,10.12508749232344,8.69262783831283,4.589879585502913,0.40753759031439174,0.0,0.011720782193106393,0.34586111275001474,3.8139855322080605,0.10071390642515783,-154.8345988173913,1.0,1.8888888888888888,2.894304181099536,2.1714249291646675,0.5065820382827474,0.7425683709869203,1.9498847926267282,1.9522431259044863,3.5584372196524794,1.6128982124330289,0.6177765085640905,Capital Markets,Financial Services,WHG
2008Q3,2008,Q3,2008-10-23,2008-09-30,1736000.0,10092000.0,2764000.0,0.27,10092000.0,1.0,40748000.0,33634000.0,37075000.0,6634000.0,7114000.0,0.0,1732000.0,293880000.0,290939000.0,5.424838709677419,5.588634308109738,0.0,0.0,0.05161443777130284,5.424838709677419,0.05161443777130285,29.120095124851368,42.32142857142857,8.737586965570554,1.2044930875576036,0.0,0.007115149040424664,0.24766859723176599,5.013264998492613,0.042603317954255426,-26.880087807555107,1.0,0.0,0.1666665959059895,0.6910770972620282,0.44503720435840355,0.0,0.0028885037550548816,0.06389530408006158,0.8666667813267815,0.5904237388920511,0.4433611103220746,Capital Markets,Financial Services,WHG
2008Q2,2008,Q2,2008-07-23,2008-06-30,1731000.0,9651000.0,2598000.0,0.27,0.0,0.0,39227000.0,31870000.0,35723000.0,6838000.0,7357000.0,0.0,2082000.0,237564846.79999998,232555846.79999998,5.339283219237637,5.224188359169347,0.0,0.0,0.05431440225917791,5.339283219237637,0.05431440225917791,24.615568003315715,34.31034760254188,7.4541840853467205,1.2079722703639515,0.0,0.00880180728826585,0.24602952048334056,1.3422053231939164,0.044127769138603515,70.66176287923854,0.0,-0.12903225806451607,0.3181817115697792,0.7380479487445625,0.32618236919356136,0.0,-0.11457800511508952,-0.13773647527381347,0.705882306001589,0.6965103065863704,0.2438239379916033,Capital Markets,Financial Services,WHG
2008Q1,2008,Q1,2008-04-24,2008-03-31,1955000.0,9127000.0,3013000.0,0.31,0.0,0.0,36039000.0,30143000.0,32310000.0,5342000.0,5896000.0,0.0,2442000.0,230323437.50000003,226281437.50000003,4.933892583120205,6.0482965181579935,0.0,0.0,0.06485751252363733,4.933892583120205,0.06485751252363733,25.235393612358937,29.453125,7.641025694191023,0.8705882352941177,0.0,0.007389608363239194,0.2532534199062127,5.693373268438787,0.054246788201670414,102.00329384410985,0.0,-0.40384615384615385,0.391304448,0.6199529947685656,0.29183579200114534,0.0,-0.4043266301035954,-0.3959502806736167,1.0,0.6076247243417668,0.19718808518673447,Capital Markets,Financial Services,WHG
2007Q4,2007,Q4,2008-02-27,2007-12-31,3282000.0,12243000.0,4988000.0,0.52,0.0,0.0,39024000.0,29346000.0,35466000.0,9090000.0,9678000.0,0.0,2578000.0,229712500.0,225152500.0,4.803437340153453,3.901650165016502,0.0,0.0,0.11183806992435083,4.803437340153453,0.11183806992435084,18.762762394837868,17.497905240706885,7.8277277993593675,1.0316879951249238,0.0,0.0147401643358546,0.313730012300123,3.6636963696369635,0.08410209102091021,42.164555800293684,0.0,0.9259259259259258,1.1420428076024567,1.172578961817433,0.36514352339231304,0.0,0.9512485136741974,0.8901098901098901,2.2788523017902818,1.1645678769751768,0.21261127055182544,Capital Markets,Financial Services,WHG
2007Q3,2007,Q3,2007-10-24,2007-09-30,1682000.0,8739000.0,2639000.0,0.27,0.0,0.0,33475000.0,26104000.0,30047000.0,6750000.0,7371000.0,0.0,986000.0,208507933.53,203554933.53,4.345493356825366,4.451407407407407,0.0,0.0,0.06443456941464909,4.345493356825366,0.06443456941464909,23.85947288362513,30.991072165576693,7.987585562749004,0.7907253269916765,0.0,0.006378654171490508,0.2610604929051531,4.165629629629629,0.050246452576549666,117.86768430186547,0.0,0.1250000000000001,0.27272717903532967,0.4368432867406599,0.33612555886391454,0.0,0.14188730482009504,0.17759928603302097,1.1538461969541078,0.5536094776736192,0.10444763197367742,Capital Markets,Financial Services,WHG
2007Q2,2007,Q2,2007-07-26,2007-06-30,1473000.0,7957000.0,2241000.0,0.24,0.0,0.0,31567000.0,25779000.0,28139000.0,5133000.0,5788000.0,0.0,2702000.0,193529551.6,189583551.6,4.550264456872745,5.481979349308396,0.0,0.0,0.05713953217735366,4.550264456872745,0.05713953217735366,24.32192429307528,32.8461560760353,7.507255968035998,0.9015614392396469,0.0,0.006862001120866546,0.25206703202711694,5.074810052600818,0.046662654037444164,53.16745923076923,0.0,-0.040000000000000036,0.13043469688616538,0.3882410074309928,0.4963205433085221,0.0,-0.0225613802256138,-0.04189824711415135,0.44444437562281386,0.5605490694950074,0.03858518481452873,Capital Markets,Financial Services,WHG
2007Q1,2007,Q1,2007-04-26,2007-03-31,1507000.0,7353000.0,2339000.0,0.25,0.0,0.0,28100000.0,24009000.0,24385000.0,3406000.0,4091000.0,0.0,2559000.0,133369503.54,131376503.54,4.1422294852759265,7.1594245449207286,0.0,0.0,0.06276812861843475,4.1422294852759265,0.06276812861843475,18.138107376580987,22.125000587259457,5.554979530176184,0.6609157266091573,0.0,0.0074679741137469325,0.2616725978647687,6.727246036406342,0.053629893238434166,186.5307741818182,0.0,0.13636363636363635,-0.9989918903586484,-0.9987676327719016,-0.9985548048267303,0.0,0.15478927203065135,0.1522167487684729,0.2380952939056129,0.33804152444653013,-0.04259690352418435,Capital Markets,Financial Services,WHG
