Quarters,Year,Quarter,FillingDate,Date,NetIncome,Revenue,OperatingIncome,EPSDiluted,GrossProfit,GrossProfitRatio,TotalAssets,CommonStockEquity,CurrentAssets,CurrentLiability,TotalLiability,Inventory,RetainedEarnings,MarketCap,EnterpriseValue,bookValuePerShare,currentRatio,debtToAssets,debtToEquity,roic,shareholdersEquityPerShare,roe,priceToSalesRatio,peRatio,pbRatio,payoutRatio,inventoryTurnover,dividendYield,assetTurnover,quickRatio,returnOnAssets,priceToFreeCashFlowsRatio,grossProfitMargin,epsdilutedGrowth,fiveYNetIncomeGrowthPerShare,fiveYRevenueGrowthPerShare,fiveYShareholdersEquityGrowthPerShare,grossProfitGrowth,netIncomeGrowth,operatingIncomeGrowth,threeYNetIncomeGrowthPerShare,threeYRevenueGrowthPerShare,threeYShareholdersEquityGrowthPerShare,Industry,Sector,Symbol
2023Q1,2023,Q1,2023-05-09,2023-04-03,-5814000.0,544437000.0,1897000.0,-0.0568,86123000.0,0.158187265,3176035000.0,1527734000.0,1378103000.0,627751000.0,1648301000.0,176728000.0,795027000.0,1358595870.0,1831235870.0,14.922046082769263,2.1953019588977156,0.2822226455312992,0.5867179757732695,0.0003298115037400898,14.922046082769263,-0.0038056363215062308,2.495414290358664,-58.41915505675954,0.889288233422834,0.0,2.5933298628400707,0.0,0.17142034014108787,1.3004360008984455,-0.0018305843606887203,56.4294679348729,0.15818726500954197,-1.9466666666666668,-1.576528875986095,-0.17853052856709017,0.450806768139493,-0.2905965305349171,-1.9662622569386738,-0.9593119275893872,-0.8638770016345595,0.12934129454478394,0.23477244151546542,Electronic Components,Technology,TTMI
2022Q4,2022,Q4,2023-03-03,2023-01-02,6017000.0,617156000.0,46623000.0,0.06,121402000.0,0.1967120145,3323604000.0,1535579000.0,1493056000.0,761325000.0,1788025000.0,170639000.0,800841000.0,1545521040.0,2105375040.0,15.022735944118883,1.9611282960627854,0.2896262611309891,0.6268664783772114,0.001333685899677352,15.022735944118883,0.003918391694598585,2.5042631684695604,64.21476815688881,1.0064744568661073,0.0,2.905279566804775,0.0,0.1856887884356861,1.6825954749942535,0.001810384149254845,30.35194501178319,0.19671201446635858,-0.8571428571428571,-0.8782090586556143,-0.16853756702185346,0.5123592572745678,-0.05572969735624227,-0.8617671383936776,-0.06338141347583269,-0.7541323327950227,-0.11437302594659879,0.239157809802555,Electronic Components,Technology,TTMI
2022Q3,2022,Q3,2022-11-08,2022-10-03,43528000.0,671080000.0,49778000.0,0.42,128567000.0,0.1915822257,3292890000.0,1522469000.0,1439228000.0,742890000.0,1770421000.0,205370000.0,794824000.0,1397019320.0,2026008320.0,14.897540021135857,1.9373366178034432,0.29293842187258,0.6335853143807855,0.01747042128742706,14.897540021135857,0.028590401512280383,2.0817478095011026,8.023681997794522,0.9176011596952056,0.0,2.6416370453328137,0.0,0.20379666493566442,1.588481471011859,0.013218783500208024,26.021072120399346,0.19158222566609048,0.5555555555555554,1.0214094075147382,0.0026357571195795423,0.592339422319241,0.09817805984300394,0.5662061024755325,0.33804634159453795,1.8312447536780392,-0.033611778988283166,0.25992505081533757,Electronic Components,Technology,TTMI
2022Q2,2022,Q2,2022-08-10,2022-07-04,27792000.0,625550000.0,37202000.0,0.27,117073000.0,0.1871521061,3214651000.0,1474080000.0,1380883000.0,722309000.0,1740571000.0,209960000.0,751296000.0,1205113000.0,1905275000.0,14.55593956749284,1.9117621405797243,0.30071942490802267,0.6558042982741777,0.012220953606980592,14.55593956749284,0.018853793552588732,1.9264854927663655,10.840466681059297,0.8175356832736351,0.0,2.4217803391122117,0.0,0.19459344109205012,1.547456836340126,0.00864541749633164,22.808990252673418,0.187152106146591,0.5882352941176471,0.3561932521135818,0.002184448857048089,0.6265855764331094,0.2876059962825688,0.6115041168966717,0.4381475181691665,7.453453754144791,0.029154041425375487,0.24907955008796842,Electronic Components,Technology,TTMI
2022Q1,2022,Q1,2022-05-11,2022-04-04,17246000.0,581260000.0,25868000.0,0.17,90923000.0,0.1564239755,3044148000.0,1447829000.0,1434183000.0,586566000.0,1596319000.0,137343000.0,723504000.0,1502254320.0,1946566320.0,14.10960599534172,2.445049661930627,0.316473114973385,0.6654038563946433,0.011067395926794335,14.10960599534172,0.011911627685313666,2.584479097133813,21.776851443813058,1.0375909862283461,0.0,3.570163750609787,0.0,0.19094341011015234,2.1314293702669436,0.005665296168254632,119.73970349115255,0.15642397550149675,1.1437578814627998,-0.48531578432872385,-0.08558084467765946,0.6318782240516367,-0.06575080660076858,1.056277572433528,-0.2177331559211322,6.39116001584621,-0.04724101472949118,0.19968435607031587,Electronic Components,Technology,TTMI
2021Q4,2021,Q4,2022-03-01,2022-01-03,8387000.0,598141000.0,33068000.0,0.0793,97322000.0,0.1627074553,3025547000.0,1455417000.0,1407413000.0,558148000.0,1570130000.0,127612000.0,706258000.0,1577376040.0,2004145040.0,13.969410477415392,2.5215767144198313,0.31876781289466005,0.6626602547586018,0.005474269084026354,13.969410477415392,0.005762609616350503,2.637130776856962,47.01848217479432,1.083796630106698,0.0,3.924544713663292,0.0,0.19769681317130422,2.2375552720783736,0.0027720607215819155,37.111237530585356,0.16270745526556446,-0.5826315789473685,5.463761607613582,-0.18446344755461505,0.6909873451720738,0.0444628081434658,-0.5998186849890257,0.025841476655808902,-0.8409643616926452,-0.16274133706238897,0.18034857066357973,Electronic Components,Technology,TTMI
2021Q3,2021,Q3,2021-11-02,2021-09-27,20958000.0,556784000.0,32235000.0,0.19,93179000.0,0.1673521509,3047631000.0,1466589000.0,1423348000.0,567442000.0,1581042000.0,140055000.0,697871000.0,1362286560.0,1791121560.0,13.693897178285308,2.508358563518386,0.3145561257251944,0.6536602961020436,0.011644656084021574,13.693897178285308,0.014290302191002387,2.4467056524612776,16.250197537933012,0.9288809339221827,0.0,3.3101638641962086,0.0,0.18269403349683738,2.191982616725586,0.006876816779984191,-1097.732925060435,0.16735215092387712,-0.2692307692307693,-0.23317422728522025,-0.1878756515174029,0.609096924373866,-0.0673706335702132,-0.25841265348006087,-0.2116268831931129,-0.24860749366784288,-0.28689173303673066,0.20837108841087326,Electronic Components,Technology,TTMI
2021Q2,2021,Q2,2021-08-04,2021-06-28,28261000.0,567383000.0,40888000.0,0.26,99910000.0,0.1760891673,3025736000.0,1470371000.0,1404515000.0,554750000.0,1555365000.0,126355000.0,676913000.0,1548288600.0,1937546600.0,13.722803972076006,2.5317981072555207,0.3131631444382458,0.6444285149802329,0.015732521744195233,13.722803972076006,0.019220319225556,2.7288244448635224,13.69633593998797,1.0529917959480974,0.0,3.6996794744964583,0.0,0.18751900364076707,2.231185218566922,0.009340206812491241,45.444338127384796,0.1760891672820652,9.695652173913043,0.42443961266525154,-0.11865930442151139,0.656711477410384,0.2243872549019608,9.853696741854636,1.065050505050505,-0.6748631641288728,-0.23510075809180914,0.24511192105829668,Electronic Components,Technology,TTMI
2021Q1,2021,Q1,2021-05-05,2021-03-29,-3192000.0,526432000.0,19800000.0,-0.0299,81600000.0,0.1550057747,2965828000.0,1442467000.0,1332639000.0,509154000.0,1523361000.0,121124000.0,648652000.0,1552167250.0,1954305250.0,13.503084483969108,2.617359384390577,0.31754572416202154,0.6528995117392633,0.006125837773602039,13.503084483969108,-0.00221287558051588,2.948466753540818,-121.56698386591479,1.0760504399754032,0.0,3.6725339321686867,0.0,0.17749916718029501,2.3138736020928836,-0.0010762593110591712,80.22365360760803,0.15500577472494073,-1.0879411764705882,0.5837772292766911,-0.1585068764178454,0.6442215531036234,-0.07244268127721006,-1.081930184804928,-0.3211273400534869,-1.3033579530137354,-0.23874082078925926,0.31284719611763423,Electronic Components,Technology,TTMI
2020Q4,2020,Q4,2021-02-22,2020-12-28,38960000.0,523802000.0,29166000.0,0.34,87973000.0,0.1679508669,2895944000.0,1444009000.0,1221577000.0,518046000.0,1451935000.0,115651000.0,651844000.0,1467881250.0,1859169250.0,13.526382839211278,2.3580473548681007,0.29104602851436356,0.583689575341982,0.038792836672363995,13.526382839211278,0.02698044125763759,2.802359002065666,9.419155864989733,1.0165319260475523,0.0,3.7684844921358223,0.0,0.18087435392397092,2.1348027009184514,0.013453298820695427,40.49997930691977,0.1679508669306341,1.5862068965517242,2.799887930547773,-0.2727943527470079,0.6220814332972094,-0.014617262931517282,1.633784487246226,0.05216450216450216,-0.2449271936334507,-0.3243065107951843,0.36171935527692334,Electronic Components,Technology,TTMI
2020Q3,2020,Q3,2020-11-05,2020-09-28,-61472000.0,513576000.0,27720000.0,-0.58,89278000.0,0.1738360048,3148414000.0,1399303000.0,1486177000.0,787322000.0,1749111000.0,127588000.0,612884000.0,1220979760.0,1663577760.0,13.110803998913136,1.8876355544491326,0.35125082025426135,0.7903098899952333,0.010767615186473168,13.110803998913136,-0.04393044251316548,2.3774081343364957,-4.965593115564809,0.8725628116283606,0.0,3.3255321817098786,0.0,0.16312213069818646,1.676466553709918,-0.019524751192187557,21.947041504143225,0.17383600479773198,-7.666666666666666,-25.704444356465764,-0.2684101054935082,0.5733682217019759,-0.11104251717614258,-7.577359298095442,-0.24806727248067273,-3.733470367032059,-0.2652745716043871,0.40136224075593324,Electronic Components,Technology,TTMI
2020Q2,2020,Q2,2020-08-06,2020-06-29,9346000.0,570298000.0,36865000.0,0.087,100430000.0,0.1761009157,3594671000.0,1445565000.0,1871912000.0,1197457000.0,2149106000.0,122847000.0,665945000.0,1221329550.0,2024485550.0,13.59955783432899,1.563239431562052,0.41667902292031733,1.0361512626550864,0.023869961349808295,13.59955783432899,0.006465292117614912,2.1415637964713183,32.669846725872034,0.8448804100818711,0.0,3.8248227469942284,0.0,0.15865095859954917,1.4287469195136027,0.0025999597737873647,12.64997255251274,0.17610091566163655,3.8524590163934427,1.2135073554174163,0.06997625942872136,0.43776613142391146,0.23466351946104103,3.9024844720496894,1.2781485601285378,-0.5654942495634361,-0.1295267026572579,0.5197125899443118,Electronic Components,Technology,TTMI
2020Q1,2020,Q1,2020-05-07,2020-03-30,-3220000.0,497646000.0,16182000.0,-0.0305,81342000.0,0.1634535393,3524118000.0,1277200000.0,1751787000.0,904363000.0,2246918000.0,120949000.0,473135000.0,1047348260.0,2179535260.0,12.084855136915012,1.937039662171053,0.4239866542493753,1.1698864704040088,0.017047764543869342,12.084855136915012,-0.002521139993736298,2.1046050003416084,-81.31585869565218,0.8200346539304729,0.0,3.441979677384683,0.0,0.14121150313355002,1.1910184295465427,-0.0009137037976594427,-230.79512119876597,0.1634535392628495,-1.1452380952380952,-1.7391711355034132,0.19594879960253592,0.40285637085998355,-0.3469076427751327,-1.1274793143038124,-0.6726014648160887,-1.0933024962660791,-0.23988322165438825,0.3977011083981404,Electronic Components,Technology,TTMI
2019Q4,2019,Q4,2020-02-26,2019-12-30,25259000.0,719253000.0,49426000.0,0.21,124549000.0,0.1731643803,3560933000.0,1279037000.0,1342684000.0,946666000.0,2281896000.0,122019000.0,474309000.0,1569869760.0,2662169760.0,12.12334363329605,1.4183291678374421,0.41911880959287917,1.1668575654965416,0.01696251036819618,12.12334363329605,0.01974845137396338,2.182639154789761,15.53772675086108,1.2273841648052404,0.0,4.8738639064408,0.0,0.20198442374512524,1.2592118022618326,0.007093365699382718,18.926863425925927,0.17316438026674896,0.4999999999999998,0.43164239637865365,0.45352176053206317,0.4122584436352623,0.19950112679854384,0.5916194076874606,0.35931355023239187,14.275753328129412,-0.03156558957152344,0.4675222478585955,Electronic Components,Technology,TTMI
2019Q3,2019,Q3,2019-11-07,2019-09-30,15870000.0,716817000.0,36361000.0,0.14,103834000.0,0.1448542655,3498358000.0,1247353000.0,1277835000.0,666673000.0,2251005000.0,126324000.0,449050000.0,1286474940.0,2475917940.0,11.82414780267698,1.9167342910242353,0.4304968216517578,1.2073823528704384,0.008709082367723176,11.82414780267698,0.012722942102195609,1.794704840984519,20.265830812854443,1.0313639683393554,0.0,4.852466672999588,0.0,0.20490098497638035,1.6725936103607015,0.004536413940482935,39.62163725399612,0.1448542654540838,3.6666666666666674,0.6372748456295033,0.6402240947989365,0.3881810350806622,0.22713466879394906,3.634929906542056,0.43102837577236414,-0.4104975339159536,0.061465579538958356,0.38939263344256503,Electronic Components,Technology,TTMI
2019Q2,2019,Q2,2019-08-07,2019-07-01,3424000.0,633038000.0,25409000.0,0.03,84615000.0,0.1336649617,3440113000.0,1229077000.0,1189686000.0,623955000.0,2211036000.0,122149000.0,433180000.0,1070520500.0,2273689500.0,11.653332701242059,1.9066855782868957,0.4345819454186534,1.2163688686713687,0.053406693497152664,11.653332701242059,0.002785830342606688,1.6910841055355286,78.16300379672897,0.8709954705848373,0.0,4.489787063340674,0.0,0.1840166296862923,1.6479986537490685,0.0009953161422313745,21.19548775417269,0.1336649616610693,1.9615384615384615,1.8715970437677591,0.6805424442152149,0.4024786503381606,-0.04589276653323561,2.052890528905289,0.45277301315037166,-0.8246743746769214,-0.0010300870052841714,0.40687064214536034,Electronic Components,Technology,TTMI
2019Q1,2019,Q1,2019-05-09,2019-04-01,-3252000.0,620200000.0,17490000.0,-0.0312,88685000.0,0.1429941954,3414285000.0,1226859000.0,1169549000.0,607732000.0,2187426000.0,114800000.0,429756000.0,1278901900.0,2524290900.0,11.761098595599865,1.9244486056353787,0.433650969383048,1.2068281685181426,0.004419410946420464,11.761098595599865,-0.002650671348541275,2.0620798129635602,-98.31656672816729,1.0424196260531977,0.0,4.629921602787457,0.0,0.18164857356664718,1.670341532122712,-0.000952468818508121,371.66576576576574,0.142994195420832,-1.0742857142857143,0.3195127989808845,0.689055125691837,0.40463160743055804,-0.27682007958770954,-1.061964101977821,-0.5913551401869159,0.5657501978441442,0.015234088709531156,0.4321062585381877,Electronic Components,Technology,TTMI
2018Q4,2018,Q4,2019-02-26,2018-12-31,52482000.0,710955000.0,42800000.0,0.42,122632000.0,0.1724891168,3457503000.0,1227087000.0,1206914000.0,673214000.0,2230416000.0,109377000.0,433008000.0,1008835590.0,2244900590.0,11.834987413558636,1.7927642621811193,0.4316482154896178,1.216234056753922,0.036508481888253584,11.834987413558636,0.04276958357475876,1.4189865603308227,4.805626643420602,0.8221386014194593,0.0,5.37885478665533,0.0,0.20562671962974435,1.5853294791849248,0.01517916253434921,8.54742594977463,0.17248911675141182,0.9090909090909091,2.703528932052888,0.5479587509828121,0.3868663108957354,-0.053648598592418814,0.9437057886744935,-0.2153987167736022,4.270391621522098,0.016278817308216807,0.4192495935564559,Electronic Components,Technology,TTMI
2018Q3,2018,Q3,2018-11-08,2018-10-01,27001000.0,755837000.0,54550000.0,0.22,129584000.0,0.1714443723,3489226000.0,1174911000.0,1233008000.0,695276000.0,2314315000.0,122232000.0,343177000.0,1634970520.0,2985333520.0,11.332526332034416,1.773407970359972,0.4466076430704116,1.3263259940540177,0.015602776059154388,11.332526332034416,0.02298131518046899,2.163125806225416,15.138055257212697,1.391569676341442,0.0,5.123478303553897,0.0,0.21662024758499449,1.5447146169291044,0.007738392411382925,36.37875798233318,0.17144437226544876,-0.6615384615384616,3.7918858821341397,0.7786234390806936,0.4085009601263546,0.11575684518684347,-0.6785748297700109,0.7189764920905023,13.075086734014954,0.10839697690171743,0.35996517100720143,Electronic Components,Technology,TTMI
2018Q2,2018,Q2,2018-08-09,2018-07-02,84004000.0,716887000.0,31734000.0,0.65,116140000.0,0.1620060065,3478932000.0,1141293000.0,1202639000.0,689276000.0,2337639000.0,121285000.0,315975000.0,1852563170.0,3244617170.0,11.021341728390293,1.7447858332511215,0.45880574843084027,1.3985488389046459,0.055777584033240575,11.021341728390293,0.07360423659831437,2.5841773808145496,5.513318324127423,1.6232143454835875,0.0,4.953184647730552,0.0,0.20606525220958616,1.5181204626303542,0.024146490934574175,112.32420845207058,0.16200600652543568,6.222222222222223,4.1002896250516185,0.6916016303489626,0.3670521452555993,0.30968222106948734,7.319698920471427,0.057764741175294156,2.9698682568054164,0.3806167853591435,0.16519316679022703,Electronic Components,Technology,TTMI
2018Q1,2018,Q1,2018-05-08,2018-04-02,10097000.0,663582000.0,30001000.0,0.09,88678000.0,0.1336353307,2786349000.0,1054330000.0,1247594000.0,677528000.0,1732019000.0,82116000.0,232013000.0,1528394280.0,2157847280.0,10.285343582939868,1.8413910569009695,0.35244292800363486,0.9314246962525964,0.009820805668563895,10.285343582939868,0.00957669799778058,2.3032485510456886,37.84278201445974,1.4496355789932944,0.0,7.001120366311072,0.0,0.2381546604535182,1.6715353461406761,0.0036237384476962503,-27.073747719341753,0.1336353306750334,-0.7750000000000001,0.5706025905992006,0.6343216478700617,0.2757330698222155,-0.3274887950189973,-0.7948222958281685,-0.5777124035808795,1.3896879013743326,0.6441686666656801,0.1939621624206248,Electronic Components,Technology,TTMI
2017Q4,2017,Q4,2018-02-23,2018-01-01,49211000.0,739349000.0,71044000.0,0.4,131861000.0,0.1783474381,2781882000.0,1011380000.0,1221307000.0,720356000.0,1770502000.0,294588000.0,193342000.0,1614817620.0,2185548620.0,9.933311725939676,1.695421430514912,0.3522999897191901,0.9690294449168463,0.03279589052372265,9.933311725939676,0.0486572801518717,2.1841073971831975,8.203539960577919,1.5966477683956573,0.0,2.062161391502709,0.0,0.26577295514331667,1.2399827307609015,0.0176898229328203,13.425598982366,0.1783474380840442,1.105263157894737,1.5154052011956036,0.5558682413367394,0.24073264394386365,0.36172212239502655,1.29389828928355,0.6113404400090724,1.890153999828568,0.5482095491554425,0.1571397943131203,Electronic Components,Technology,TTMI
2017Q3,2017,Q3,2017-11-08,2017-10-02,21453000.0,666814000.0,44090000.0,0.19,96834000.0,0.1452189066,2673944000.0,952547000.0,1110961000.0,672783000.0,1721397000.0,295279000.0,149807000.0,1568953740.0,2245364740.0,9.355756575716503,1.6512917240774514,0.36588088606193697,1.0270831780479073,0.02162402483014622,9.355756575716503,0.0225217233375361,2.3529106167536975,18.283616976646623,1.647114252630054,0.0,1.930309978020787,0.0,0.249374706426163,1.1548894665887812,0.00802298028679733,39.681168972406994,0.1452189066216366,0.05555555555555561,1.0811753572222234,0.5827818928961362,0.21435631924949491,0.010086891213869215,0.04186294983245107,-0.021439985795454544,1.2932147242338166,0.5809263072633977,0.09838645997815487,Electronic Components,Technology,TTMI
2017Q2,2017,Q2,2017-08-08,2017-07-03,20591000.0,627182000.0,45056000.0,0.18,95867000.0,0.1528535577,2571950000.0,910591000.0,1025261000.0,722675000.0,1661359000.0,282485000.0,128337000.0,1772589520.0000002,2500158520.0,8.948769605723495,1.4187027363614348,0.3789016116176442,1.0702016602404372,0.018851734576603673,8.948769605723495,0.022612786640764077,2.826276136751374,21.52141129619737,1.946636327396164,0.0,1.880860930668885,0.0,0.24385466280448687,0.9683107897741031,0.008005987674721516,336.5463299791153,0.15285355765949915,-0.3571428571428572,1.2364366010852132,0.5416357144916881,-0.11781266252485684,-0.08714613546120226,-0.3752541035832398,-0.1429332318813011,6.432857957564142,0.7257671980676171,0.07698446792689292,Electronic Components,Technology,TTMI
2017Q1,2017,Q1,2017-05-11,2017-04-03,32959000.0,625247000.0,52570000.0,0.28,105019000.0,0.1679640206,2530245000.0,872682000.0,1027291000.0,721580000.0,1657563000.0,275092000.0,107746000.0,1587660360.0,2326838360.0,8.646237070502913,1.4236688932620083,0.403932820734751,1.1711585663506294,0.024663620657286733,8.646237070502913,0.03776748002135944,2.5392530631894275,12.042692132649655,1.8192885380929136,0.0,1.8911055210620447,0.0,0.24710927202701716,0.9731575154522021,0.013026011315109802,97.25331454823889,0.16796402061905136,16.55555555555556,1.1107691299226974,0.6783149567391384,-0.25047692107257014,-0.209462155143212,19.20939226519337,-0.24518278149498896,8.127895664421283,0.759873946486639,0.03262274147670739,Electronic Components,Technology,TTMI
2016Q4,2016,Q4,2017-02-24,2017-01-02,-1810000.0,706534000.0,69646000.0,-0.018,132845000.0,0.1880235063,2500076000.0,829125000.0,1012841000.0,689065000.0,1670951000.0,269212000.0,74787000.0,1383029700.0,2146434700.0,8.26109699596473,1.4698772974973333,0.4078604010438083,1.2298290366350069,-0.004369095865530666,8.26109699596473,-0.0021830242725765113,1.9574849901066331,-191.02620165745856,1.6680593396653096,0.0,2.1309934178268426,0.0,0.28260500880773226,1.0,-0.0007239779910690715,18.4327771187909,0.1880235062997676,-1.0782608695652174,-1.1314428209907605,0.585565878313866,-0.16856650344537638,0.21250981179606068,-1.0707528731139082,0.3866523314617927,-1.131949942553871,0.5891891911457118,-0.03193499795193652,Electronic Components,Technology,TTMI
2016Q3,2016,Q3,2016-11-03,2016-09-26,25582000.0,641720000.0,50226000.0,0.23,109562000.0,0.1707317833,2607226000.0,853115000.0,1055988000.0,746867000.0,1754111000.0,281169000.0,82232000.0,1130763600.0,1920830600.0,8.510299765574343,1.413890291042448,0.41494293168294577,1.2681174284826782,0.018958518310075525,8.510299765574343,0.029986578597258284,1.7620825282054478,11.050383081854427,1.3254527232553641,0.0,1.892662420110325,0.0,0.2461313288529648,0.9930911393862629,0.00981196106513206,14.4016964695094,0.17073178333229447,0.3529411764705882,-0.15207528139928403,0.45326486137166844,-0.23214517036043963,0.12204413948486866,0.3792322622385163,0.44831165835231696,3.735695910354349,0.561769549937663,0.05773108657076364,Electronic Components,Technology,TTMI
2016Q2,2016,Q2,2016-08-04,2016-06-27,18548000.0,601847000.0,34679000.0,0.17,97645000.0,0.162242231,2521787000.0,829724000.0,941975000.0,622489000.0,1692063000.0,270790000.0,57247000.0,700188300.0,1561602300.0,8.283158630328442,1.5132395913823378,0.42730214724717036,1.2987029421831837,0.019183168539124294,8.283158630328442,0.022354421470272043,1.1633991695563823,9.43751752210481,0.8438809772888334,0.0,1.8619668377709664,0.0,0.23865893511228348,1.0291989095389638,0.007355101759189019,11.316357436079775,0.16224223099890836,3.367688022284123,1.7428260707537269,0.334341984247605,-0.22363112013065756,0.1685195600923854,3.594125874125874,0.36692944422546314,0.1641715211870656,0.46810967785312185,0.027416629856804906,Electronic Components,Technology,TTMI
2016Q1,2016,Q1,2016-05-06,2016-03-28,-7150000.0,583258000.0,25370000.0,-0.0718,83563000.0,0.1432693594,2495832000.0,817927000.0,908210000.0,598406000.0,1677905000.0,264555000.0,38699000.0,652353800.0,1570899800.0,8.212448291096027,1.517715397238664,0.44162587866491015,1.3475823637072746,0.056467061143160004,8.212448291096027,-0.008741611415199645,1.1184652417969407,-22.809573426573426,0.7975697097662751,0.0,1.8888132902421046,0.0,0.2336928126572622,1.0292844657306244,-0.0028647761548052913,-293.32455035971225,0.14326935935726556,-1.797777777777778,-1.2135887770651244,0.3785697212060542,-0.2427640197603614,-0.22819802345986884,-1.750971536603298,-0.3057113926821926,-2.1447110066906325,0.4784937884313482,0.018623421247102805,Electronic Components,Technology,TTMI
2015Q4,2015,Q4,2016-02-25,2015-12-28,9521000.0,668874000.0,36541000.0,0.09,108270000.0,0.1618690516,2671304000.0,826669000.0,1022520000.0,744994000.0,1844635000.0,268923000.0,45963000.0,675102540.0,1614429540.0,8.338904916577562,1.3725211209754709,0.44995140949888146,1.4539761379705782,0.008586656812594304,8.338904916577562,0.011517306201151852,1.0093119780407072,17.72667104295767,0.8166539933153414,0.0,2.0846264544126014,0.0,0.2503923177594164,0.9646117955312392,0.0035641768963772,5.780927890667146,0.1618690515702509,5.166666666666667,-0.7653308683294833,0.458175666755596,-0.0759881207157617,0.21490607957988286,5.453227315247895,0.5486099338870996,-0.500165768272544,0.44565714623231184,0.041581280261595015,Electronic Components,Technology,TTMI
2015Q3,2015,Q3,2015-11-04,2015-09-28,-2138000.0,652005000.0,23596000.0,-0.0216,89118000.0,0.1366830009,2670967000.0,826029000.0,980733000.0,660018000.0,1844938000.0,292831000.0,41338000.0,617567440.0,1668549440.0,8.332953353240255,1.4859185658572949,0.4496873229807781,1.4540651720460178,-0.003775265532049735,8.332953353240255,-0.0025882868519144,0.9471820614872586,-72.21321796071095,0.7476340903285479,0.0,1.9222247644545831,0.0,0.24410821998175192,0.9668509040662527,-0.0008004591595478341,-39.39070289577752,0.13668300089723237,0.9473170731707317,-1.059355759667496,0.47166387079654315,-0.024974697307485434,0.4564144468050335,0.9415575540551623,4.356472261735419,0.9916908799697057,0.5895655654174891,0.08159874411264305,Electronic Components,Technology,TTMI
2015Q2,2015,Q2,2015-08-10,2015-06-29,-36583000.0,445445000.0,-7030000.0,-0.41,61190000.0,0.1373682497,2679836000.0,840264000.0,982609000.0,671565000.0,1839572000.0,295340000.0,43255000.0,886563320.0,1913515320.0,9.458810815678682,1.463162910514991,0.4470128022759602,1.4256483676558795,-0.006321967557343431,9.458810815678682,-0.043537507259623166,1.990286836758747,-6.0585744744826835,1.0551009206630297,0.0,1.3010597954899439,0.0,0.16622099262790707,0.9460052265975744,-0.013651208506789221,-108.8609184675835,0.1373682497278003,-11.249999999999998,-5.646644219348474,0.2291506027395912,-0.04947691615283086,0.18679570976939042,-11.616076610562972,-2.2068669527896994,-5.551339984322911,0.254189251274982,-0.06753179522828633,Electronic Components,Technology,TTMI
2015Q1,2015,Q1,2015-05-05,2015-03-30,3446000.0,329164000.0,5825000.0,0.04,51559000.0,0.1566362057,1521874000.0,720195000.0,730453000.0,456608000.0,801679000.0,153920000.0,79867000.0,754099060.0,927921060.0,8.614463595803977,1.5997376305277173,0.30014968387658897,0.6342587771367477,0.008179640478579638,8.614463595803977,0.0047848152236547046,2.29095241277904,54.70828932095183,1.0470762224119856,0.0,1.803566787941788,0.0,0.21628860207875292,1.1533634977924172,0.0022643136028344,16.91639508277626,0.1566362056604003,-0.7647058823529411,-0.6019669379986697,0.2337038115608339,0.07505177507958674,-0.24703906535231837,-0.7527622327450136,-0.7808090310442145,-0.7335663970035284,0.06669730208331874,-0.2532312929907095,Electronic Components,Technology,TTMI
2014Q4,2014,Q4,2015-02-27,2014-12-29,13938000.0,390912000.0,26575000.0,0.17,68475000.0,0.1751673011,1601289000.0,715464000.0,798123000.0,496012000.0,885825000.0,145187000.0,76421000.0,629254750.0,852899750.0,8.584366188733577,1.609080022257526,0.3139264679892262,0.7026027864434828,0.013511790041639464,8.584366188733577,0.01948106403676495,1.6097094742550753,11.286675814320562,0.8795058172039404,0.0,2.220839331345093,0.0,0.24412332814376417,1.1933360483214115,0.008704237648544392,24.03570473644003,0.1751673010805501,0.8888888888888891,2.059925374706096,0.3549288009366264,0.09055547137294778,0.3943756618066303,0.8200574562548968,1.1582879883050434,0.2188815256105864,0.05641112383368859,-0.136031255959058,Electronic Components,Technology,TTMI
2014Q3,2014,Q3,2014-11-10,2014-09-29,7658000.0,345275000.0,12313000.0,0.09,49108000.0,0.1422286583,1561403000.0,709910000.0,718081000.0,466747000.0,851493000.0,151638000.0,64820000.0,563412200.0,815224200.0,8.51772751814746,1.5384801616293196,0.3205578572604254,0.7050471186488428,0.009692718371504183,8.51772751814746,0.010787282895014861,1.6317781478531606,18.392928963175763,0.7936389119747573,0.0,1.9531186114298527,0.0,0.2211312518292843,1.1310774359556677,0.004904563395868972,39.33069458987784,0.1422286583158352,3.419354838709677,1.8114682229032462,0.28509960142520563,0.09096463693448872,0.2722279792746114,3.467139175257732,1.3674293405114402,-0.6947038464537344,-0.05952446791206458,-0.2314749900091309,Electronic Components,Technology,TTMI
2014Q2,2014,Q2,2014-08-05,2014-06-30,-3104000.0,297635000.0,5201000.0,-0.0372,38600000.0,0.1296890487,1539740000.0,692447000.0,707223000.0,403341000.0,847293000.0,146113000.0,57369000.0,683355200.0,947802200.0,8.309098108860516,1.753412125224066,0.3549235585228675,0.7892156367202111,0.005019432925994104,8.309098108860516,-0.004482653546047568,2.2959504090580745,-55.03827319587628,0.9868700420393185,0.0,1.772840199024043,0.0,0.19330211594165247,1.3052900647343066,-0.002015924766519023,-18.57902721513825,0.12968904866699144,0.18777292576419222,-1.2700017863046404,0.06584033621555332,0.05386151367906409,0.0024411779982340415,0.18294287970518558,4.029980657640232,0.8505772291307993,-0.2068230704333684,-0.22119984906715237,Electronic Components,Technology,TTMI
2014Q1,2014,Q1,2014-05-06,2014-03-31,-3799000.0,291895000.0,1034000.0,-0.0458,38506000.0,0.131917299,1562134000.0,694338000.0,719366000.0,392485000.0,867796000.0,139315000.0,60473000.0,700716250.0,927118250.0,8.373084112149533,1.8328496630444475,0.34849443133559604,0.7840489790275054,0.0005608623931580197,8.373084112149533,-0.005471398655985989,2.4005764058993817,-46.111887996841276,1.0091860880435752,0.0,1.8188206582205793,0.0,0.1868565692827888,1.368358026421392,-0.0024319296552024346,42.56568156967562,0.13191729902876034,-1.3271428571428572,-2.376621718318851,0.013020952812744983,0.08019317091720084,-0.4516142814418161,-1.3363137393767706,-0.9647267517227264,-1.1363007034435553,-0.17138821975516247,-0.22795245333029548,Electronic Components,Technology,TTMI
2013Q4,2013,Q4,2014-02-21,2013-12-30,11296000.0,366111000.0,29314000.0,0.14,70217000.0,0.1917915605,1673575000.0,705295000.0,804991000.0,458003000.0,968280000.0,138145000.0,64272000.0,709954910.0,953143910.0,8.533618071604012,1.7576107580081353,0.3428247912403089,0.8134794660390333,0.018923369818248683,8.533618071604012,0.016015993307764837,1.9391794018753876,15.712528992563739,1.0066070367718472,0.0,2.141908863874914,0.0,0.21875984046128796,1.3557465780791829,0.006749622813438298,-63.40015270584033,0.1917915604830229,2.5005359056806005,1.085501239822882,0.15177370291091064,0.1958337595152242,0.44959639959536735,2.465490399584847,0.8738174379953976,-0.6660487205373083,-0.04266632357153026,-0.05441247378163225,Electronic Components,Technology,TTMI
2013Q3,2013,Q3,2013-11-04,2013-09-30,-7708000.0,338691000.0,15644000.0,-0.0933,48439000.0,0.1430182674,1593464000.0,664825000.0,718955000.0,452141000.0,928639000.0,145109000.0,56502000.0,804816200.0,1066971200.0,8.045806607769576,1.5901123764489395,0.33429622507944956,0.8012469446846915,0.02318563979407349,8.045806607769576,-0.011594028503741586,2.3762550525405164,-26.10327581733264,1.2105684954687324,0.0,2.0002343066246753,0.0,0.21255014233142386,1.1895559128678885,-0.004837260207949474,-18.63647562811161,0.14301826738826837,-1.5831249999999997,-1.4221814478333314,0.03806578573038419,-0.07769726939649649,-0.00037146335926697895,-1.5867397427114258,0.4140829793003706,-1.256717493624951,-0.08289312421887891,-0.05857327041252402,Electronic Components,Technology,TTMI
2013Q2,2013,Q2,2013-08-06,2013-07-01,13137000.0,338021000.0,11063000.0,0.16,48457000.0,0.1433549987,1579474000.0,665891000.0,729573000.0,405171000.0,913583000.0,135500000.0,64210000.0,720228400.0,1020663400.0,8.062122404503905,1.8006545384541341,0.3361486165647551,0.797334698922196,0.0054971655162123385,8.062122404503905,0.0197284540562945,2.130720872371835,13.706104894572583,1.0816010428133134,0.0,2.1370036900369005,0.0,0.21400858766905945,1.3946086960814077,0.008317325894569964,30.356081935429486,0.14335499865392978,1.6666666666666667,-0.28126272215283576,0.00969520054344293,-0.05037623551421677,-0.04480583481174847,1.5498835403726707,-0.12573099415204678,0.7946582686998498,0.003182973716166685,-0.18983119552618316,Electronic Components,Technology,TTMI
2013Q1,2013,Q1,2013-05-07,2013-04-01,5152000.0,325392000.0,12654000.0,0.06,50730000.0,0.1559042632,1670475000.0,662318000.0,760412000.0,399374000.0,907544000.0,150621000.0,51073000.0,617768000.0,892901000.0,8.062300669507,1.9040097752983418,0.334769451802631,0.8443436536527771,0.009258118144553658,8.062300669507,0.007778740725754094,1.8985346904656537,29.977096273291924,0.9327362384836286,0.0,1.823530583384787,0.0,0.19479010461096394,1.4501019094883492,0.0030841527110552387,-474.4761904761905,0.15590426316565864,-0.6842105263157895,-0.8155454523174246,-0.03814154184173727,-0.011276411991080091,-0.1840378305346458,-0.6727434415295687,-0.408221484356732,-0.39438862618412224,0.24113705130069651,0.006143975139745601,Electronic Components,Technology,TTMI
2012Q4,2012,Q4,2013-03-01,2012-12-31,15743000.0,382393000.0,21383000.0,0.19,62172000.0,0.1625866582,1676213000.0,655948000.0,765151000.0,370172000.0,921382000.0,146012000.0,45921000.0,752955080.0,1025067080.0,8.006004979739297,2.067014793123197,0.3326218088035351,0.8499835352802356,0.013963124832765841,8.006004979739297,0.024000378078750145,1.969060835318638,11.95698215079718,1.1478883691999975,0.0,2.193114264580993,0.0,0.2281291220149229,1.5867758771598068,0.009392004476758026,44.01958959368606,0.16258665822857635,1.073076923076923,-0.31359985959215103,0.1780616520938366,0.029898713989020328,0.1883936080740118,1.0740275740134673,0.35834074450514547,2.515797596617934,0.3482592242088233,0.017080625702176604,Electronic Components,Technology,TTMI
2012Q3,2012,Q3,2012-11-05,2012-09-24,-212664000.0,339011000.0,15742000.0,-2.6,52316000.0,0.1543194764,1668731000.0,631205000.0,780483000.0,395043000.0,937577000.0,141878000.0,34778000.0,825025030.0,1111341030.0,7.7042927412759825,1.9756912538635034,0.3398462664144191,0.8984592961082374,0.013084460156639862,7.7042927412759825,-0.33691748322652704,2.433623186268292,-0.9698691715570101,1.3070635213599386,0.0,2.0207149804761837,0.0,0.20315497225136944,1.5059297342314635,-0.12744055213212915,62.02729343658372,0.15431947635917417,-29.88888888888889,-14.661636456638606,0.09519463686664323,0.05632813823603632,-0.04342579217787205,-29.699595141700406,-0.13161959399823478,-21.924086085821646,0.28359300574847635,-0.013221435480808142,Electronic Components,Technology,TTMI
2012Q2,2012,Q2,2012-08-06,2012-06-25,7410000.0,327423000.0,18128000.0,0.09,54691000.0,0.1670346921,1821290000.0,830730000.0,723975000.0,441585000.0,887037000.0,131889000.0,243120000.0,710029650.0,989180650.0,10.143842725441113,1.639491830564897,0.2897050991330321,0.6351486042396447,0.008717248096669546,10.143842725441113,0.00891986566032285,2.1685393206952472,23.95511639676113,0.8547056805460258,0.0,2.067890423007226,0.0,0.1797753240834793,1.2657178119727799,0.004068544822625721,122.29239579745091,0.16703469212608765,-0.4,-0.39678856585361927,0.01735404411926975,0.3700276371008829,-0.03164063883281986,-0.41167129813418024,-0.1686310479247879,-0.3440988434146057,0.1931432784849898,0.28656628061186246,Electronic Components,Technology,TTMI
2012Q1,2012,Q1,2012-05-07,2012-03-26,12595000.0,300499000.0,21805000.0,0.15,56478000.0,0.1879473809,1771400000.0,939152000.0,681300000.0,417237000.0,718537000.0,133320000.0,241256000.0,973699480.0000001,1258336480.0,11.535651554420056,1.632884907139108,0.2870051936321554,0.541340485885139,0.010943225546195657,11.535651554420056,0.013411034635500963,3.2402752754584876,19.32710361254466,1.036785823807009,0.0,1.8303405340534054,0.0,0.1696392683752964,1.241785843537366,0.00711019532573106,143.12795531383216,0.18794738085650867,0.07142857142857129,-0.2296914359110358,-0.12054002279805212,0.6350875605898864,-0.20874779343775393,0.12757385854968667,-0.33553754266211605,3.648739570069643,0.06224947524990734,0.4881890429219666,Electronic Components,Technology,TTMI
2011Q4,2011,Q4,2012-02-29,2011-12-31,11170000.0,361460000.0,32816000.0,0.14,71378000.0,0.1974713661,1749069000.0,808917000.0,671534000.0,437140000.0,826399000.0,129430000.0,228661000.0,892286480.0000001,1185634480.0,9.935968457126013,1.5361989294047673,0.2798059996489561,0.6050064468913374,0.022823559330195343,9.935968457126013,0.013808586047765099,2.468562164554861,19.97060161145927,1.1030630831098864,0.0,2.241226918025187,0.0,0.20665851375789063,1.1808253648716658,0.006386254630320473,-77.12736450860058,0.1974713661262657,-0.5333333333333333,0.12311388944963877,0.29792243657176387,0.45760275133356876,0.009961230438350737,-0.543671868616717,-0.09719662164021019,1.085831113467255,0.15440571996817573,0.3923480538749185,Electronic Components,Technology,TTMI
2011Q3,2011,Q3,2011-11-07,2011-09-26,24478000.0,358261000.0,36349000.0,0.3,70674000.0,0.1972695884,1778253000.0,901420000.0,696681000.0,486020000.0,765417000.0,147637000.0,224512000.0,810066720.0000001,1089899720.0,11.083214478925884,1.4334410106579976,0.27414490514004475,0.5408122739677398,0.02201203021137308,11.083214478925884,0.027154933327416742,2.2611077398879593,8.273416128768691,0.8986562534667526,0.0,1.9479331061996654,0.0,0.20146795759658495,1.0553145961071562,0.013765195391206988,56.75915919282512,0.19726958837272268,2.2,0.20385580091476907,1.4471974755670818,0.6616255417368279,-0.08613176440162927,2.2077165975922637,-0.08546772002214059,0.362102124078999,0.11557058735710136,0.27048529452677833,Electronic Components,Technology,TTMI
2011Q2,2011,Q2,2011-08-08,2011-06-27,-20268000.0,366117000.0,39746000.0,-0.25,77335000.0,0.2112302898,1786987000.0,867494000.0,715866000.0,337636000.0,810702000.0,141152000.0,200034000.0,1226139720.0,1517405720.0,10.66910182144658,2.120230070253172,0.2950015864692916,0.6076860473962933,0.04897511653050797,10.66910182144658,-0.023363850355160958,3.349037930497628,-15.124083777383067,1.4134273205347818,0.0,2.045893788256631,0.0,0.20487949828398305,1.5841527562226776,-0.011341996332373991,52.653399750934,0.21123028977075634,-1.7575757575757578,-1.9970851935210123,1.4793712049379095,0.67620622089382,-0.056038376095500816,-1.747262470965601,-0.12997986165834866,-2.126419094628937,0.11091707605642472,0.25669546144625527,Electronic Components,Technology,TTMI
2011Q1,2011,Q1,2011-05-09,2011-03-28,27123000.0,342801000.0,45684000.0,0.33,81926000.0,0.2389899679,1788934000.0,875172000.0,679505000.0,449739000.0,806851000.0,144600000.0,220937000.0,1396847760.0,1689288760.0,10.845295925448598,1.5108874258180855,0.27657867758117405,0.5653528677791337,0.024027775595109043,10.845295925448598,0.030991622218261097,4.074806549572492,12.875122220993251,1.5960836955478463,0.0,1.8041147994467497,0.0,0.19162305596517257,1.0992442283190917,0.01516154313127259,131.7159603960396,0.2389899679405836,-0.17500000000000002,0.5808502840068389,1.421907653094776,0.7657848025809258,-0.08974145306267568,-0.1787379640283413,-0.13197795933878018,-0.011431434424073086,0.031577680737835075,0.3300173660087222,Electronic Components,Technology,TTMI
2010Q4,2010,Q4,2011-03-15,2010-12-31,33026000.0,373391000.0,52630000.0,0.4,90003000.0,0.2410422319,1761952000.0,728255000.0,676499000.0,418200000.0,929094000.0,135385000.0,193814000.0,1203984320.0,1513307320.0,9.024672846237731,1.6176446676231468,0.2981925727829135,0.7214519639412019,0.031393951489517395,9.024672846237731,0.04534949983178969,3.224459936099156,9.113912674862231,1.6532455252624425,0.0,2.093200871588433,0.0,0.21191893990301666,1.2046413199426111,0.018743983945079094,26.210038314176245,0.24104223186954157,0.11111111111111122,-0.10960069356905716,2.037381867573278,0.5330534999546542,0.1203460509118068,0.13526520229624284,0.15151515151515152,0.462000069613244,0.1679479262200235,0.1609409414599855,Electronic Components,Technology,TTMI
2010Q3,2010,Q3,2010-11-08,2010-09-27,29091000.0,357813000.0,45705000.0,0.36,80335000.0,0.2245167168,1695953000.0,684216000.0,633540000.0,405394000.0,910543000.0,133399000.0,160788000.0,759759910.0,1119222910.0,8.54639703218876,1.5627759660971796,0.30878980726470606,0.7653913384077543,0.029249379952587216,8.54639703218876,0.04251727524641341,2.123343506244882,6.5291663229177415,1.1104094467244263,0.0,2.080060570169192,0.0,0.21098049297356708,1.1446050015540437,0.01715318761781724,76.44998088146508,0.22451671683253543,3.086265607264472,2.6336951498270023,1.9764503708115624,0.5440119558206348,0.40706554103758713,3.3161721068249257,1.6333832680341092,0.912471136151891,0.18293566672318187,0.1717882443992852,Electronic Components,Technology,TTMI
2010Q2,2010,Q2,2010-08-09,2010-06-28,6740000.0,310248000.0,17356000.0,0.0881,57094000.0,0.184026972,1674072000.0,756786000.0,628614000.0,355616000.0,808926000.0,127810000.0,131697000.0,780273000.0,1166424000.0,9.951163708086785,1.767676370017097,0.35801148337705907,0.7919504324868589,0.007753028861381672,9.951163708086785,0.008906084414880826,2.514997679275934,28.941876854599407,1.0310351935685913,0.0,1.9807057350755026,0.0,0.18532536235000646,1.3206154953657878,0.004026111182792616,-420.6323450134771,0.18402697197081044,-0.11900000000000008,0.10782380013149243,1.9161884622003365,0.8440772226686369,1.1167093018944871,0.5027870680044593,0.7588163761653831,-0.40916063515270906,0.038078250160404975,0.34400440448482406,Electronic Components,Technology,TTMI
2010Q1,2010,Q1,2010-05-10,2010-03-29,4485000.0,138219000.0,9868000.0,0.1,26973000.0,0.1951468322,553335000.0,347046000.0,396616000.0,62452000.0,206289000.0,61977000.0,126768000.0,388923800.0,427228800.0,8.013068575386747,6.350733363222955,0.2551636892659962,0.4068365576897587,0.012805277295510372,8.013068575386747,0.012923358863090196,2.8138229910504347,21.679141583054626,1.120669306086225,0.0,1.7949561934265936,0.0,0.24979262110656295,3.2223307500160123,0.008105397272899781,117.46414980368469,0.1951468322010722,0.851851851851852,-0.04621893679211189,1.2263781179614848,0.5164858258954494,-0.025330635253306352,0.8948035487959443,0.0546115207865769,-0.48437427504809827,-0.23959253738163858,0.13578922594522538,Electronic Components,Technology,TTMI
2009Q4,2009,Q4,2010-03-15,2009-12-31,2367000.0,149924000.0,9357000.0,0.054,27674000.0,0.1845868573,543058000.0,340917000.0,382559000.0,59447000.0,202141000.0,60153000.0,122283000.0,499364300.0,544899300.0,7.871553913645809,6.4352953050616515,0.2575820630577213,0.4103110141178058,0.010828638263638321,7.871553913645809,0.006943038921497021,3.3307829300178757,52.74232150401352,1.4647679640499007,0.0,2.03231759014513,0.0,0.27607364222606057,3.115666055477989,0.004358650457225563,34.496014092290686,0.1845868573410528,1.490909090909091,-0.6722126429545151,1.4034480489728498,0.5279204429736543,0.14322303465939604,1.4845445240532242,0.23215696602580985,-0.5526221710101994,0.011964391722948033,0.15475393176916352,Electronic Components,Technology,TTMI
2009Q3,2009,Q3,2009-11-06,2009-09-28,-4885000.0,139075000.0,7594000.0,-0.11,24207000.0,0.1740571634,542885000.0,336832000.0,382092000.0,62968000.0,206053000.0,61722000.0,119916000.0,505624240.0,444907240.0,7.807519354689166,6.068034557235421,0.2553045304254124,0.4114840632718982,0.009678388342129921,7.807519354689166,-0.014502778833365001,3.635622793456768,-25.876368474923236,1.5011169960098802,0.0,1.8610544052363824,0.0,0.2561776435156617,4.7894962520645405,-0.00899822245963694,45.68343332128659,0.1740571634010426,-1.7857142857142856,-1.5661536321913678,1.084919900747934,0.5614572892411995,-0.10539931261317861,-1.8212844653665097,-0.3763652788043032,-1.4529229057530944,0.7909346056957403,0.17052445407638034,Electronic Components,Technology,TTMI
2009Q2,2009,Q2,2009-08-07,2009-06-29,5948000.0,144480000.0,12177000.0,0.14,27059000.0,0.1872854374,546010000.0,339953000.0,378041000.0,66182000.0,206057000.0,62536000.0,124801000.0,344936000.0,294344000.0,7.884430734976923,5.712142274334411,0.2515466749693229,0.40401761419960996,0.015769188539948516,7.884430734976923,0.017496536285898343,2.3874307862679958,14.497982515131136,1.0146579085932468,0.0,1.8776544710246899,0.0,0.26461053826852987,4.45885588226406,0.010893573377776964,14.437301188682405,0.18728543743078627,3.6666666666666674,-0.18852806442887357,1.2112755575967884,0.6604953382142172,0.11459406022160894,3.1681850035038543,0.53478699268969,-0.4481990862072964,0.8450981566068764,0.23871081815046902,Electronic Components,Technology,TTMI
2009Q1,2009,Q1,2009-05-11,2009-03-30,1427000.0,148997000.0,7934000.0,0.03,24277000.0,0.1629361665,538782000.0,332383000.0,356221000.0,67710000.0,206399000.0,69012000.0,118853000.0,236697599.99999997,210976599.99999997,7.75146921641791,5.260980652783932,0.25264021440953854,0.4095215459274391,0.010470558378866197,7.75146921641791,0.0042932400273178834,1.5886064820097048,41.46769446391029,0.7121230628521915,0.0,1.8072219324175505,0.0,0.2765441310214521,4.074627086102496,0.002648566581660115,18.66111636707663,0.16293616649999665,1.0188679245283019,-0.7929374100898359,1.4454374411642135,0.6946374751397135,-0.2085995566566697,1.0208187441643324,-0.46701598817681045,-0.8434784204827073,0.9810263612488338,0.26206114006598363,Electronic Components,Technology,TTMI
2008Q4,2008,Q4,2009-03-16,2008-12-31,-68544000.0,164916000.0,14886000.0,-1.59,30676000.0,0.1860098474,556250000.0,305997000.0,353130000.0,72731000.0,250253000.0,71011000.0,119067000.0,223404800.0,249939800.0,7.136124067164179,4.855288666455844,0.3146067415730337,0.5719010317094612,0.019147340012908697,7.136124067164179,-0.22400219609996178,1.3546581289868782,-0.8148225957049486,0.7300882034791191,0.0,1.8904113447212403,0.0,0.296478202247191,3.7231166902696238,-0.12322516853932584,13.015135450043694,0.18600984743748333,-8.227272727272727,-14.943586578386265,1.8755155769102345,0.6248931331049224,-0.045728862066820135,-8.247198139141467,-0.0399226056110932,-4.477727202918628,1.5246174162964148,0.21223895466055098,Electronic Components,Technology,TTMI
2008Q3,2008,Q3,2008-11-07,2008-09-29,9458000.0,169019000.0,15505000.0,0.22,32146000.0,0.1901916353,627080000.0,373414000.0,342439000.0,76490000.0,253666000.0,76964000.0,187611000.0,420345100.0,479875100.0,8.723607055250556,4.476912014642437,0.27907125087708107,0.46864873839759624,0.01874260212919317,8.723607055250556,0.025328455815796944,2.4869695123033506,11.110834743074646,1.125681147466351,0.0,1.7784028896626995,0.0,0.2695333928685335,3.271761014511701,0.015082605090259616,26.022726428527207,0.19019163525994118,0.0,2.682591597554803,2.6369767971450964,1.1052513832677886,-0.12121377802077637,0.0014824227022448115,-0.18630280766203097,1.2095549585328815,1.6296243822080267,0.5760271305507734,Electronic Components,Technology,TTMI
2008Q2,2008,Q2,2008-08-08,2008-06-30,9444000.0,172975000.0,19055000.0,0.22,36580000.0,0.2114756468,621114000.0,362311000.0,331263000.0,81350000.0,258803000.0,78348000.0,178153000.0,563749960.0,620062960.0,8.489806917236855,4.0720712968653965,0.281751820116758,0.4830104523461888,0.022441607350805824,8.489806917236855,0.026066004068328038,3.259141263188322,14.923495340957222,1.5559835610842618,0.0,1.7408868126818808,0.0,0.2784915490554069,2.9184511370620774,0.015204938223900927,448.1319236883943,0.2114756467697644,-0.35294117647058826,21.129534164401537,3.265814422953921,1.1816128271567634,-0.027179405350779215,-0.3428889507375452,-0.22020788999836308,1.766191770550192,1.8973799339170356,0.573269219579659,Electronic Components,Technology,TTMI
2008Q1,2008,Q1,2008-05-07,2008-03-31,14372000.0,174071000.0,24436000.0,0.34,37602000.0,0.2160153041,517399000.0,344685000.0,239590000.0,134270000.0,172714000.0,73646000.0,168709000.0,478503056.16,520934056.16,8.154251367404683,1.784389662620094,0.14495582712761332,0.21758997345402323,0.036565621621461784,8.154251367404683,0.04169604131308296,2.748895888229516,8.323529365432785,1.3882328971669786,0.0,1.8530402194280748,0.0,0.3364347437857437,1.123177180308334,0.027777401966374113,20.565739294279453,0.21601530410005113,0.21428571428571425,14.900903568137453,3.137550410987459,0.9380978122461981,0.08497561820122919,0.21456942449083072,0.3921267019882641,2.131506743888553,1.8728139249282894,0.5432048912499116,Electronic Components,Technology,TTMI
2007Q4,2007,Q4,2008-03-17,2007-12-31,11833000.0,167466000.0,17553000.0,0.28,34657000.0,0.2069494703,498798000.0,328594000.0,219936000.0,121097000.0,170204000.0,65675000.0,154337000.0,492875056.08,559194056.0799999,7.773584791392067,1.8161969330371521,0.17040966483426156,0.2586778821280973,0.03343728217746337,7.773584791392067,0.03601100446143265,2.943135060728745,10.413146625538747,1.4999514783593126,0.0,2.022215454891511,0.0,0.33573911683687585,1.1519608247933475,0.023723030164515494,34.34190747491639,0.20694947034024816,0.47368421052631593,5.009912052507285,6.368421729209991,0.8489344161767878,0.10920147223555769,0.4428728203877576,0.156781336496639,0.6789536223251652,1.7506803198074308,0.5089039912903109,Electronic Components,Technology,TTMI
2007Q3,2007,Q3,2007-11-13,2007-10-01,8201000.0,163079000.0,15174000.0,0.19,31245000.0,0.191594258,504237000.0,314809000.0,222809000.0,128068000.0,189428000.0,66333000.0,142504000.0,528748685.5,610433685.5,7.2934654132582235,1.7397710591248399,0.21616819075157118,0.34624168940532196,0.02282019838138691,7.2934654132582235,0.02605071646617473,3.2422855517877838,16.118421091940007,1.6795856709941583,0.0,1.9874572234031327,0.0,0.32341736128050896,1.1243948527344847,0.016264177361042527,43.9123565733743,0.19159425799765759,0.2666666666666667,19.999999953664187,5.781901190081384,0.639709951436822,0.05750355378054559,0.3261642949547219,0.16195727084769124,-0.05000000231679069,1.4435735092736055,0.4586495679348883,Electronic Components,Technology,TTMI
2007Q2,2007,Q2,2007-08-13,2007-07-02,6184000.0,162016000.0,13059000.0,0.15,29546000.0,0.1823647047,500607000.0,305247000.0,209601000.0,123107000.0,195360000.0,64585000.0,134303000.0,535946671.0,629815671.0,7.404115399384578,1.7025920540667874,0.23970899328215547,0.39312425674945206,0.019130226957149096,7.404115399384578,0.02025900336448843,3.3079860692771086,21.666666841849935,1.755780305785151,0.0,2.051095455601146,0.0,0.3236391021300142,1.1096525786510922,0.012353003453807078,60.090444108083865,0.18236470472052144,-0.25000000000000006,5.653154167984951,5.721827252593782,0.7932548962518293,-0.14904524639267303,-0.26946249261665683,-0.26610093289872994,-0.11764706212692433,1.5933632285393913,0.5593388435435566,Electronic Components,Technology,TTMI
2007Q1,2007,Q1,2007-05-14,2007-04-02,8465000.0,176897000.0,17794000.0,0.2,34721000.0,0.1962780601,537431000.0,297364000.0,239497000.0,143766000.0,240067000.0,66781000.0,128119000.0,397886560.0,502505560.0,7.05506654962158,1.6658806671953035,0.27910559681149766,0.5044322782851993,0.025023947122788527,7.05506654962158,0.028466794904561412,2.2492555554927445,11.750932073242765,1.3380454930657375,0.0,2.128988784235037,0.0,0.32915295172775666,1.154104586619924,0.015750859180062186,16.153238064306592,0.1962780601140777,0.6666666666666669,28.888631134049795,5.826444463736525,0.6430808110715106,0.26262773191752425,0.6440085453486114,0.5477080977646342,0.24960321106505767,1.9537042116433543,0.5423889111590048,Electronic Components,Technology,TTMI
