Quarters,Year,Quarter,FillingDate,Date,NetIncome,Revenue,OperatingIncome,EPSDiluted,GrossProfit,GrossProfitRatio,TotalAssets,CommonStockEquity,CurrentAssets,CurrentLiability,TotalLiability,Inventory,RetainedEarnings,MarketCap,EnterpriseValue,bookValuePerShare,currentRatio,debtToAssets,debtToEquity,roic,shareholdersEquityPerShare,roe,priceToSalesRatio,peRatio,pbRatio,payoutRatio,inventoryTurnover,dividendYield,assetTurnover,quickRatio,returnOnAssets,priceToFreeCashFlowsRatio,grossProfitMargin,epsdilutedGrowth,fiveYNetIncomeGrowthPerShare,fiveYRevenueGrowthPerShare,fiveYShareholdersEquityGrowthPerShare,grossProfitGrowth,netIncomeGrowth,operatingIncomeGrowth,threeYNetIncomeGrowthPerShare,threeYRevenueGrowthPerShare,threeYShareholdersEquityGrowthPerShare,Industry,Sector,Symbol
2023Q1,2023,Q1,2023-05-12,2023-03-31,-1652348.0,0.0,-1549416.0,-0.38,-1549416.0,0.0,176325225.0,165491877.0,1928367.0,2276848.0,10833348.0,0.0,-7875951.0,174742500.0,172949638.0,9.593732,0.8469458655123223,0.0,0.0,-0.012894031350780046,9.593732,-0.009984465884086866,0.0,-26.438513557676714,1.0558977465703652,0.0,0.0,0.0,0.0,0.7874315720680519,-0.009371024480473512,-220.69716775599127,0.0,0.9999999968302992,0.0,0.0,2228.695243673333,-0.32028007304326783,-2.835587342002768,-2.9944108730175096,0.0,0.0,2228.695243673333,Shell Companies,Financial Services,CLBR
2022Q4,2022,Q4,2023-03-24,2022-12-31,900174.0,0.0,-387896.0,-119885131.29,-1173551.0,0.0,175322752.0,167144225.0,374725.0,1110527.0,8178527.0,0.0,-5890208.0,171465000.0,171269661.0,9.689520289855073,0.33742988689153885,0.0,0.0,-0.0016293190449335956,9.689520289855073,0.005385612335693919,0.0,47.61996014103939,1.025850579043338,0.0,0.0,0.0,0.0,0.17589756935220846,0.005134382102329765,-2436.066831472168,0.0,-5994256565.5,0.0,0.0,0.0,-3.799053725801307,1.4562972745827831,-0.5862401753510702,0.0,0.0,0.0,Shell Companies,Financial Services,CLBR
2022Q3,2022,Q3,2022-11-02,2022-09-30,366476.0,0.0,-244538.0,0.02,-244538.0,0.0,174074290.0,166244051.0,567325.0,533239.0,7830239.0,0.0,-6793524.0,168360000.0,168094275.0,9.637336289855073,1.063922556302146,0.0,0.0,-0.0010870356598439482,9.637336289855073,0.0022044457999883557,0.0,114.8506314192471,1.0127279682326797,0.0,0.0,0.0,0.0,0.4983225157949812,0.0021052850481251425,-10838.859202987189,0.0,-0.7777777777777777,-0.9632744758636028,0.0,0.01884465457908542,0.016960326744574022,-0.8115345333515726,0.016960326744574022,-0.9632744758636028,0.0,0.01884465457908542,Shell Companies,Financial Services,CLBR
2022Q2,2022,Q2,2022-08-08,2022-06-30,1944526.0,0.0,-248757.0,0.09,-248757.0,0.0,173452857.0,165877575.0,709239.0,301182.0,7575282.0,0.0,-6622856.0,168187500.0,167906242.0,9.616091304347826,2.3548518835787,0.0,0.0,-0.001489415128901635,9.616091304347826,0.011722657508104998,0.0,21.623200204060012,1.0139254808855265,0.0,0.0,0.0,0.0,0.9338473082720747,0.011210688792517265,-950.7812588329734,0.0,-0.71875,2.502704962006267,0.0,-0.0688058315809936,0.0,-0.6440170957382578,0.14914146942126147,2.502704962006267,0.0,-0.0688058315809936,Shell Companies,Financial Services,CLBR
2022Q1,2022,Q1,2022-05-09,2022-03-31,5462414.0,0.0,-292360.0,0.32,0.0,0.0,173468079.0,163933049.0,880345.0,280266.0,9535030.0,0.0,-8567382.0,166807500.0,166349348.0,9.503365159420289,3.141105235740332,0.0,0.0,-0.0037685212259618577,9.503365159420289,0.033321005333097904,0.0,7.634330718982486,1.0175342984073945,0.0,0.0,0.0,0.0,1.6347041738919454,0.031489447692563656,-435.4445877297859,0.0,0.0,0.0,0.0,2207.6929356428013,0.0,0.0,0.0,0.0,0.0,2207.6929356428013,Shell Companies,Financial Services,CLBR
2021Q3,2021,Q3,2021-11-12,2021-09-30,9870317.0,0.0,-331519.0,0.22,0.0,0.0,174138596.0,161395606.0,1635745.0,236490.0,12742990.0,0.0,-11104825.0,164994375.0,164073235.0,9.459083135531136,6.916761808110279,0.0,0.0,-0.0042509320354079325,9.459083135531136,0.06115604535107356,0.0,4.179054608884395,1.0222978127421882,0.0,0.0,0.0,0.0,3.8950484164235273,0.056680811874697784,-180.55160395476207,0.0,2.2222222222222223,0.0,0.0,0.0,0.0,10.989056919603325,-2.9977208870452325,0.0,0.0,0.0,Shell Companies,Financial Services,CLBR
2021Q2,2021,Q2,2021-08-12,2021-06-30,-988113.0,0.0,-82927.0,-0.18,0.0,0.0,151931693.0,136023520.0,1931447.0,200673.0,15908173.0,0.0,-989113.0,127110958.0,125252453.0,10.3266232011248,9.624847388537571,0.0003091849967076981,0.00034534468744817074,-0.0011677357660247122,10.3266232011248,-0.00726428047149493,0.0,-32.16002572580262,0.93447778737089,0.0,0.0,0.0,0.0,9.49544781809212,-0.006503666091577088,-3250.919641943734,0.0,0.0,0.0,0.0,0.0,0.0,0.0,0.0,0.0,0.0,0.0,Shell Companies,Financial Services,CLBR
2021Q1,2021,Q1,2021-07-22,2021-03-31,0.0,0.0,0.0,0.0,0.0,0.0,308975.0,24000.0,6180.0,284975.0,284975.0,0.0,-1000.0,53826542.0,53820362.0,0.004302709990175479,0.021686112816913763,0.0,0.0,,0.004302709990175479,0.0,0.0,0.0,2242.7725833333334,0.0,0.0,,0.0,0.021686112816913763,0.0,0.0,0.0,0.0,0.0,0.0,0.0,0.0,0.0,0.0,0.0,0.0,0.0,Shell Companies,Financial Services,CLBR
2021Q4,2021,Q4,2022-03-22,2021-12-31,,,,,,,173947649.0,161348022.0,1265921.0,478611.0,12599627.0,0.0,-11152409.0,0.0,-841226.0,0.0,2.6449893546115737,0.0,0.0,,0.0,,0.0,0.0,0.0,0.0,0.0,,,1.7576403383958998,,0.0,0.0,0.0,0.0,0.0,0.0,0.0,0.0,0.0,0.0,0.0,0.0,Shell Companies,Financial Services,CLBR
