Quarters,Year,Quarter,FillingDate,Date,NetIncome,Revenue,OperatingIncome,EPSDiluted,GrossProfit,GrossProfitRatio,TotalAssets,CommonStockEquity,CurrentAssets,CurrentLiability,TotalLiability,Inventory,RetainedEarnings,MarketCap,EnterpriseValue,bookValuePerShare,currentRatio,debtToAssets,debtToEquity,roic,shareholdersEquityPerShare,roe,priceToSalesRatio,peRatio,pbRatio,payoutRatio,inventoryTurnover,dividendYield,assetTurnover,quickRatio,returnOnAssets,priceToFreeCashFlowsRatio,grossProfitMargin,epsdilutedGrowth,fiveYNetIncomeGrowthPerShare,fiveYRevenueGrowthPerShare,fiveYShareholdersEquityGrowthPerShare,grossProfitGrowth,netIncomeGrowth,operatingIncomeGrowth,threeYNetIncomeGrowthPerShare,threeYRevenueGrowthPerShare,threeYShareholdersEquityGrowthPerShare,Industry,Sector,Symbol
2023Q1,2023,Q1,2023-05-09,2023-03-31,47035000.0,84616000.0,296367000.0,3.69,84616000.0,1.0,27939947000.0,1292385000.0,5757130000.0,8645706000.0,26647562000.0,0.0,726892000.0,1438718380.0,27194234380.0,119.64312164413997,0.6658947227675797,0.9527616498341962,20.59766246126348,0.008302235385464528,119.64312164413997,0.036393953814072434,17.002911742460054,7.64706271925162,1.1132273896710345,0.39700223238014243,0.0,0.012978912523519718,0.003028495365435017,1.6170512853432675,0.001683431969287558,23.75651623982431,1.0,0.09821428571428574,0.7913640526824477,0.9141896209964356,0.7052290566107333,0.08266905508284819,0.08330646275738172,0.22475318310115258,2.635472660803122,1.291585799566773,0.8477302589931146,Credit Services,Financial Services,AGM
2022Q4,2022,Q4,2023-02-24,2022-12-31,43418000.0,78974000.0,241981000.0,3.36,78155000.0,0.9896294983,27333110000.0,1271958000.0,5489270000.0,24537976000.0,26061152000.0,0.0,698530000.0,1217380710.0,34041614710.0,117.76298490880474,0.22370508472255413,1.232396752510051,26.482978211544722,0.005442943727287162,117.76298490880474,0.03413477489036588,15.414955681616735,7.00965446358653,0.9570919086950984,0.3927403381086185,0.0,0.01400712189697831,0.0028893162907550588,0.5429952331846767,0.0015884763936485822,11.817738634929572,0.9896294983159014,0.05660377358490557,1.1385646171531376,0.7704301541864733,0.7699573116782419,0.0873285288961852,0.04828818388140422,0.3941326604098611,0.3248882033286614,0.36624584390670184,0.5781273694671273,Credit Services,Financial Services,AGM
2022Q3,2022,Q3,2022-11-07,2022-09-30,41418000.0,71878000.0,173571000.0,3.18,71878000.0,1.0,26441588000.0,1232023000.0,1038302000.0,23796415000.0,25209565000.0,0.0,672164000.0,1070612860.0,32184718860.0,114.0867672932679,0.04363270685941559,1.2095468698778606,25.9592069303901,0.00415841636829772,114.0867672932679,0.033617878887001296,14.894861570995298,6.46224383118451,0.8689877218201284,0.4116809116809117,0.0,0.015926391917242617,0.0027183692598190395,0.5235420545489731,0.001566396087859776,5.9396656828369805,1.0,-0.11666666666666664,0.867318937914697,0.609328072476829,0.7429406901880906,-0.06258721650560142,-0.09756841554819592,0.34080322588120787,1.302546513392635,0.9427206444960422,0.6279883755366164,Credit Services,Financial Services,AGM
2022Q2,2022,Q2,2022-08-08,2022-06-30,45896000.0,76677000.0,129453000.0,3.6,76677000.0,1.0,25916403000.0,1212348000.0,1088923000.0,23571475000.0,24704055000.0,0.0,638935000.0,1054229400.0000001,24849065400.0,112.29603556872915,0.04619664233994691,0.9532289646831005,20.377206874593764,0.00395067308352214,112.29603556872915,0.03785711693342176,13.748965139481202,5.742490630991808,0.8695765572261431,0.37144849224333276,0.0,0.01617105347280203,0.0029586281707380457,0.5017928661655666,0.0017709247691510277,4.106773923375081,1.0,-0.17995444191343957,1.1681468430841861,0.7316834701839392,0.74810879993146,-0.06930705086967603,-0.04057528691180467,0.2182894464416797,0.3358608310568618,0.3620078412706303,0.5526402709356147,Credit Services,Financial Services,AGM
2022Q1,2022,Q1,2022-05-09,2022-03-31,47837000.0,82387000.0,106258000.0,4.39,82387000.0,1.0,25789414000.0,1192844000.0,1039778000.0,23460965000.0,24596570000.0,0.0,610087000.0,1168004160.0,24492261160.0,110.78703445713755,0.044319489841956626,0.938924125999916,20.299639349319776,0.0032839423213703806,110.78703445713755,0.04010331610839305,14.177044436622282,6.104083450049125,0.979175952597322,0.3557915421117545,0.0,0.01457186590842279,0.0031946053524132033,0.5063242283512208,0.0018549083744206054,4.337105363806836,1.0,0.30267062314540044,1.1395402860736676,0.840431527292632,0.7556137974621453,0.2562824031716987,0.3040290044706139,0.12000252969759573,0.8834340896319444,0.8434549160011463,0.5486712367354005,Credit Services,Financial Services,AGM
2021Q4,2021,Q4,2022-02-28,2021-12-31,36684000.0,65580000.0,94873000.0,3.37,65580000.0,1.0,25145491000.0,1204413000.0,11296628000.0,163419000.0,23941078000.0,0.0,579270000.0,1334230380.0,24122980380.0,111.87191157347205,69.12677228474045,0.9424168730688138,19.6755888553179,0.0030083300852242366,111.87191157347205,0.03045799073905712,20.345080512351327,9.092726938174682,1.1077847715027984,0.44343583033475087,0.0,0.012192047373407882,0.002608022249396522,69.12677228474045,0.0014588699023614213,417.8610648293141,1.0,0.5044642857142856,0.24665599684971876,0.14420076986782468,0.8295801133866212,0.0,0.18095483372501045,0.0,0.5847950945174047,0.5094927389421479,0.5802750945211357,Credit Services,Financial Services,AGM
2021Q3,2021,Q3,2021-11-08,2021-09-30,31063000.0,56685000.0,0.0,2.24,0.0,0.0,24744368000.0,1197298000.0,0.0,8207962000.0,23547070000.0,0.0,558853000.0,1168326320.0,23611220320.0,111.21103473899312,0.0,0.9433235878160234,19.495519077121987,0.0,111.21103473899312,0.02594425113881423,20.610855076298844,9.402877378231336,0.9758024485132356,0.5018188842030712,0.0,0.01334216282998743,0.0022908243201038717,1.3300659774009675,0.0012553563703869906,9.167226276226794,0.0,-0.046808510638297815,0.5370878938247102,0.3902354855090769,0.9389588087390751,0.0,-0.0071277887873170106,0.0,0.033969628558626945,0.13479628469424507,0.5257369473098051,Credit Services,Financial Services,AGM
2021Q2,2021,Q2,2021-08-05,2021-06-30,31286000.0,55433000.0,0.0,2.35,0.0,0.0,24181245000.0,1180215000.0,0.0,8436775000.0,23001030000.0,0.0,544038000.0,1064460700.0000001,23039756700.0,109.65483601226424,0.0,0.9430324617280872,19.32164817427333,0.0,109.65483601226424,0.026508729341687742,19.20265365396064,8.50588681838522,0.9019210059184132,0.47116921306654735,0.0,0.013848327138803716,0.0022923964419532578,1.3911219630723826,0.0012938126221375284,-11.567333166708325,0.0,-0.08914728682170542,0.9862507657012891,0.578122398929121,0.9601138667732899,0.0,-0.058416348150600414,0.0,0.04537673475739286,0.09101455622726932,0.5252974923633567,Credit Services,Financial Services,AGM
2021Q1,2021,Q1,2021-05-06,2021-03-31,33227000.0,61144000.0,0.0,2.58,0.0,0.0,24013911000.0,1077492000.0,1012541000.0,21597080000.0,22936419000.0,0.0,528068000.0,1081531360.0,22794082360.0,100.34382566585957,0.04688323606709796,0.9463303166235604,21.090729211910624,0.0,100.34382566585957,0.03083735192465466,17.688266387544157,8.137443645228277,1.0037488538197963,0.44298311614048813,0.0,0.013609406573286973,0.0025461908308063606,0.5446580741470606,0.001383656331532169,2.7188090377982683,0.0,-0.05494505494505491,1.3789484104254972,0.9263429083023123,0.9310764572163476,-1.0,-0.04244956772334294,0.0,0.2730181961965678,0.3914483356161085,0.4301633460036556,Credit Services,Financial Services,AGM
2020Q4,2020,Q4,2021-02-25,2020-12-31,34700000.0,63463000.0,0.0,2.73,63463000.0,1.0,24355501000.0,992477000.0,1033941000.0,21877796000.0,23363024000.0,0.0,509560000.0,797148000.0,44784827000.0,92.44383383010432,0.047259833668802834,0.9514361047222967,23.348352657038905,0.0,92.44383383010432,0.03496302685100007,12.5608307202622,5.74314121037464,0.8031904013896544,0.38270893371757925,0.0,0.016659390727945124,0.00260569470527418,0.5511924510128899,0.0014247294687142753,6.091562803279816,1.0,0.5780346820809249,0.9071016547450304,0.7087586472092475,0.8061296893253038,0.0,0.3612113604268006,0.0,0.7195052289082277,0.43131994753865116,0.38941484655700265,Credit Services,Financial Services,AGM
2020Q3,2020,Q3,2020-11-09,2020-09-30,25492000.0,47592000.0,0.0,1.73,0.0,0.0,23998837000.0,930345000.0,0.0,11045809000.0,23068492000.0,0.0,488717000.0,683326440.0,22654435440.0,86.67272219116825,0.0,0.953450410951164,24.594855671820667,0.0,86.67272219116825,0.02740058795393107,14.358010590015128,6.701381217636905,0.7344871418667268,0.5237329358230033,0.0,0.019538245878499887,0.0019830960975317263,1.0994445042459091,0.001062218139987367,8.380671605180535,0.0,-0.41156462585034015,1.2473155794573612,0.7974974631341224,0.7688998083175629,0.0,-0.284455173188121,0.0,0.15625929769345603,0.07202400122476453,0.32412739724696876,Credit Services,Financial Services,AGM
2020Q2,2020,Q2,2020-08-10,2020-06-30,35626000.0,59219000.0,0.0,2.94,0.0,0.0,23932656000.0,824116000.0,0.0,11097549000.0,23108540000.0,0.0,478647000.0,686827300.0,22757741300.0,76.80484622553588,0.0,0.9567895013407621,27.785547180251324,0.0,76.80484622553588,0.043229351207839675,11.598090139988855,4.819705411777916,0.8334109518562921,0.3372817605119856,0.0,0.01749493650004885,0.0024744015039534265,1.1178717030219916,0.0014885936604779678,29.393045748277487,0.0,2.379310344827586,0.4359204426170708,0.21356320809166718,0.4678225134665324,0.0,1.7767731878409976,0.0,0.6933396325368929,0.34563607648020006,0.1956185887084856,Credit Services,Financial Services,AGM
2020Q1,2020,Q1,2020-05-11,2020-03-31,12830000.0,36617000.0,0.0,0.87,0.0,0.0,23180110000.0,693617000.0,0.0,11420130000.0,22486493000.0,0.0,455545000.0,595908560.0,21578870560.0,64.7514002987304,0.0,0.9583451933575812,32.02710862046345,0.0,64.7514002987304,0.018497239831203677,16.274095638637792,11.611624318004678,0.8591319993598773,0.9354637568199532,0.0,0.020140673931584405,0.00157967326298279,1.0483492744828649,0.0005534917651383017,-1.8040833033111219,0.0,-0.6777777777777778,-0.012014689830663153,0.19592948423333392,0.21624662596919786,0.0,-0.6052064742445689,0.0,-0.42322379146954975,-0.17781815171063362,0.02609887814468652,Credit Services,Financial Services,AGM
2019Q4,2019,Q4,2020-02-25,2019-12-31,32498000.0,57322000.0,0.0,2.7,0.0,0.0,21709374000.0,799276000.0,604381000.0,10214028000.0,20910098000.0,0.0,457047000.0,894368500.0,21005139500.0,74.62197740640462,0.05917166077868594,0.954203101388368,25.91739524269464,0.0,74.62197740640462,0.04065929666348045,15.602534803391368,6.880181088066958,1.1189732958327288,0.3363283894393501,0.0,0.01222091341544341,0.002640426204827463,1.0715543368394918,0.001496957028793184,7.555255666218945,0.0,1.0300751879699248,2.6843239819680598,1.300947900904196,0.4847278498431714,0.0,0.8223518196601806,0.0,0.11007145784062955,0.005255630448079704,0.22038574262387053,Credit Services,Financial Services,AGM
2019Q3,2019,Q3,2019-11-06,2019-09-30,17833000.0,36680000.0,0.0,1.33,0.0,0.0,21315234000.0,750259000.0,3903325000.0,10091585000.0,20564975000.0,0.0,435479000.0,874251960.0,20645333960.0,70.07836727068933,0.38679008302461904,0.9551395494884082,27.1359930370712,0.0,70.07836727068933,0.023769125062145204,23.834568157033807,12.25609768406886,1.165266874506004,0.6125161217966691,0.0,0.012494109821612524,0.0017208349671413413,1.0979415027470907,0.0008366316785450256,-23.371346539417758,0.0,-0.494296577946768,0.2244345369951567,0.05631576057154013,0.40144681842299806,0.0,-0.47619327360845937,0.0,-0.11262569021126476,-0.09535813518027424,0.22181281597151503,Credit Services,Financial Services,AGM
2019Q2,2019,Q2,2019-08-01,2019-06-30,34045000.0,55786000.0,0.0,2.63,0.0,0.0,20738160000.0,773742000.0,3548831000.0,10145727000.0,19964418000.0,0.0,428569000.0,776567820.0,20138245820.0,72.32585530005609,0.3497857768102769,0.9527499064526458,25.53600554189898,0.0,72.32585530005609,0.04400045493200576,13.920478614706198,5.702510060214422,1.0036521476150966,0.33117932148626816,0.0,0.014519015222649838,0.002690016857811879,1.0426336131457115,0.001641659626504955,-6.515431961003113,0.0,0.29556650246305427,0.5441840599324855,1.0173709678592942,0.4728872346493011,0.0,0.35260230433055223,0.0,1.1745436106492726,0.5978215352149865,0.2928468734750796,Credit Services,Financial Services,AGM
2019Q1,2019,Q1,2019-05-02,2019-03-31,25170000.0,44289000.0,0.0,2.03,0.0,0.0,19797777000.0,763298000.0,3023009000.0,8787997000.0,19034479000.0,0.0,407755000.0,796088700.0,19238063700.0,71.53683223992502,0.3439929485638195,0.9505156563789965,24.653669995205018,0.0,71.53683223992502,0.032975325495415944,17.97486283275757,7.907118593563767,1.042959237414483,0.4277314263011522,0.0,0.013523618662091298,0.0022370693436944964,1.076412975562008,0.00127135485968955,42.985350971922244,0.0,0.11538461538461524,13.550647150810695,2.0760140812642978,0.7817028028698251,0.0,0.10124256212810641,0.0,0.8135773716393908,0.4042182288633496,0.3766974863243195,Credit Services,Financial Services,AGM
2018Q4,2018,Q4,2019-02-21,2018-12-31,22856000.0,42898000.0,0.0,1.82,0.0,0.0,18694328000.0,752557000.0,2868220000.0,7926167000.0,17941771000.0,0.0,393351000.0,642503491.4,17989901491.4,70.79268157888177,0.36186721778635245,0.9506976661584198,23.616355970378322,0.0,70.79268157888177,0.030371121390140546,14.977469611636906,7.027733323853693,0.8537605675051856,0.4149457472873644,0.0,0.0147610092815754,0.002294706715320283,1.1150472857813871,0.0012226168279490977,-12.309910936122925,0.0,-0.26016260162601623,0.7615660148363834,0.5259002505831262,1.3309282585691748,0.0,-0.23222143840908327,0.0,0.268633169066128,0.16651046331149563,0.3831183615940974,Credit Services,Financial Services,AGM
2018Q3,2018,Q3,2018-11-08,2018-09-30,29769000.0,49497000.0,0.0,2.46,0.0,0.0,18474034000.0,777591000.0,2840863000.0,7790286000.0,17696443000.0,0.0,379979000.0,739292400.0,17588224400.0,72.8900449943757,0.36466735624340363,0.9356421017737653,22.229017568361773,0.0,72.8900449943757,0.0382836221098238,14.93610521849809,6.2085760354731425,0.9507471151286473,0.3185192650072223,0.0,0.012825777730164682,0.002679274055682695,1.1287535528220658,0.0016113968394775066,8.207884890808362,0.0,0.004081632653061137,0.8569618641323941,0.32360647902910694,1.1748971721515589,0.0,0.0044877851261978675,0.0,1.6406022119210388,0.8810129755396633,0.48760975032520565,Credit Services,Financial Services,AGM
2018Q2,2018,Q2,2018-08-09,2018-06-30,29636000.0,50313000.0,0.0,2.45,0.0,0.0,18626771000.0,766212000.0,2956636000.0,7994000000.0,17860559000.0,0.0,359692000.0,953677840.0,18163950840.0,71.89078626383937,0.3698568926695021,0.9470822935440608,23.023764963221666,0.0,71.89078626383937,0.038678590259614835,18.9548991314372,8.04492711567013,1.2446657583018799,0.3199487110271292,0.0,0.009942560896665063,0.002701112286182076,1.118004128096072,0.0015910433429390418,21.516059922389676,0.0,0.1666666666666667,0.0505330671298286,-0.06569528858788791,1.1569150477807262,0.0,0.1478368643247221,0.0,0.20256042349752096,0.03801959446147172,0.3739095874107743,Credit Services,Financial Services,AGM
2018Q1,2018,Q1,2018-05-10,2018-03-31,25819000.0,43468000.0,0.0,2.1,0.0,0.0,18397236000.0,745266000.0,2845712000.0,8061000000.0,17651970000.0,0.0,339538000.0,924326440.0,17918674440.0,70.16249293918283,0.3530222056816772,0.9505561596318055,23.46491856598852,0.0,70.16249293918283,0.034644006301105916,21.26452654826539,8.950060420620474,1.2402637984290172,0.3662806460358651,0.0,0.010231233891783946,0.0023627462299227993,1.0767974196749783,0.001403417339430771,7.8445764236612066,0.0,0.3548387096774194,0.5315140914536075,0.0765309335931313,0.946727015150865,0.0,0.2905628311506548,0.0,1.0050606569989204,0.4317155381532738,0.31788494014301594,Credit Services,Financial Services,AGM
2017Q4,2017,Q4,2018-03-08,2017-12-31,20006000.0,43956000.0,0.0,1.55,0.0,0.0,17792274000.0,708146000.0,2717737000.0,8246000000.0,17084128000.0,0.0,322704000.0,832732730.88,17458271730.88,66.53436449105317,0.3295824642250788,0.9513995231862998,23.904055095983033,0.0,66.53436449105317,0.028251236326972122,18.944688572208573,10.40603732480256,1.1759336787611592,0.3557932620213936,0.0,0.008547760567160572,0.002470510514844814,0.9925435362600048,0.0011244206333603,47.041731492486726,0.0,-0.09356725146198826,0.9554406818744657,0.42275238895162437,1.0346373107509004,0.0,-0.08153521256083004,0.0,1.2825204072853236,0.7756478555352806,0.32381139397419273,Credit Services,Financial Services,AGM
2017Q3,2017,Q3,2017-11-09,2017-09-30,21782000.0,43861000.0,0.0,1.71,0.0,0.0,17690238000.0,694166000.0,2711905000.0,8263000000.0,16996072000.0,0.0,318869000.0,771407700.0,17250949700.0,65.45648279113625,0.3281985961515188,0.9522939148698847,24.26841130219573,0.0,65.45648279113625,0.031378661588150385,17.587553863341007,8.853728996419061,1.1112726638873123,0.32659994490864014,0.0,0.009222101360927562,0.0024793900455154986,0.9914474161926661,0.001231300562491019,11.562212596300848,0.0,0.05555555555555546,0.26126626942493747,0.11856446123474088,0.9174664590537293,0.0,0.04801770592763664,0.0,0.5098210684802231,0.27514486962907053,0.3090170779587469,Credit Services,Financial Services,AGM
2017Q2,2017,Q2,2017-08-09,2017-06-30,20784000.0,43475000.0,0.0,1.62,0.0,0.0,17267385000.0,680929000.0,2810307000.0,8055000000.0,16586456000.0,0.0,304201000.0,685820000.0,16756022000.0,64.23858490566037,0.3488897579143389,0.9491996037616581,24.070343604105567,0.0,64.23858490566037,0.030523006069648966,15.775043128234618,8.249374518860662,1.007182834039966,0.34223441108545033,0.0,0.010371526056399637,0.002517752398524733,1.009305027932961,0.0012036564888082359,-56.947604417503946,0.0,-0.06358381502890166,6.746561914795814,4.85125566667867,0.9763699589600803,0.0,-0.05139205842081242,0.0,-0.048581507204642396,0.5867074579652952,0.3081931943556161,Credit Services,Financial Services,AGM
2017Q1,2017,Q1,2017-05-10,2017-03-31,21910000.0,43867000.0,0.0,1.73,0.0,0.0,15931757000.0,665815000.0,2878407000.0,7752000000.0,15265735000.0,0.0,290530000.0,607421070.0,15423753070.0,63.10444507629609,0.37131153250773996,0.9496738495321012,22.72398939645397,0.0,63.10444507629609,0.0329070387419929,13.846879658969156,6.930865700593336,0.9122970644998986,0.32377909630305796,0.0,0.011678883644915379,0.0027534314011944823,1.052657507739938,0.0013752406592694077,5.918322095991582,0.0,-0.27310924369747897,-0.06104104863755532,-0.1093770194455941,0.9524528831556999,0.0,-0.23820451305587428,0.0,11.808912759635312,2.0810672365176233,0.5716850068073341,Credit Services,Financial Services,AGM
2016Q4,2016,Q4,2017-03-09,2016-12-31,28761000.0,56020000.0,0.0,2.38,0.0,0.0,15606020000.0,643425000.0,2903862000.0,8597000000.0,14962373000.0,0.0,275714000.0,602636575.2900001,15143211575.29,61.1462218871591,0.33777620100034894,0.9487238898835193,23.01092435015736,0.0,61.1462218871591,0.04469984846718732,10.75752544252053,5.2383138215813085,0.9366073361930295,0.20986752894544697,0.0,0.010015986827708497,0.0035896404079964013,0.9068765848551821,0.0018429426593071134,6.716783977998463,0.0,0.5454545454545453,1.0173678222747744,0.6125633828505135,1.0269303756569148,0.0,0.462994048527392,0.0,1.2393677053139858,1.013051738176429,1.0133077787526221,Credit Services,Financial Services,AGM
2016Q3,2016,Q3,2016-11-09,2016-09-30,19659000.0,39664000.0,0.0,1.54,0.0,0.0,16000905000.0,600690000.0,3401465000.0,9535000000.0,15400021000.0,0.0,252989000.0,413683500.0,15260749500.0,57.35605843597823,0.3567346617724174,0.9474868452753141,25.238720471457825,0.0,57.35605843597823,0.032727363531938274,10.429696954417103,5.260739356020143,0.6886805174049843,0.3061702019431304,0.0,0.014549770537137692,0.002478859789493157,1.1291945464079707,0.001228618006294019,5.062578016007049,0.0,0.3628318584070798,1.871044843972213,-0.44863942064444523,0.945770192937664,0.0,0.28473402169651024,0.0,0.24914273062609185,0.08040956403112541,0.7113932267128384,Credit Services,Financial Services,AGM
2016Q2,2016,Q2,2016-08-09,2016-06-30,15302000.0,34124000.0,0.0,1.13,0.0,0.0,16823190000.0,584941000.0,4331986000.0,10587000000.0,16238037000.0,0.0,239349000.0,364077920.0,14375584920.0,55.94309487375669,0.4091797487484651,0.9377610904947278,26.97046881651312,0.0,55.94309487375669,0.02615990330648732,10.669262689016527,5.948208077375506,0.6224181926040404,0.3930858711279571,0.0,0.016521188651044807,0.0020283905727748425,1.124798998772079,0.0009095777911323596,-24.666525745257452,0.0,0.20212765957446804,1.5698859672937806,0.5827455984775127,1.0757349859706604,0.0,0.12415515721422274,0.0,-0.44709759390169207,-0.3540804941403569,0.678441834114758,Credit Services,Financial Services,AGM
2016Q1,2016,Q1,2016-05-10,2016-03-31,13612000.0,30934000.0,0.0,0.94,0.0,0.0,16156028000.0,543789000.0,4257595000.0,9531000000.0,15612012000.0,0.0,230062000.0,394844449.99999994,14069093450.0,51.96263736263736,0.4467102087923618,0.9534405362506181,28.32681793857544,0.0,51.96263736263736,0.02503176783642185,12.76409290748044,7.251771414928005,0.7260986338451128,0.44056714663532176,0.0,0.015188259579183652,0.0019147032921705755,1.2037691742734236,0.000842533820812888,7.605887735249358,0.0,-0.3037037037037038,-0.2968889712946025,-0.2766604680029919,1.1691635335425756,0.0,-0.2573112178088171,0.0,-0.18045919045248038,-0.22239328764806923,0.44175421503362566,Credit Services,Financial Services,AGM
2015Q4,2015,Q4,2016-03-10,2015-12-31,18328000.0,37411000.0,0.0,1.35,0.0,0.0,15540354000.0,553517000.0,4098300000.0,9306000000.0,14986634000.0,0.0,231228000.0,341410229.16,13923359229.16,51.183386429264424,0.4403932946486138,0.9518465924264016,26.723719416025162,0.0,51.183386429264424,0.033111900808827914,9.125931655395473,4.656948782736796,0.6168017046630907,0.2736796158882584,0.0,0.014692002674733215,0.002407345418257525,1.1669113475177304,0.0011793811131972926,18.027786944767136,0.0,0.8243243243243245,0.3205474357628635,-0.02672566946516139,1.2228658992055266,0.0,0.5726789085292603,0.0,0.7630892768285854,0.19175044295495453,0.5652006074780542,Credit Services,Financial Services,AGM
2015Q3,2015,Q3,2015-11-09,2015-09-30,11654000.0,27202000.0,0.0,0.74,0.0,0.0,14853845000.0,540351000.0,3622678000.0,8483000000.0,14313299000.0,0.0,225386000.0,285956040.0,12879808040.0,48.9980957562568,0.4270515147942945,0.949948515014126,26.11337445475256,0.0,48.9980957562568,0.02156746263077148,10.512316741416072,6.134289514329844,0.5292042394665689,0.43409987986957266,0.0,0.017691530488392553,0.001831310344224004,1.2149205469763056,0.0007845779998377525,5.493449878971837,0.0,-0.6185567010309279,0.6168482635103876,0.16829019140412443,0.9862865317123293,0.0,-0.5422264121297824,0.0,-0.3510698434076365,-0.33289032449042427,0.43533842889046537,Credit Services,Financial Services,AGM
2015Q2,2015,Q2,2015-08-10,2015-06-30,25458000.0,50071000.0,0.0,1.94,0.0,0.0,15144597000.0,576106000.0,3636788000.0,8039000000.0,14568304000.0,0.0,221477000.0,319950600.0,12798703600.0,52.325703905540415,0.4523930837168802,0.9351129647094604,24.58212377583292,0.0,52.325703905540415,0.04418978451882119,6.389938287631563,3.1419455573886403,0.5553675886034861,0.19883730065205438,0.0,0.01582119239657622,0.0033061956022996187,1.2726127627814405,0.0016809955392012082,13.151537323248931,0.0,11.125,8.279949188559286,1.7577822771169656,1.3065102509468651,0.0,0.9199095022624434,0.0,7.776755001423059,5.488051603157436,0.6098572132655716,Credit Services,Financial Services,AGM
2015Q1,2015,Q1,2015-05-11,2015-03-31,13260000.0,31264000.0,0.0,0.16,0.0,0.0,14849685000.0,582325000.0,3762740000.0,8160000000.0,14267185000.0,0.0,201081000.0,308342220.0,12815944220.0,53.23870908758457,0.46112009803921566,0.9470805609681283,24.15120078993689,0.0,53.23870908758457,0.022770789507577383,9.862532625383828,5.813390271493213,0.5295019447902803,0.3804675716440422,0.0,0.016361690591706838,0.0021053645245673563,1.2339969362745098,0.0008929482342554741,3.4631574100073004,0.0,-0.6799999999999999,0.3234595823431104,0.14734789240119453,1.6962590599311345,0.0,0.48272391814827237,0.0,-0.4518449025929997,-0.38771135093251186,0.6472068002161593,Credit Services,Financial Services,AGM
2014Q4,2014,Q4,2015-03-16,2014-12-31,8943000.0,25258000.0,0.0,0.5,0.0,0.0,14287821000.0,545801000.0,3407125000.0,7847000000.0,13505992000.0,0.0,201013000.0,329480719.1,12215446719.1,50.25970073524706,0.4341945966611444,0.9273179584206717,24.275061789919768,0.0,50.25970073524706,0.01638509273526432,13.04460840525774,9.210575844235715,0.6036645574119506,0.5774348652577435,0.0,0.01567314777661598,0.00176779930263684,1.2036659870014017,0.0006259176959173831,-0.19663447069706375,0.0,-0.5098039215686274,-0.17401730850981126,0.002459643112884234,1.6627381484718702,0.0,-0.3985473132019638,0.0,-0.39217548444881883,-0.29549103679059097,0.6660541068211455,Credit Services,Financial Services,AGM
2014Q3,2014,Q3,2014-11-10,2014-09-30,14869000.0,35451000.0,0.0,1.02,0.0,0.0,14525697000.0,546547000.0,2678952000.0,8393000000.0,13743297000.0,0.0,196897000.0,351290200.0,11642912200.0,50.00430009149131,0.3191888478493983,0.8205659253390732,21.80835682933032,0.0,50.00430009149131,0.02720534556040011,9.909176045809708,5.906419396058915,0.64274472277773,0.24890712220055147,0.0,0.010535449038999665,0.0024405713543384526,0.9916835458119861,0.0010236341843011044,5.677784422427308,0.0,-0.42696629213483145,-0.38053276307531103,-0.2883705234864381,1.473805786001131,0.0,-0.3395371563096877,0.0,1.6312651218673822,-0.5278079895102419,0.6963661606094892,Credit Services,Financial Services,AGM
2014Q2,2014,Q2,2014-08-11,2014-06-30,22513000.0,28237000.0,0.0,1.78,0.0,0.0,14670102000.0,536421000.0,2795254000.0,8355000000.0,13897828000.0,0.0,186842000.0,339517920.0,11999048920.0,49.104815086049065,0.3345606223818073,0.8209659346608497,22.45186896113314,0.0,49.104815086049065,0.04196890129208215,12.023866558062117,3.7702429707280234,0.632931820342604,0.12108559498956159,0.0,0.008029031280587488,0.0019247991595423126,0.9470781567923399,0.0015346178233798238,0.2025606128402928,0.0,24.428571428571427,-0.2921174947629171,-0.5015539847535716,2.573810215095446,0.0,11.755240793201134,0.0,2.6189527241462707,0.253584512866098,0.8220047153942381,Credit Services,Financial Services,AGM
2014Q1,2014,Q1,2014-05-12,2014-03-31,1765000.0,14691000.0,0.0,0.07,0.0,0.0,13554353000.0,437122000.0,3401823000.0,7768000000.0,12875378000.0,0.0,168166000.0,361992750.0,12198696750.0,40.15082208138146,0.437927780638517,0.9372110199579426,29.061198017944648,0.0,40.15082208138146,0.00403777435132526,24.640443128445987,51.27376062322946,0.8281275021618679,1.3626062322946175,0.0,0.006643779467958958,0.0010838584475408011,1.0988438465499486,0.00013021646994142768,3.9070571283634283,0.0,-0.9369369369369369,-0.9561305657501946,-0.8022263521542361,5.729874339212137,0.0,-0.867958405027306,0.0,-0.9123649801830871,-0.6697913177074271,0.6760831151213194,Credit Services,Financial Services,AGM
2013Q4,2013,Q4,2014-03-13,2013-12-31,13367000.0,28963000.0,0.0,1.11,0.0,0.0,13361780000.0,332616000.0,3340589000.0,7766000000.0,12787311000.0,0.0,168877000.0,375097574.5,12227494574.5,30.37102549965969,0.4301556785990214,0.9431161117755269,37.88666209683238,0.0,30.37102549965969,0.04018748346441542,12.950922711735663,7.015365723423357,1.1277195760276113,0.1637615022069275,0.0,0.005835814862087304,0.002167600424494341,1.291377028071079,0.0010003906665129946,14.507177231590347,0.0,-0.1897810218978102,1.2093118849241593,-0.6832132159098423,19.055404185499803,0.0,-0.17963667607708358,0.0,-0.04897672626274309,-0.25595746523567997,0.31899668265199693,Credit Services,Financial Services,AGM
2013Q3,2013,Q3,2013-11-12,2013-09-30,16294000.0,38009000.0,0.0,1.37,0.0,0.0,13085007000.0,363395000.0,3225450000.0,7507000000.0,12479759000.0,0.0,157699000.0,361939340.0,11947015340.0,33.51424882412616,0.4296589849473824,0.9351763434287808,33.67352054926457,0.0,33.51424882412616,0.0448382613960016,9.522464153226867,5.5532610163250276,0.9959942762008284,0.13403706885970296,0.0,0.006034160309846395,0.0029047749076481196,1.3285488211003065,0.0012452419780898856,3.164330964058716,0.0,-0.44758064516129026,1.1432850502555032,-0.4176286657078552,2.06965132465333,0.0,-0.43079717739118284,0.0,1.2991603561880285,0.6602887973462005,0.3586017993631327,Credit Services,Financial Services,AGM
2013Q2,2013,Q2,2013-08-08,2013-06-30,28626000.0,54644000.0,0.0,2.48,0.0,0.0,12935951000.0,360468000.0,3201820000.0,7233000000.0,12333630000.0,0.0,143589000.0,314067600.0,11790663600.0,33.330374479889045,0.44266832572929626,0.9374895591363944,33.6432609829444,0.0,33.330374479889045,0.07941342920869536,5.747522143327721,2.742852651435758,0.8712773394587036,0.07615454481939496,0.0,0.006941180815849836,0.004224196582068068,1.36132268768146,0.0022129026308154694,9.909370858837635,0.0,0.710344827586207,0.19928633015990452,0.25026019052827003,0.39838499697931473,0.0,0.6798309958335779,0.0,9.622892296687864,2.063916949085478,0.46919859013347925,Credit Services,Financial Services,AGM
2013Q1,2013,Q1,2013-05-09,2013-03-31,17041000.0,40815000.0,0.0,1.45,0.0,0.0,12892672000.0,386975000.0,3257238000.0,7361000000.0,12263844000.0,0.0,117143000.0,326512170.0,11122466170.0,36.04125919716867,0.44249938867001765,0.9066655073517732,30.206966858324183,0.0,36.04125919716867,0.04403643646230376,7.99980815876516,4.790096972008684,0.8437552038245364,0.08368053517986034,0.0,0.004367371666422112,0.0031657518317382153,1.3541241679119684,0.0013217585927882134,2.2984264988490697,0.0,0.576086956521739,3.034584656363251,-0.4798453286881041,0.7784245310305571,0.0,0.6510996996415076,0.0,0.7326753664837414,0.5258974488874656,0.8252991724841473,Credit Services,Financial Services,AGM
2012Q4,2012,Q4,2013-03-18,2012-12-31,10321000.0,31167000.0,0.0,0.92,0.0,0.0,12622201000.0,351109000.0,3388607000.0,7069000000.0,12029239000.0,0.0,102243000.0,348952500.0,11333114500.0,32.700847536555834,0.4793615787240062,0.9324622544039665,33.52157307274949,0.0,32.700847536555834,0.029395429909230466,11.196217152757724,8.452487646545878,0.9938580326907029,1.3691502761360332,0.0,0.040495482909565055,0.002469220700890439,1.3696423822322819,0.0008176862339618899,-6.911592853747425,0.0,-0.38255033557046975,2.0852068351936,-0.8893121291472373,0.4430651346115325,0.0,-0.3964327485380117,0.0,-0.035858071857458554,0.25110688927796176,0.7324773715153634,Credit Services,Financial Services,AGM
2012Q3,2012,Q3,2012-11-08,2012-09-30,17100000.0,38826000.0,0.0,1.49,0.0,0.0,12502481000.0,358460000.0,3576496000.0,7279000000.0,11902168000.0,0.0,93712000.0,273016666.0,11042791666.0,34.13696363869596,0.49134441544168156,0.9310004150376233,32.47172627350332,0.0,34.13696363869596,0.0477040673994309,7.031799979395251,3.991471725146199,0.761637744797188,0.42789473684210527,0.0,0.026800561691717385,0.003105463627579198,0.13434647616430828,0.0013677285332407223,3.039157837320361,0.0,4.634146341463414,3.1247839306597536,-0.4961370326526739,0.4150411778098196,0.0,5.788574628955475,0.0,-0.2584558009558444,-0.18875424036679006,0.688819121783607,Credit Services,Financial Services,AGM
2012Q2,2012,Q2,2012-08-09,2012-06-30,-3571000.0,7336000.0,0.0,-0.41,0.0,0.0,12050414000.0,340175000.0,3345002000.0,7006000000.0,11468386000.0,0.0,78382000.0,274519350.42,10708525350.42,32.50331984375092,0.47744818726805593,0.9283090190926221,32.88456823693687,0.0,32.50331984375092,-0.010497538031895348,37.420849293893134,-19.218660768692246,0.8069944893657677,-2.0478857462895546,0.0,0.026639287863720718,0.0006087757648824347,0.12655909220668,-0.0002963383664660816,-3.482952503489051,0.0,-1.200980392156863,-1.1849779588234914,-0.7930216949539508,0.29975928117826167,0.0,-1.155782401954369,0.0,-1.1171992081865174,-0.8648344808639133,1.3655663152087385,Credit Services,Financial Services,AGM
2012Q1,2012,Q1,2012-05-10,2012-03-31,22923000.0,48386000.0,0.0,2.04,0.0,0.0,12311411000.0,335003000.0,3423673000.0,6984000000.0,11734555000.0,0.0,83719000.0,235285500.0,10089187500.0,32.320598166907864,0.4902166380297824,0.8795795217948617,32.32468067450142,0.0,32.320598166907864,0.06842625289922777,4.862677220683669,2.566041748462243,0.7023384865210162,0.2872660646512237,0.0,0.02798727503394812,0.003930175022180642,0.15461626575028636,0.0018619311791312953,3.2330095086292183,0.0,0.5813953488372093,4.230415148292156,3.372837524386066,0.38351461488445765,0.0,0.6323435163426618,0.0,-0.4015502431656252,-0.31581160611324066,4.417412470175159,Credit Services,Financial Services,AGM
2011Q4,2011,Q4,2012-03-15,2011-12-31,14043000.0,34219000.0,0.0,1.29,0.0,0.0,11883508000.0,312680000.0,3111875000.0,6765000000.0,11328975000.0,0.0,62554000.0,186777300.0,10264075300.0,30.166907863000482,0.45999630450849965,0.9167616161826962,34.841831904822826,0.0,30.166907863000482,0.04491173084303441,5.458292176860808,3.325096133304849,0.5973432902648075,1.096845403403831,0.0,0.0824671948893147,0.0028795369178865366,0.1417249076127125,0.0011817217609480298,10.374787535410764,0.0,1.5810810810810811,0.7682084820096994,1.1772431251541713,0.28685464285262174,0.0,1.6293640478644735,0.0,1.232345470301507,-0.6045375994977994,18.920615793035566,Credit Services,Financial Services,AGM
2011Q3,2011,Q3,2011-11-09,2011-09-30,-22313000.0,71121000.0,0.0,-2.22,0.0,0.0,11430507000.0,305208000.0,2817470000.0,6351000000.0,10883446000.0,0.0,49749000.0,197036620.0,9977209620.0,29.47730345760093,0.44362620059833097,0.9277967285265649,34.74740832481455,0.0,29.47730345760093,-0.07310752011742812,2.770442204130988,-2.207643750280106,0.6455814395428692,-0.30403800475059384,0.0,0.03443014806080209,0.006222033720813959,0.1471957172098882,-0.0019520568947641605,6.9747476106194695,0.0,-5.625000000000001,-3.080702350804002,3.097157822733053,0.29900602692286476,0.0,-4.788285229202037,0.0,0.7945186402598511,0.14117617933844043,1.6998977086037124,Credit Services,Financial Services,AGM
2011Q2,2011,Q2,2011-08-09,2011-06-30,5890000.0,21327000.0,0.0,0.48,0.0,0.0,10444828000.0,278754000.0,2951052000.0,5666000000.0,9924221000.0,0.0,73299000.0,228787160.0,9162518160.0,26.95098134003674,0.5208351570773032,0.9288871008694447,34.80511849157322,0.0,26.95098134003674,0.021129741635994462,10.727582876166363,9.710830220713074,0.8207493345386973,1.1516129032258065,0.0,0.02964764281352153,0.002041871824026207,0.15690275326509,0.0005639154613173142,-10.161995202984809,0.0,-0.7209302325581396,-0.2311927939767219,0.30142211034342864,0.16746376128904203,0.0,-0.6906999947487266,0.0,-0.741977540643764,-0.4897680048904732,0.13073580923961783,Credit Services,Financial Services,AGM
2011Q1,2011,Q1,2011-05-10,2011-03-31,19043000.0,42066000.0,0.0,1.72,0.0,0.0,9955612000.0,246590000.0,0.0,5120000000.0,9467169000.0,0.0,68645000.0,196714900.2,8661019900.2,23.955149788902467,0.0,0.9284962089723866,37.48630520296849,0.0,23.955149788902467,0.07722535382618922,4.676339566395663,2.5825093236359815,0.7977407851088851,0.3561413642808381,0.0,0.034476290271376206,0.004225355508029039,0.1712763671875,0.0019127904944467502,63.84774430379746,0.0,0.3870967741935484,2.699669377057594,2.7107071054580003,0.05498427643703072,0.0,0.4414503065627129,0.0,3.3714962335878096,-0.4408217082278651,0.18204599334427193,Credit Services,Financial Services,AGM
2010Q4,2010,Q4,2011-03-16,2010-12-31,13211000.0,36588000.0,0.0,1.24,0.0,0.0,9479914000.0,237024000.0,0.0,4985000000.0,9001037000.0,0.0,50837000.0,167995142.4,8235869142.4,23.025854347559992,0.0,0.928045760752682,37.11773491292021,0.0,23.025854347559992,0.05573697178344809,4.591536634962283,3.1790769510256607,0.7087684892669097,0.5132843842252668,0.0,0.040364262341909235,0.003859528683488057,0.17150792377131394,0.0013935780430075631,-0.7636802378387224,0.0,1.214285714285714,1.0315976867550354,1.938996682434528,0.03870542824680707,0.0,0.9668006550543398,0.0,2.4488813369779656,-0.864465428728577,0.01611456909373026,Credit Services,Financial Services,AGM
2010Q3,2010,Q3,2010-11-09,2010-09-30,6717000.0,21698000.0,0.0,0.56,0.0,0.0,8222742000.0,253515000.0,0.0,4140000000.0,7727374000.0,0.0,38860000.0,111197140.0,7163234140.0,24.668191106353994,0.0,0.9127502723544044,29.604993787349862,0.0,24.668191106353994,0.02649547364061298,5.124764494423449,4.138645972904571,0.4386215411316885,1.0093791871371147,0.0,0.06097279120668032,0.0026387791323137706,0.1339987922705314,0.0008168807923196423,-2.2663692320234796,0.0,2.2941176470588234,-0.10452722494268699,1.0829256523461652,0.1657051901743444,0.0,1.6403301886792452,0.0,1.8527926831268253,-0.7122873553835265,0.022542794579556494,Credit Services,Financial Services,AGM
2010Q2,2010,Q2,2010-08-09,2010-06-30,2544000.0,16837000.0,0.0,0.17,0.0,0.0,7099490000.0,231625000.0,0.0,3716000000.0,6626012000.0,0.0,33377000.0,143246300.0,6229470300.0,22.686092066601372,0.0,0.9031010678231817,27.680764166216946,0.0,22.686092066601372,0.010983270372369132,8.507827997861853,14.076876965408806,0.61844058283864,4.238993710691824,0.0,0.07528292179274439,0.0023715788035478607,0.11693433799784715,0.0003583355987542767,-0.8934633592595134,0.0,0.0,-0.6760292343513389,0.10197260195567293,0.08398583198167006,0.0,-0.7328011763470224,0.0,-0.8649184082650415,-0.5130558583193503,-0.0928170150318131,Credit Services,Financial Services,AGM
2010Q1,2010,Q1,2010-05-10,2010-03-31,9521000.0,25894000.0,0.0,0.17,0.0,0.0,7479165000.0,205236000.0,0.0,3854000000.0,7032076000.0,0.0,32066000.0,117765356.94,6523938356.94,19.745398310852348,0.0,0.9124526601565817,33.25139839014598,0.0,19.745398310852348,0.04639049679393479,4.547978564146134,3.092252834261107,0.5738045807753026,0.2601617477155761,0.0,0.021033350251398644,0.0034621511893373124,0.13419823559937727,0.0012730030691928845,-2.147787874377633,0.0,-0.83,0.9577529983264635,1.5470208785489457,-0.022687852746579567,0.0,-0.08125060310720834,0.0,1.1663515556819166,1.3335893133464183,-0.15477903599725845,Credit Services,Financial Services,AGM
2009Q4,2009,Q4,2010-03-16,2009-12-31,10363000.0,24116000.0,0.0,1.0,0.0,0.0,6138813000.0,196191000.0,0.0,3889000000.0,5942622000.0,0.0,28127000.0,72862767.17999999,5038205767.18,18.87519460525655,0.0,0.9155087473751033,28.646252886218022,0.0,18.87519460525655,0.052820975477978094,3.0213454627633105,1.7577624042265751,0.371386899399055,0.5186721991701245,0.0,0.07376881510307745,0.003928446753468463,0.19979120596554384,0.001688111366154988,-2.215481852955485,0.0,-0.42528735632183906,0.12149896082875533,0.7646357855132986,-0.067983832921861,0.0,-0.5346236752290282,0.0,0.30119005524439774,0.5301237384420591,-0.1948252726852318,Credit Services,Financial Services,AGM
2009Q3,2009,Q3,2009-11-09,2009-09-30,22268000.0,46216000.0,0.0,1.74,0.0,0.0,5733731000.0,204965000.0,0.0,3422000000.0,5528766000.0,0.0,23139000.0,76050000.0,4919336000.0,20.213510848126234,0.0,0.892643899757418,24.970995047935013,0.0,20.213510848126234,0.10864293903837241,1.6455340141942185,0.8538036644512303,0.371038957870856,0.2188791090353871,0.0,0.06408941485864562,0.00806037116146537,0.11267445938047925,0.003883684114235565,11.010568987983206,0.0,-0.3012048192771085,1.9040242269510144,1.843529827473038,0.07387743485789972,0.0,-0.245536168050144,0.0,5.1584201927663464,1.7186130612357944,-0.10923085435021321,Credit Services,Financial Services,AGM
2009Q2,2009,Q2,2009-08-10,2009-06-30,29515000.0,52574000.0,0.0,2.49,0.0,0.0,5322684000.0,139298000.0,0.0,3504000000.0,5183386000.0,0.0,5745000.0,48966540.0,4534898540.0,13.740185440915369,0.0,0.9109670985540378,34.80875533029907,0.0,13.740185440915369,0.21188387485821764,0.9313831932133755,0.4147597831611045,0.3515236399661158,0.15710655598848045,0.0,0.09469731780109437,0.009877347593807937,0.13491352739726029,0.005545134747807685,2.880045876955652,0.0,-0.2477341389728096,13.152268144056466,5.834479237623539,-0.2554276907744737,0.0,-0.21196667912639505,0.0,2.9304219443160124,2.27305776819474,-0.40480205995949375,Credit Services,Financial Services,AGM
2009Q1,2009,Q1,2009-05-12,2009-03-31,37454000.0,69151000.0,0.0,3.31,0.0,0.0,4770877000.0,60466000.0,0.0,3560000000.0,4710411000.0,0.0,-19133000.0,27161800.0,4035677800.0,5.9660582141095215,0.0,0.8996913984577678,70.98728210895379,0.0,5.9660582141095215,0.6194224853636755,0.3927896921230351,0.18130106263683451,0.44920781927033376,0.11862551396379559,0.0,0.16357531533256264,0.014494400086189603,0.10873005617977528,0.0078505482325367,0.6775374791089825,0.0,1.567638110982683,4.305786503074125,3.5199586852617566,-0.6639244551423215,0.0,1.6337501480566508,0.0,6.3905808159791,5.195505402330163,-0.7372549258235339,Credit Services,Financial Services,AGM
2008Q4,2008,Q4,2009-03-16,2008-12-31,-59099000.0,84609000.0,0.0,-5.83118,0.0,0.0,5107307000.0,15348000.0,0.0,4060000000.0,5091959000.0,0.0,-52144000.0,35472500.0,4402158500.0,1.5143561914158856,0.0,0.9095004471045113,302.6516810007819,0.0,1.5143561914158856,-3.8505994266353922,0.4192520890212625,-0.15005541548926377,2.3112131873859787,-0.051303744564205826,0.0,0.08547466347170343,0.016566264765364606,0.10162044334975369,-0.01157146026271771,-0.40998243221377223,0.0,0.4472815165876778,-13.881373051802862,6.463446374252,-0.9144908061538369,0.0,0.44012770230584136,0.0,-10.230707007750063,5.902871745559203,-0.9316867911791717,Credit Services,Financial Services,AGM
2008Q3,2008,Q3,2008-11-10,2008-09-30,-105558000.0,60583000.0,0.0,-10.55,0.0,0.0,4658688000.0,109889000.0,0.0,3823000000.0,4548799000.0,0.0,9987000.0,41266500.0,4297707500.0,10.917933432687532,0.0,0.9245311126222662,39.195024069743106,0.0,10.917933432687532,-0.9605875019337695,0.6811564300216232,-0.09773418405047461,0.37552894284232263,-0.015081756001439966,0.0,0.0385785079907431,0.013004305074733487,0.044139942453570495,-0.022658310666007254,5.056549442470286,0.0,-5.953051643192488,-33.08443840725425,5.548966400609154,-0.36084248929107315,0.0,-5.800054567777727,0.0,-15.368808893783232,4.938235491104272,-0.4840687096353965,Credit Services,Financial Services,AGM
2008Q2,2008,Q2,2008-08-12,2008-06-30,21991000.0,40267000.0,0.0,2.13,0.0,0.0,6064390000.0,237491000.0,0.0,5176000000.0,5826899000.0,0.0,117137000.0,246907920.0,5192117920.0,23.83490566037736,0.0,0.9329188920897238,23.82230905592212,0.0,23.83490566037736,0.09259719315679331,6.13176844562545,2.806920103678778,1.0396516920641203,0.07102905734163976,0.0,0.006326245022840903,0.0066399093725832276,0.16314393353941267,0.0036262509502192307,10.74587282935109,0.0,3.5357142857142856,1.8730271123029236,1.5683454888619102,0.366343936722224,0.0,3.8570871768221386,0.0,1.869628765219366,1.7005199062870324,0.13887839151044196,Credit Services,Financial Services,AGM
2008Q1,2008,Q1,2008-05-12,2008-03-31,-7697000.0,72109000.0,0.0,-0.84,0.0,0.0,5506014000.0,199963000.0,0.0,4261000000.0,5306051000.0,0.0,96708000.0,257528700.0,5164393700.0,20.2658356136617,0.0,0.9275047248336092,25.538994714022095,0.0,20.2658356136617,-0.03849212104239284,3.5713808262491504,-8.36458035598285,1.2878817581252533,-0.20085747693906716,0.0,0.006003214399016498,0.01309640694702193,0.0737765782680122,-0.0013979259769408504,7.082552735073293,0.0,0.05168326220957805,-2.0834375237286955,4.2208671029046805,0.4137719264289718,0.0,0.11933638443935926,0.0,-2.667244655193311,6.471801898921183,0.0030715515415495028,Credit Services,Financial Services,AGM
2007Q4,2007,Q4,2008-03-17,2007-12-31,-8740000.0,258760000.0,0.0,-0.88578,0.0,0.0,4977613000.0,223593000.0,0.0,4009000000.0,4754020000.0,0.0,94357000.0,259699440.0,4732601440.0,22.66068713894801,0.0,0.918984059226782,20.458364081165332,0.0,22.66068713894801,-0.03908888024222583,1.0036305456793941,-7.428473684210527,1.1614828728985254,-0.17963386727688788,0.0,0.0060454500787525765,0.05198475654897237,0.06265602394612123,-0.001755861695153882,20.120821259781515,0.0,-0.08021951219512204,-4.518216297736825,30.444521645025574,0.6361436810518498,0.0,-0.09113607990012484,0.0,-1.9963853299084617,18.945708335639317,0.1189355772108153,Credit Services,Financial Services,AGM
2007Q3,2007,Q3,2007-11-08,2007-09-30,-8010000.0,76694000.0,0.0,-0.82,0.0,0.0,5425983000.0,252129000.0,0.0,4237000000.0,5173854000.0,0.0,113353000.0,326182576.2,4797771576.2,24.124360600963332,0.0,0.9296039077158922,20.00569153092266,0.0,24.124360600963332,-0.03176945135228395,4.253039040863692,-10.180479906367042,1.293713044512928,-0.19975031210986266,0.0,0.0049052282885243825,0.01413458169699389,0.16231791361812603,-0.0014762302056604306,12.347449604421396,0.0,-1.471264367816092,-2.6038111643077895,5.194315990709465,0.4433545375749972,0.0,-1.4231602303344075,0.0,-2.0134970847179527,3.5782319091093586,0.2816480360288817,Credit Services,Financial Services,AGM
2007Q2,2007,Q2,2007-08-09,2007-06-30,18929000.0,34753000.0,0.0,1.74,0.0,0.0,5277108000.0,256624000.0,0.0,3741000000.0,5020484000.0,0.0,124146000.0,351166016.42,4647218016.42,25.007184264370796,0.0,0.9234817631172225,18.99009056050876,0.0,25.007184264370796,0.07376161231997007,10.10462453370932,4.637936716413968,1.368406760162728,0.08410375614137039,0.0,0.004533468290097705,0.006585614696534541,0.191700882117081,0.0035870025779271525,20.51562869778583,0.0,3.702702702702703,2.3537640060017777,1.9867868516188387,0.6411867596560911,0.0,3.223337795626952,0.0,7.966660844762514,3.463201754274025,0.3551241367896975,Credit Services,Financial Services,AGM
2007Q1,2007,Q1,2007-05-10,2007-03-31,4482000.0,11316000.0,0.0,0.37,0.0,0.0,5275762000.0,247629000.0,0.0,3657000000.0,5028133000.0,0.0,109274000.0,288320000.0,4375828000.0,23.36122641509434,0.0,0.9296169918203285,19.805588198474332,0.0,23.36122641509434,0.01809965714839538,25.47896783315659,16.08210620258813,1.1643224339637117,0.356314145470772,0.0,0.005538984461709212,0.0021449034281682913,0.2505512715340443,0.0008495455253667622,5.626524598481744,0.0,-0.5194805194805195,-0.3180158266047691,-0.019857284372968072,0.9751296992251616,0.0,-0.4481654764836247,0.0,-0.3929264594576963,-0.2927925503616949,0.31596719546395896,Credit Services,Financial Services,AGM
