Quarters,Year,Quarter,FillingDate,Date,NetIncome,Revenue,OperatingIncome,EPSDiluted,GrossProfit,GrossProfitRatio,TotalAssets,CommonStockEquity,CurrentAssets,CurrentLiability,TotalLiability,Inventory,RetainedEarnings,MarketCap,EnterpriseValue,bookValuePerShare,currentRatio,debtToAssets,debtToEquity,roic,shareholdersEquityPerShare,roe,priceToSalesRatio,peRatio,pbRatio,payoutRatio,inventoryTurnover,dividendYield,assetTurnover,quickRatio,returnOnAssets,priceToFreeCashFlowsRatio,grossProfitMargin,epsdilutedGrowth,fiveYNetIncomeGrowthPerShare,fiveYRevenueGrowthPerShare,fiveYShareholdersEquityGrowthPerShare,grossProfitGrowth,netIncomeGrowth,operatingIncomeGrowth,threeYNetIncomeGrowthPerShare,threeYRevenueGrowthPerShare,threeYShareholdersEquityGrowthPerShare,Industry,Sector,Symbol
2020Q4,2020,Q4,2020-12-31,2020-12-31,359500000.0,7686000000.0,716500000.0,0.46171315399764257,2656000000.0,0.3455633619568046,44944000000.0,19656000000.0,14977000000.0,7465000000.0,24596000000.0,3117000000.0,11565000000.0,27242414165.79659,32032414165.79659,25.24460015292813,2.00629604822505,0.2783686365254539,0.6364977614977615,0.014038831309278457,25.24460015292813,0.01828958078958079,3.5444202661718176,18.944655191791785,1.385959206644108,0.0,1.613731151748476,0.0,0.1710128159487362,1.0342933690555927,0.007998843004627982,0.0,0.3455633619568046,0.0,0.0,0.0,0.0,0.0,0.0,0.0,0.0,0.0,0.0,Building Materials,Basic Materials,CRH
2020Q2,2020,Q2,2020-06-30,2020-06-30,201500000.0,6107500000.0,412500000.0,0.25879054389575795,1925000000.0,0.3151862464183381,47802000000.0,18284000000.0,18001000000.0,7768000000.0,28876000000.0,2940000000.0,11108000000.0,23714745997.914337,30346745997.914337,23.482512677866193,2.317327497425335,0.34977615999330575,0.9144607306935025,0.008830492197055985,23.482512677866193,0.011020564427915117,3.8828892342061954,29.422761784012827,1.2970217675516484,0.0,1.4226190476190477,0.0,0.12776662064348773,1.298661174047374,0.004215304798962386,0.0,0.3151862464183381,0.0,0.0,0.0,0.0,0.0,0.0,0.0,0.0,0.0,0.0,Building Materials,Basic Materials,CRH
2018Q2,2018,Q2,2018-06-30,2018-06-30,0.0,0.0,0.0,0.0,0.0,0.0,41341195513.93225,17894554283.732224,11701930859.058851,8665741704.243265,22875476933.749565,3643195745.172852,10246271245.230663,0.0,9324777430.91687,0.0,1.3503669112741827,0.27724018346571205,0.6404988046779092,,0.0,0.0,0.0,0.0,0.0,0.0,0.0,,0.0,0.2465643762508339,0.0,0.0,0.0,0.0,0.0,0.0,-1.0,0.0,0.0,0.0,0.0,0.0,0.0,Building Materials,Basic Materials,CRH
2017Q2,2017,Q2,2017-06-30,2017-06-30,0.0,0.0,0.0,0.0,0.0,0.0,36145143393.161514,15340265623.39133,11413111866.112999,7125616298.889232,20226042989.3499,3563380120.571514,7452783783.47461,0.0,7399018497.546244,0.0,1.601701717771713,0.26578472639807577,0.6262490678598062,,0.0,0.0,0.0,0.0,0.0,0.0,0.0,,0.0,0.9935713982982824,0.0,0.0,0.0,0.0,0.0,0.0,-1.0,0.0,0.0,0.0,0.0,0.0,0.0,Building Materials,Basic Materials,CRH
2016Q2,2016,Q2,2016-06-30,2016-06-30,0.0,0.0,0.0,0.0,0.0,0.0,35026306715.16446,13988720926.352322,10413677267.21616,7417047641.294313,20442486735.40895,3333667033.737111,6085583030.222133,0.0,7995461674.508625,0.0,1.4040191961607678,0.2725396170091143,0.6824109414758269,,0.0,0.0,0.0,0.0,0.0,0.0,0.0,,0.0,0.8757655143971206,0.0,0.0,0.0,0.0,0.0,0.0,0.0,0.0,0.0,0.0,0.0,0.0,-1.0,Building Materials,Basic Materials,CRH
2015Q2,2015,Q2,2015-06-30,2015-06-30,0.0,0.0,0.0,0.0,0.0,0.0,28467439825.927006,14044729581.192938,12770587047.713049,4663630857.578681,14398034949.191322,2845510217.815563,5882814778.258821,0.0,1436775163.1934319,0.0,2.738335738335738,0.25688507151018475,0.5206835968695096,,0.0,0.0,0.0,0.0,0.0,0.0,0.0,,0.0,2.0293383934583935,0.0,0.0,0.0,0.0,0.0,0.0,0.0,0.0,0.0,0.0,0.0,0.0,-1.0,Building Materials,Basic Materials,CRH
2014Q2,2014,Q2,2014-06-30,2014-06-30,0.0,0.0,0.0,0.0,0.0,0.0,26999372424.89563,12653824115.255531,9226718327.921635,5274359464.105433,14312805260.716528,3256569074.190292,7088870091.953396,0.0,5137930093.590548,0.0,1.7493533367822034,0.24820616472966145,0.5295956873315364,,0.0,0.0,0.0,0.0,0.0,0.0,0.0,,0.0,0.9052247232281427,0.0,0.0,0.0,0.0,0.0,0.0,0.0,0.0,0.0,0.0,0.0,0.0,0.0,Building Materials,Basic Materials,CRH
2013Q2,2013,Q2,2013-06-30,2013-06-30,0.0,0.0,0.0,0.0,0.0,0.0,27823168193.172356,13212947543.713572,9190258118.234804,5940362198.168193,14562083680.266445,3312343880.099917,7674594088.259784,12622183159.553913,18161837614.17506,16.579913680098766,1.5470871660096366,0.25633592069578226,0.5397794407246947,,16.579913680098766,0.0,0.0,0.0,0.9552889783142496,0.0,0.0,,0.0,0.8144996583442838,0.0,0.0,0.0,0.0,-1.0,-1.0,-0.3207581231453764,0.0,0.0,0.0,0.0,0.0,0.0,Building Materials,Basic Materials,CRH
2012Q2,2012,Q2,2012-06-30,2012-06-30,0.0,0.0,0.0,0.0,0.0,0.0,27573459595.6399,13190444239.071262,9073415285.67269,4758890478.421046,14338705389.358011,3263745584.828267,7592196381.774677,12324534225.948877,17551844357.73938,16.5516760104,1.9066241021548285,0.24100091827364556,0.5037911507822248,,16.5516760104,0.0,0.0,0.0,0.9343532334902352,0.0,0.0,,0.0,1.0163362543229582,0.0,0.0,0.0,0.0,-1.0,-1.0,-0.11481043528115775,0.0,0.0,0.0,0.0,0.0,0.0,Building Materials,Basic Materials,CRH
2008Q2,2008,Q2,2008-06-30,2008-06-30,363000000.0,7642000000.0,561000000.0,0.746621,2211000000.0,0.28932216697199686,32932000000.0,11784000000.0,11757000000.0,9559000000.0,21046000000.0,3887000000.0,9260000000.0,8747982354.866041,19562982354.866043,24.40943976669348,1.2299403703316247,0.36368881331227987,1.0163781398506448,0.01821493335493207,24.40943976669348,0.03080448065173116,1.1447242024163886,6.024781236133637,0.7423610280775662,,1.3972215075894006,,0.23205392930887891,0.5871131760644419,0.01102271347018098,0.0,0.28932216697199686,-0.002090392082172203,4.909158213789789,2.180227455017086,1.4309625777316648,0.0,-0.0027472527472527475,-0.9267528397963181,1.2225101925511341,1.2081298860044836,1.0008290952552215,Building Materials,Basic Materials,CRH
2008Q1,2008,Q1,2008-03-31,2008-03-31,364000000.0,7659000000.0,7659000000.0,0.748185,0.0,0.0,,,,,,,,11862312491.191502,,,0.0,0.0,0.0,0.0,,0.0,1.5488069579829615,8.147192645049108,0.0,,0.0,,0.0,0.0,0.0,0.0,0.0,-0.4259687966101695,4.87097657462284,2.15800773605909,0.0,0.0,-0.4858757062146893,1.4061837081035213,1.05840193036968,1.068630888615713,0.0,Building Materials,Basic Materials,CRH
2007Q4,2007,Q4,2007-12-31,2007-12-31,708000000.0,8752000000.0,-18856000000.0,1.3033873343151694,0.0,0.0,28896000000.0,11616000000.0,9869000000.0,5813000000.0,17184000000.0,3251000000.0,8533000000.0,12976295342.08,20996295342.08,21.384388807069218,1.697746430414588,0.3283845514950166,0.8168904958677686,,21.384388807069218,0.060950413223140494,1.4826662868007312,4.58202519141243,1.117105315261708,,0.0,,0.3028792912513843,0.8836571082057457,0.024501661129568107,0.0,0.0,0.08281742486929418,1.6365648205684864,1.6205303605194685,1.2384760314928778,0.0,0.07110438729198185,-3.2652570879384912,0.5790862967163019,0.5022100511771489,0.5983759845420433,Building Materials,Basic Materials,CRH
2007Q3,2007,Q3,2007-09-30,2007-09-30,661000000.0,8324000000.0,8324000000.0,1.2037,0.0,0.0,,,,,,,,15672038391.08,,,0.0,0.0,0.0,0.0,,0.0,1.8827532906150888,5.927397273479577,0.0,,0.0,,0.0,0.0,0.0,0.0,0.0,0.9333440411178926,1.4622948522205512,1.4931544217499577,0.0,-1.0,0.9384164222873901,14.946360153256705,0.8330623735892068,0.8851324092659023,0.0,Building Materials,Basic Materials,CRH
2007Q2,2007,Q2,2007-06-30,2007-06-30,341000000.0,6563000000.0,522000000.0,0.6226,1915000000.0,0.29178729239676976,26803000000.0,10157000000.0,9981000000.0,6329000000.0,16562000000.0,3205000000.0,6907000000.0,19996772223.12,27711772223.12,18.698453608247423,1.5770263864749565,0.3252620975263963,0.8583243083587674,0.021939102445521476,18.698453608247423,0.03357290538544846,3.046895051519122,14.660390192903225,1.9687675714403858,,1.4502340093603745,,0.24486064992724696,0.8509271022278401,0.012722456441443122,0.0,0.29178729239676976,0.013509663829295502,3.726750876664352,1.7259101886085872,1.133659713203088,0.0,0.011869436201780416,-0.9193946880790611,1.705528221614492,0.9142654897812863,0.5994892850361916,Building Materials,Basic Materials,CRH
2007Q1,2007,Q1,2007-03-31,2007-03-31,337000000.0,6476000000.0,6476000000.0,0.614301,0.0,0.0,,,,,,,,17703715795.982838,,,0.0,0.0,0.0,0.0,,0.0,2.7337424020974117,13.133320323429405,0.0,,0.0,,0.0,0.0,0.0,0.0,0.0,-0.42853745482201044,4.314751283033152,2.0602730368829385,0.0,0.0,-0.4175042563672662,1.4425061152076561,1.643771329380043,0.8676794303279854,0.0,Building Materials,Basic Materials,CRH
2023Q1,2023,Q1,2023-03-02,2023-03-02,,,,,,,5936.0,0.0,5936.0,-260.0,-520.0,0.0,0.0,0.0,-6196.0,0.0,-22.83076923076923,-0.04380053908355795,0.0,,0.0,0.0,0.0,0.0,0.0,0.0,0.0,,,-22.83076923076923,,0.0,0.0,0.0,0.0,0.0,0.0,0.0,0.0,0.0,0.0,0.0,0.0,Building Materials,Basic Materials,CRH
2022Q4,2022,Q4,2022-12-31,2022-12-31,,,,,,,45188000000.0,21691000000.0,14801000000.0,8889000000.0,22851000000.0,4194000000.0,21992000000.0,0.0,5019000000.0,0.0,1.6650916863539207,0.24243161901389748,0.5050481766631322,,0.0,,0.0,0.0,0.0,0.0,,,,0.6677916526043425,,0.0,0.0,0.0,0.0,0.0,0.0,0.0,0.0,0.0,0.0,0.0,0.0,Building Materials,Basic Materials,CRH
2022Q2,2022,Q2,2022-06-30,2022-06-30,,,,,,,44836000000.0,20795000000.0,16588000000.0,9279000000.0,23401000000.0,3792000000.0,21424000000.0,0.0,4382000000.0,0.0,1.7876926392930272,0.24997769649388885,0.5389757153161818,,0.0,,0.0,0.0,0.0,0.0,,,,0.7356396163379675,,0.0,0.0,0.0,0.0,0.0,0.0,0.0,0.0,0.0,0.0,0.0,0.0,Building Materials,Basic Materials,CRH
2021Q4,2021,Q4,2021-12-31,2021-12-31,,,,,,,44670000000.0,20233000000.0,14044000000.0,7581000000.0,23756000000.0,3611000000.0,19770000000.0,0.0,6375000000.0,0.0,1.8525260519720355,0.27217371837922544,0.6008995205851826,,0.0,,0.0,0.0,0.0,0.0,,,,0.7628281229389262,,0.0,0.0,0.0,0.0,0.0,0.0,0.0,0.0,0.0,0.0,0.0,0.0,Building Materials,Basic Materials,CRH
2021Q2,2021,Q2,2021-06-30,2021-06-30,,,,,,,44529000000.0,19377000000.0,14855000000.0,7912000000.0,24457000000.0,3193000000.0,19079000000.0,0.0,6155000000.0,0.0,1.8775278058645095,0.2795257023512767,0.6423594983743613,,0.0,,0.0,0.0,0.0,0.0,,,,0.795247724974722,,0.0,0.0,0.0,0.0,0.0,0.0,0.0,0.0,0.0,0.0,0.0,0.0,Building Materials,Basic Materials,CRH
2019Q4,2019,Q4,2019-12-31,2019-12-31,,,,,,,41793619499.95519,18975714669.773277,11526570481.225916,7146697732.771754,22213011918.630703,3071511784.210055,11114347163.724348,0.0,7583564835.558741,0.0,1.6128526645768024,0.28209595282766015,0.621310507674144,,0.0,,0.0,0.0,0.0,0.0,,,,0.5885579937304076,,0.0,0.0,0.0,0.0,0.0,0.0,0.0,0.0,0.0,0.0,0.0,0.0,Building Materials,Basic Materials,CRH
2019Q2,2019,Q2,2019-06-30,2019-06-30,,,,,,,42995531602.824295,17775806983.433956,11273322645.564007,8342145058.043683,24601198394.560608,3670225466.452911,11050471285.147411,0.0,11699696421.871271,0.0,1.3513697696606242,0.30911014147824944,0.7476653447614175,,0.0,,0.0,0.0,0.0,0.0,,,,0.19067738857843805,,0.0,0.0,0.0,0.0,0.0,0.0,0.0,0.0,0.0,0.0,0.0,0.0,Building Materials,Basic Materials,CRH
2018Q4,2018,Q4,2018-12-31,2018-12-31,,,,,,,40234500114.3903,18335621139.327385,10879661404.71288,6953786318.920156,21298329901.624344,3501487073.896134,11223976206.817661,0.0,7973003889.270192,0.0,1.5645665405494322,0.26486225229579513,0.5811965811965814,,0.0,,0.0,0.0,0.0,0.0,,,,0.3859187366343148,,0.0,0.0,0.0,0.0,0.0,0.0,0.0,0.0,0.0,0.0,0.0,0.0,Building Materials,Basic Materials,CRH
2017Q4,2017,Q4,2017-12-31,2017-12-31,,,,,,,37950188353.28838,17384888547.640186,11722292871.3679,7235405619.406387,19982244403.38796,3257192216.33035,9481248650.334717,0.0,7031456198.86268,0.0,1.6201293317857735,0.25214175070337935,0.5504105996825616,,0.0,,0.0,0.0,0.0,0.0,,,,0.7799660487481348,,0.0,0.0,0.0,0.0,0.0,0.0,0.0,0.0,0.0,0.0,0.0,0.0,Building Materials,Basic Materials,CRH
2016Q4,2016,Q4,2016-12-31,2016-12-31,,,,,,,33227462033.570312,14613394472.25611,9879685330.86534,6202936351.015944,18037735055.319508,3090951158.975222,6806613099.995793,0.0,5617138530.14177,0.0,1.5927433028145133,0.24656580363360137,0.5606333213386111,,0.0,,0.0,0.0,0.0,0.0,,,,0.9668997083757206,,0.0,0.0,0.0,0.0,0.0,0.0,0.0,0.0,0.0,0.0,0.0,0.0,Building Materials,Basic Materials,CRH
2015Q4,2015,Q4,2015-12-31,2015-12-31,,,,,,,34993330855.18116,14229331117.573744,10273762928.301228,6963243172.326329,20185642752.498196,3141057879.430608,6341154090.044388,0.0,7328406183.71854,0.0,1.4754278536661958,0.2880932296060237,0.7084902036112177,,0.0,,0.0,0.0,0.0,0.0,,,,0.8724290343853037,,0.0,0.0,0.0,0.0,0.0,0.0,0.0,0.0,0.0,0.0,0.0,0.0,Building Materials,Basic Materials,CRH
2014Q4,2014,Q4,2014-12-31,2014-12-31,,,,,,,26772946154.968628,12375358723.67333,10612140668.320444,4702320151.758354,14372051169.80398,2748188141.446568,6572547302.884382,0.0,3166496424.9233913,0.0,2.256788207913111,0.26643048553390564,0.5763977596541221,,0.0,,0.0,0.0,0.0,0.0,,,,1.308424866821826,,0.0,0.0,0.0,0.0,0.0,0.0,0.0,0.0,0.0,0.0,0.0,0.0,Building Materials,Basic Materials,CRH
2013Q4,2013,Q4,2013-12-31,2013-12-31,,,,,,,28209837333.259686,13341986798.862162,10153552984.064735,5570438288.823221,14834709602.584993,3112485846.060372,7807451186.169184,0.0,4142616476.5665984,0.0,1.822756569162122,0.27118312203240486,0.5733802525357068,,0.0,,0.0,0.0,0.0,0.0,,,,0.9992777937530984,,0.0,0.0,0.0,0.0,0.0,0.0,0.0,0.0,0.0,0.0,0.0,0.0,Building Materials,Basic Materials,CRH
2012Q4,2012,Q4,2012-12-31,2012-12-31,,,,,,,27994815774.856506,13935250085.962917,9257544899.09276,5044039463.591398,14011955457.98397,3170047874.732192,8314597825.799455,0.0,4161927685.349274,0.0,1.8353434714210801,0.23219009826152687,0.4664515516750498,,0.0,,0.0,0.0,0.0,0.0,,,,0.9558190561090718,,0.0,0.0,0.0,-1.0,-1.0,-1.0,0.0,0.0,0.0,0.0,0.0,0.0,Building Materials,Basic Materials,CRH
2011Q4,2011,Q4,2011-12-31,2011-12-31,,,,,,,27719525630.224873,13620633789.125786,8171861836.562763,4807206273.086644,14002981012.248072,2962866956.127276,8227593804.678893,0.0,4778692242.887693,0.0,1.6999191156645994,0.232945247112732,0.474069844894852,,0.0,,0.0,0.0,0.0,0.0,,,,0.35696953356699906,,0.0,0.0,0.0,-1.0,-1.0,-1.0,0.0,0.0,0.0,0.0,0.0,0.0,Building Materials,Basic Materials,CRH
2011Q2,2011,Q2,2011-06-30,2011-06-30,,,,,,,30049945711.183495,14210640608.034744,9770539268.910604,6042707202.316323,15730727470.141151,3338400289.540355,8984437205.935577,0.0,5886355410.785378,0.0,1.6169142309535216,0.2466637760755408,0.52159739201304,,0.0,,0.0,0.0,0.0,0.0,,,,0.8106717177767129,,0.0,0.0,0.0,-1.0,-1.0,-1.0,0.0,0.0,0.0,-1.0,-1.0,-1.0,Building Materials,Basic Materials,CRH
2010Q4,2010,Q4,2010-12-31,2010-12-31,,,,,,,28542359356.29738,13735869131.53345,8643436627.211065,4972735736.135124,14696103205.213459,2908631466.950392,8572948530.389679,0.0,4829099614.310413,0.0,1.7381652848355176,0.24980196635757887,0.5190743609604956,,0.0,,0.0,0.0,0.0,0.0,,,,0.959038807167692,,0.0,0.0,0.0,-1.0,-1.0,-1.0,0.0,0.0,0.0,-1.0,-1.0,-1.0,Building Materials,Basic Materials,CRH
2010Q2,2010,Q2,2010-06-30,2010-06-30,,,,,,,27552761124.920795,12456743188.575329,8427157966.564313,4638836087.147244,15003411804.844763,2960959204.56207,7325632402.398011,0.0,6383730564.897404,0.0,1.8166535329655895,0.27582699451618614,0.6100948840849066,,0.0,,0.0,0.0,0.0,0.0,,,,1.017646734961912,,0.0,0.0,0.0,-1.0,-1.0,-1.0,0.0,0.0,0.0,-1.0,-1.0,-1.0,Building Materials,Basic Materials,CRH
2009Q4,2009,Q4,2009-12-31,2009-12-31,,,,,,,29060404607.71391,13807381511.83449,8570691730.185111,4544673047.166027,15148432574.932661,2876955699.467018,9324316579.74669,0.0,5662215599.747837,0.0,1.8858764186633037,0.2624858255682099,0.5524540832209194,,0.0,,0.0,0.0,0.0,0.0,,,,0.993314577553594,,0.0,0.0,0.0,-1.0,-1.0,-1.0,0.0,0.0,0.0,-1.0,-1.0,-1.0,Building Materials,Basic Materials,CRH
2009Q2,2009,Q2,2009-06-30,2009-06-30,,,,,,,29743532184.74662,12938436500.364779,9356585666.984678,6045513216.229867,16805095684.38184,3291430495.53847,8670520231.213873,0.0,7803468208.092486,0.0,1.5476908795544209,0.30627358490566037,0.7040772066796791,,0.0,,0.0,0.0,0.0,0.0,,,,0.7819831886748665,,0.0,0.0,0.0,-1.0,-1.0,-1.0,0.0,0.0,0.0,-1.0,-1.0,-1.0,Building Materials,Basic Materials,CRH
