Quarters,Year,Quarter,FillingDate,Date,NetIncome,Revenue,OperatingIncome,EPSDiluted,GrossProfit,GrossProfitRatio,TotalAssets,CommonStockEquity,CurrentAssets,CurrentLiability,TotalLiability,Inventory,RetainedEarnings,MarketCap,EnterpriseValue,bookValuePerShare,currentRatio,debtToAssets,debtToEquity,roic,shareholdersEquityPerShare,roe,priceToSalesRatio,peRatio,pbRatio,payoutRatio,inventoryTurnover,dividendYield,assetTurnover,quickRatio,returnOnAssets,priceToFreeCashFlowsRatio,grossProfitMargin,epsdilutedGrowth,fiveYNetIncomeGrowthPerShare,fiveYRevenueGrowthPerShare,fiveYShareholdersEquityGrowthPerShare,grossProfitGrowth,netIncomeGrowth,operatingIncomeGrowth,threeYNetIncomeGrowthPerShare,threeYRevenueGrowthPerShare,threeYShareholdersEquityGrowthPerShare,Industry,Sector,Symbol
2023Q1,2023,Q1,2023-05-09,2023-03-31,-10350000.0,37924000.0,-12553000.0,-0.71,22843000.0,0.6023362515,339074000.0,277588000.0,160331000.0,28693000.0,61486000.0,41319000.0,200369000.0,420834160.0,371482160.0,18.94410700880366,5.587808873244345,0.08961170717896388,0.10946078360736054,-0.0319612533567292,18.94410700880366,-0.0372854734354511,11.096776711317371,-10.165076328502415,1.5160387336628383,0.0,0.3649894721556669,0.0,0.11184579177406702,3.8464433834036176,-0.03052431032753912,-84.04916317155981,0.6023362514502689,-1.0882352941176467,-0.5507575291601124,0.7866484016478108,0.05426987095466775,-0.053375326343707265,-1.10880195599022,-0.8828558572071397,-2.7316486553798676,0.0384142535979672,-0.0839301867282628,Medical Devices,Healthcare,ANIK
2022Q4,2022,Q4,2023-03-16,2022-12-31,-4908000.0,39622000.0,-6667000.0,-0.34,24131000.0,0.6090303367,349128000.0,285563000.0,169547000.0,27914000.0,63565000.0,39765000.0,210719000.0,433344000.0,377907000.0,19.505669398907102,6.073905567098946,0.08847757842395912,0.10817227722078841,-0.014828845722216757,19.505669398907102,-0.017187100569751684,10.936954217353994,-22.073349633251834,1.517507520231963,0.0,0.38956368665912233,0.0,0.11348846268417313,4.333094504549688,-0.014057881350106551,-211.59375,0.6090303366816415,-0.17241379310344845,-1.6065760729301932,0.34418529625489297,0.0805103420854909,0.05935291277053426,-0.1755688622754491,-0.14987926871334942,-2.1817604234534276,0.298122011439949,-0.03411162080188705,Medical Devices,Healthcare,ANIK
2022Q3,2022,Q3,2022-11-09,2022-09-30,-4175000.0,40264000.0,-5798000.0,-0.29,22779000.0,0.5657411087,347746000.0,284937000.0,167761000.0,26352000.0,62809000.0,37237000.0,215627000.0,347551400.0,290879400.0,19.51222351571595,6.366158166363085,0.08944747028003197,0.10916448197320812,-0.013076925300137654,19.51222351571595,-0.014652361750141259,8.631815020862309,-20.81146107784431,1.2197482250462384,0.0,0.46955984638934395,0.0,0.11578565964813398,4.627542501517912,-0.012005889356024224,341.40609037328096,0.5657411086826942,-0.44999999999999984,-1.6052182947901779,0.4787310991795126,0.12309933173419613,-0.08378247928565682,-0.46851916989096026,-0.7148772552499261,-1.4372407843534234,0.30634037760702415,-0.025365536789275108,Medical Devices,Healthcare,ANIK
2022Q2,2022,Q2,2022-08-04,2022-06-30,-2843000.0,39657000.0,-3381000.0,-0.2,24862000.0,0.6269258895,354123000.0,286153000.0,167856000.0,29431000.0,67970000.0,35336000.0,219802000.0,324867600.0,265081600.0,19.660116798351083,5.703373993408311,0.08925147477006577,0.11045140187242489,-0.008420601123548036,19.660116798351083,-0.009935244432174396,8.191935849913005,-28.567323250087938,1.1352933570502493,0.0,0.4186948154856237,0.0,0.11198651316068146,4.198430226631783,-0.00802828395783386,282.98571428571427,0.6269258895024838,0.0,-1.25063293395871,0.18782238997866735,0.17475273760883425,0.14024949550541185,0.03068530514831231,0.04867754642656162,-1.288095958225083,0.24649750067755144,0.09023529112180982,Medical Devices,Healthcare,ANIK
2022Q1,2022,Q1,2022-05-06,2022-03-31,-2933000.0,36693000.0,-3554000.0,-0.2,21804000.0,0.5942277819,342239000.0,285787000.0,165322000.0,26992000.0,56452000.0,35225000.0,222645000.0,363241260.0,293386260.0,19.755772155398866,6.124851807943094,0.059812002723243114,0.07162677098678387,-0.00860408586646052,19.755772155398866,-0.010262888094979827,9.899470198675496,-30.96158029321514,1.2710209351719988,0.0,0.42268275372604686,0.0,0.10721454889711576,4.432350326022525,-0.008570034391171082,-113.6905352112676,0.594227781865751,0.5,-1.538012496026704,0.580946503530474,0.25184818777320095,0.20238226535789125,0.49369929224926634,0.571704025066281,-1.6381244487774842,0.45533485721084505,0.04149324165121078,Medical Devices,Healthcare,ANIK
2021Q4,2021,Q4,2022-03-11,2021-12-31,-5793000.0,35821000.0,-8298000.0,-0.4,18134000.0,0.5062393568,347535000.0,287085000.0,168528000.0,29795000.0,60450000.0,36010000.0,225578000.0,517313540.0,443881540.0,19.883986701759248,5.656251048833697,0.06029320787834319,0.07298883605900691,-0.015933858854663478,19.883986701759248,-0.0201786927216678,14.441627536919684,-22.324941308475744,1.801952522772001,0.0,0.4911691196889753,0.0,0.10307163307292791,4.169457962745427,-0.016668824722689803,154.65277727952167,0.506239356801876,-11.0,-1.7214747415922886,0.255625643327501,0.2976141573268572,-0.21235286452677757,-11.381720430107526,-2.8595348837209302,-1.7365466608462214,0.3040185479444413,0.06867791902692233,Medical Devices,Healthcare,ANIK
2021Q3,2021,Q3,2021-11-05,2021-09-30,558000.0,39536000.0,-2150000.0,0.04,23023000.0,0.5823300283,352930000.0,290060000.0,165780000.0,28771000.0,62870000.0,35019000.0,231371000.0,614098240.0,544302240.0,20.102571210756118,5.762052066316778,0.06001190037684527,0.07301937530166172,-0.002882578777031174,20.102571210756118,0.0019237399158794732,15.532634560906516,275.1336200716846,2.11714210852927,0.0,0.4715440189611354,0.0,0.11202221403677783,4.286538528379271,0.0015810500665854419,789.3293573264782,0.5823300283286119,-0.9111111111111112,-0.93682085173644,0.5538813965344785,0.3703551453895407,0.1062367864693446,-0.9145613229214515,0.5190156599552572,-0.9275463938387668,0.4563001759984639,0.12118898528013965,Medical Devices,Healthcare,ANIK
2021Q2,2021,Q2,2021-08-06,2021-06-30,6531000.0,38145000.0,-4470000.0,0.45,20812000.0,0.545602307,363131000.0,286804000.0,177761000.0,41367000.0,76327000.0,42857000.0,230813000.0,623072970.0,547495970.0,19.92663100118113,4.297169241182585,0.05949368134364733,0.07532670395113039,-0.009689172708764985,19.92663100118113,0.022771648930977252,16.33432874557609,23.85059600367478,2.172469595961005,0.0,0.40443801479338265,0.0,0.10504473592174725,3.060579689124181,0.017985244994230733,314.8423294593229,0.5456023069864989,1.25,-0.22683969794273912,0.46356309172850235,0.43092036076597623,-0.00772384857442548,1.3012684989429175,-0.2549129702414374,-0.34120844019086105,0.2711605958409085,0.18394746791120098,Medical Devices,Healthcare,ANIK
2021Q1,2021,Q1,2021-05-07,2021-03-31,2838000.0,34292000.0,-3562000.0,0.2,20974000.0,0.6116295346,362253000.0,276656000.0,173474000.0,46973000.0,85597000.0,42718000.0,224282000.0,585050970.0,512630970.0,19.28857282297985,3.6930577140059184,0.06122516583713592,0.08016815106124574,-0.025918272707924662,19.28857282297985,0.010258226823202822,17.060858800886503,51.53725951374207,2.114723591752935,0.0,0.31176553209419916,0.0,0.09466312218256301,2.5782470781087006,0.007834303649659216,-205.42520014044945,0.611629534585326,1.1818181818181817,-0.5731305283073758,0.5960119205743885,0.46860038871168913,0.2526278069756331,1.1812723556463975,-1.6121326688434439,1.4344126776126687,0.6504574163248711,0.0734399447560384,Medical Devices,Healthcare,ANIK
2020Q4,2020,Q4,2021-03-05,2020-12-31,-15656000.0,32688000.0,5819000.0,-1.1,16744000.0,0.5122369065,365605000.0,272400000.0,177383000.0,36867000.0,93205000.0,46209000.0,221444000.0,646086500.0,572733500.0,19.08231173380035,4.811430276398948,0.06144336100436263,0.0824669603524229,0.01582906718082814,19.08231173380035,-0.05747430249632893,19.76525024473813,-10.316915240163516,2.3718300293685757,0.0,0.34504100932718734,0.0,0.08940796761532255,3.320584804839016,-0.042822171469208574,302.1920018709074,0.5122369065100343,-1.4444444444444446,-2.486255650901434,0.10921774197184024,0.3543727950766534,-0.03453843049068789,-1.4420527218842614,14.600536193029491,-2.9843875493703456,0.13730266258289048,0.057058579103460516,Medical Devices,Healthcare,ANIK
2020Q3,2020,Q3,2020-11-05,2020-09-30,-6411000.0,31694000.0,373000.0,-0.45,17343000.0,0.547201363,416338000.0,284451000.0,201875000.0,31139000.0,131887000.0,47882000.0,237100000.0,502714950.0,446256950.0,20.024709609292504,6.483027714441697,0.11470968299794879,0.16789534928687191,0.0008260810565724094,20.024709609292504,-0.02253815244101796,15.861517952924844,-19.603609031352363,1.767316514970944,0.0,0.29971596842237164,0.0,0.07612564791107225,4.745399659590867,-0.015398546373379321,89.8668126564176,0.5472013630340128,0.1666666666666667,-1.8061050068038746,0.41018199869680505,0.5004250231389322,0.2620433706884005,0.16826673585884794,1.326048951048951,-1.9553933010313265,0.1966032827973637,0.152597394256661,Medical Devices,Healthcare,ANIK
2020Q2,2020,Q2,2020-08-07,2020-06-30,-7708000.0,30678000.0,-1144000.0,-0.54,13742000.0,0.4479431514,440525000.0,288444000.0,221283000.0,27907000.0,152081000.0,46479000.0,243511000.0,535728269.99999994,492058269.99999994,20.314388337206847,7.929300892249256,0.16588388854208047,0.25334553674196725,-0.002362476121861972,20.314388337206847,-0.02672269140630417,17.462946411108938,-17.37572230150493,1.8573042600990137,0.0,0.36437961229802707,0.0,0.06963963452698485,6.036621636148636,-0.01749730435276091,158.35893289979307,0.4479431514440316,-3.2500000000000004,-2.038663992651621,0.4113656790353771,0.5948814091107459,-0.3517007123649573,-2.33057137925082,-2.5977653631284916,-1.696558241342258,-0.05808189726342131,0.21384748405890705,Medical Devices,Healthcare,ANIK
2020Q1,2020,Q1,2020-05-22,2020-03-31,5793000.0,35397000.0,716000.0,0.24,21197000.0,0.5988360596,398913000.0,293694000.0,161126000.0,26188000.0,105219000.0,35081000.0,251219000.0,410579820.0,368172820.0,20.679763413603716,6.152665342905148,0.05872458405717537,0.07976329104442038,0.0016519486121277154,20.679763413603716,0.01972461133015996,11.599282990083905,17.71879078197825,1.3979850456597684,0.0,0.40477751489410224,0.0,0.08873363364944235,4.596990988238888,0.014521963435636342,1275.0926086956522,0.5988360595530695,-0.14285714285714296,0.7294230336175808,1.393632796823458,0.695336301254371,0.003503290252331582,0.43001727968402864,-0.8508954602249063,0.08238753151358819,0.5534574486246525,0.3103980016201843,Medical Devices,Healthcare,ANIK
2019Q4,2019,Q4,2020-03-06,2019-12-31,4051000.0,29772000.0,4802000.0,0.28,21123000.0,0.7094921403,330710000.0,288378000.0,234306000.0,16277000.0,42332000.0,21995000.0,245426000.0,740418000.0,605463000.0,20.19453781512605,14.394913067518585,0.0680596292824529,0.0780503367108448,0.011303387572303375,20.19453781512605,0.014047534832754232,24.869609028617493,45.69353246112071,2.5675259555167176,0.0,0.3932257331211639,0.0,0.0900244927580055,12.780119186582294,0.012249402800036285,58.05378704720088,0.7094921402660218,-0.5625,-0.46280639532850876,0.32696340889583525,0.678273160303726,-0.11046070917207108,-0.5596739130434782,-0.6014607021329571,-0.48989606232103233,0.05513811456490978,0.3178804916049186,Medical Devices,Healthcare,ANIK
2019Q3,2019,Q3,2019-10-28,2019-09-30,9200000.0,29697000.0,12049000.0,0.64,23746000.0,0.7996093882,319579000.0,281682000.0,223817000.0,11195000.0,37897000.0,25243000.0,241375000.0,772302300.0,691633300.0,20.02004264392324,19.99258597588209,0.07106849949464765,0.08062993020498292,0.0270436054627275,20.02004264392324,0.032660943901278744,26.006071320335387,20.98647554347826,2.7417524016444075,0.0,0.23574852434338234,0.0,0.09292537995300067,17.60562751228227,0.02878787404679281,80.25587654577575,0.7996093881536855,-0.044776119402985114,0.5638775581942678,0.4123865672865786,0.7410935849482845,0.006954456789076414,-0.02490726020137785,0.011246328157784306,0.06824170987269693,0.19696059732248952,0.36472932543768566,Medical Devices,Healthcare,ANIK
2019Q2,2019,Q2,2019-07-26,2019-06-30,9435000.0,30418000.0,11915000.0,0.67,23582000.0,0.7752646459,287364000.0,250946000.0,189924000.0,10388000.0,36418000.0,22986000.0,232175000.0,563180520.0,516848520.0,18.032911756251796,18.28301886792453,0.08029885441461004,0.09195205342982156,0.0303976189709187,18.032911756251796,0.03759773018896496,18.514712341376818,14.92264228934817,2.2442299140054036,0.0,0.29739841642739057,0.0,0.105851811639593,15.837986137851367,0.032832922704305344,128.90375829709316,0.775264645933329,1.1612903225806452,0.07050818385015797,0.22189619865324922,0.6309861473221829,0.3543533195497358,1.0934102507211005,1.1734768332725283,0.1552305708890604,0.20709483188586383,0.2949334282542468,Medical Devices,Healthcare,ANIK
2019Q1,2019,Q1,2019-05-06,2019-03-31,4507000.0,24723000.0,5482000.0,0.31,17412000.0,0.7042834607,306659000.0,269071000.0,209695000.0,11602000.0,37588000.0,22617000.0,222740000.0,431224000.0,359017000.0,18.96869933027846,18.074038958800205,0.07600298703119752,0.08662026008005322,0.013087944922871181,18.96869933027846,0.01675022577683957,17.44221979533228,23.919680497004656,1.6026401953387768,0.0,0.32325242074545696,0.0,0.0806204937732139,15.945612825374935,0.014697106558098735,58.022604951560815,0.7042834607450552,-0.425925925925926,-0.6942958920295055,-0.25891012524625734,0.7520170547594792,-0.12743673264845903,-0.4160404249805649,-0.43843474697807827,-0.314541885776961,0.16346987499586932,0.4442457441233575,Medical Devices,Healthcare,ANIK
2018Q4,2018,Q4,2019-02-27,2018-12-31,7718000.0,26956000.0,9762000.0,0.54,19955000.0,0.740280457,278993000.0,263612000.0,206776000.0,11289000.0,15381000.0,25133000.0,218233000.0,476186480.0,387144480.0,18.606154714850366,18.316591372132166,0.0,0.0,0.02771362803736544,18.606154714850366,0.02927787809356175,17.66532423208191,15.424542627623737,1.8063915148020577,0.0,0.2785580710619504,0.0,0.09661891158559534,15.926034192576845,0.027663776510521768,48.34380507614213,0.740280457041104,0.018867924528301903,0.16840289223536523,0.2778035849757767,0.9579032891833881,0.07835720075655228,0.015659955257270694,0.13869123993934446,-0.26178128816050633,-0.0783808830263241,0.32057740793242395,Medical Devices,Healthcare,ANIK
2018Q3,2018,Q3,2018-10-26,2018-09-30,7599000.0,26787000.0,8573000.0,0.53,18505000.0,0.690820174,269264000.0,255265000.0,195591000.0,9305000.0,13999000.0,23828000.0,210515000.0,595106600.0,513281600.0,17.929690243731123,21.019989253089737,0.0,0.0,0.028060492751622788,17.929690243731123,0.029769063522222004,22.2162466868257,19.578451111988418,2.331328619278005,0.0,0.34757428235689103,0.0,0.09948229247132925,18.24631918323482,0.02822137381900291,61.784323089701,0.690820173964983,-0.22058823529411767,0.47319513228094173,0.4499816328800263,0.9134967346237901,-0.17373638149669585,-0.24702734839476814,-0.23768451004801708,-0.04666609406931608,0.18917273595889517,0.3434479911928492,Medical Devices,Healthcare,ANIK
2018Q2,2018,Q2,2018-07-31,2018-06-30,10092000.0,30548000.0,11246000.0,0.68,22396000.0,0.7331412858,265413000.0,246603000.0,190990000.0,12532000.0,18810000.0,24060000.0,202916000.0,468864000.0,342817000.0,16.83067158067158,15.240185126077241,0.0,0.0,0.039895298424563005,16.83067158067158,0.040924076349436136,15.348435249443499,11.614744351961951,1.901290738555492,0.0,0.33881961762261015,0.0,0.11509609551905897,12.981646983721673,0.03802375919792927,125.66711337443044,0.7331412858452272,2.4782608695652177,0.5786223507021445,0.3523970363369322,0.9039161675920738,0.6689768239064013,2.5094226742446906,2.4359039836567926,0.31786663001206217,0.3619342455516009,0.32137501564334475,Medical Devices,Healthcare,ANIK
2018Q1,2018,Q1,2018-05-10,2018-03-31,-6686000.0,21264000.0,-7832000.0,-0.46,13419000.0,0.6310665914,284336000.0,263766000.0,208187000.0,14122000.0,20570000.0,22770000.0,192825000.0,729839880.0,588042880.0,17.968935213570408,14.742033706273899,0.0,0.0,-0.025659467586081328,17.968935213570408,-0.025348225320928397,34.32279345372461,-27.289854920729884,2.7669975660244304,0.0,0.344532279314888,0.0,0.07478476169039447,12.840674125477978,-0.023514433627820606,103.53807348560079,0.6310665914221218,-1.8679245283018866,-2.990418125577597,0.2737782648156677,1.1351792167705452,-0.3508610681114551,-1.8288087269121112,-1.8050986842105263,-2.931154944879622,0.3911984091601986,0.47310138676026736,Medical Devices,Healthcare,ANIK
2017Q4,2017,Q4,2018-02-27,2017-12-31,8067000.0,29388000.0,9728000.0,0.53,20672000.0,0.7034163604,282617000.0,263491000.0,206327000.0,13073000.0,19126000.0,22035000.0,199511000.0,786870360.0,653614360.0,18.052274595779664,15.782681863382544,0.0,0.0,0.03018760940380584,18.052274595779664,0.03061584646154897,26.775226623111475,24.385470435105987,2.9863272749353866,0.0,0.3955525300658044,0.0,0.10398525212566831,13.85152604604911,0.02854393047835056,174.58849789216774,0.7034163604192187,0.15217391304347827,0.6500417884307435,0.18677625207771967,1.2083563556308088,-0.012515524983280787,0.17133730216349644,-0.05268283182393612,0.04658619102193564,0.2814902932373918,0.5002397288754538,Medical Devices,Healthcare,ANIK
2017Q3,2017,Q3,2017-10-27,2017-09-30,6887000.0,27184000.0,10269000.0,0.46,20934000.0,0.7700853443,273132000.0,253289000.0,199034000.0,11705000.0,19843000.0,20252000.0,191444000.0,845582000.0,718622000.0,17.37355099801084,17.00418624519436,0.0,0.0,0.0265163373900824,17.37355099801084,0.027190284615597204,31.10587110064744,30.694859880935095,3.3384079055940052,0.0,0.30861149516097175,0.0,0.0995269686451972,15.080222127296027,0.025214914400363195,88.90568815056251,0.7700853443201884,-0.39473684210526316,2.8151578887267825,0.6778257659121737,1.2310116875584765,-0.22886506796331085,-0.3942299234761193,-0.42068148482455153,0.12982547960590124,0.24773030245998384,0.5109347531579871,Medical Devices,Healthcare,ANIK
2017Q2,2017,Q2,2017-07-28,2017-06-30,11369000.0,33462000.0,17726000.0,0.76,27147000.0,0.8112784651,265004000.0,244138000.0,192881000.0,13441000.0,20866000.0,17584000.0,184557000.0,719771920.0,601897920.0,16.73553605703318,14.350197157949557,0.0,0.0,0.046525929049855315,16.73553605703318,0.04656792469832636,21.51012850397466,15.827511654499077,2.9482174835543833,0.0,0.3591333030027298,0.0,0.12626979215408068,12.895171490216502,0.04290123922657771,178.64778356912385,0.811278465124619,1.0540540540540542,1.7658494140785825,0.5501058795945921,1.202982353542474,0.5689186846211639,1.069725104678682,1.214089432925306,0.2305209700210951,0.2822544603962466,0.5136450422416681,Medical Devices,Healthcare,ANIK
2017Q1,2017,Q1,2017-05-04,2017-03-31,5493000.0,23386000.0,8006000.0,0.37,17303000.0,0.7398871119,247367000.0,230028000.0,177050000.0,10217000.0,17339000.0,16180000.0,173188000.0,633181440.0,513813440.0,15.781284302963776,17.328961534697072,0.0,0.0,0.02370794779538226,15.781284302963776,0.02387970160154416,27.075234755836824,28.817651556526485,2.7526276801085086,0.0,0.37595797280593324,0.0,0.09453969203652872,15.630517764510131,0.022205872246500138,45.932639825897716,0.7398871119473189,-0.3148148148148149,1.5942115994049486,0.4705922064224295,1.1140341884119869,-0.18331996035304668,-0.32059369202226345,-0.371585557299843,-0.6374112742206611,-0.31779226896885854,0.45761597900738654,Medical Devices,Healthcare,ANIK
2016Q4,2016,Q4,2017-02-24,2016-12-31,8085000.0,28726000.0,12740000.0,0.54,21187000.0,0.7375548284,240246000.0,222773000.0,170440000.0,8799000.0,17473000.0,15983000.0,168209000.0,711780480.0,607519480.0,15.323497042234145,19.370382998067964,0.0,0.0,0.036153497005946625,15.323497042234145,0.03629254891750796,24.778266378890205,22.00929128014842,3.1950931216978717,0.0,0.47168866921103675,0.0,0.11956910833062777,17.31549039663598,0.03365300566918908,160.38316358720144,0.7375548283784724,-0.08474576271186429,1.5390030446626735,0.41012526751016193,1.1284780679545785,0.019046702900293398,-0.09684986595174262,-0.06932573599240266,0.19281133376856133,0.327051246757393,0.6124731692592201,Medical Devices,Healthcare,ANIK
2016Q3,2016,Q3,2016-11-01,2016-09-30,8952000.0,25789000.0,13689000.0,0.59,20791000.0,0.8061964403,231062000.0,214543000.0,161074000.0,7589000.0,16519000.0,18020000.0,160124000.0,699806250.0,601759250.0,14.669606837606837,21.224667281591778,0.0,0.0,0.04144433755457945,14.669606837606837,0.0417259011014109,27.135842801194308,19.543293398123325,3.2618461101038023,0.0,0.27735849056603773,0.0,0.11161073651227808,18.728422717090528,0.03874284823986636,81.6100583090379,0.8061964403427818,0.03508771929824565,1.6359241158413615,0.22467984355497855,1.0250678737077488,0.01340417235328524,0.03911781775972142,0.016333803548890045,0.6894545565517397,0.35892514825591365,0.5655733256066648,Medical Devices,Healthcare,ANIK
2016Q2,2016,Q2,2016-08-01,2016-06-30,8615000.0,26581000.0,13469000.0,0.57,20516000.0,0.7718295023,222738000.0,204416000.0,154644000.0,10523000.0,18322000.0,17264000.0,151172000.0,787528350.0,698403350.0,13.925744260508209,14.695809179891667,0.0,0.0,0.04199168547261783,13.925744260508209,0.04214445053224797,29.62749144125503,22.85340539756239,3.8525768530839075,0.0,0.3513090824837813,0.0,0.11933751762160026,12.945167727834267,0.038677728991011864,-175.47423128342245,0.7718295022760618,0.26666666666666655,2.2717970803447214,0.4276230536996809,0.9444802288786378,0.21698896666271206,0.24945612762871647,0.2577271453917266,0.3451066719299996,0.17460861936141048,0.5753055079383922,Medical Devices,Healthcare,ANIK
2016Q1,2016,Q1,2016-05-03,2016-03-31,6895000.0,22283000.0,10709000.0,0.45,16858000.0,0.7565408607,214457000.0,195368000.0,147900000.0,10865000.0,19089000.0,15765000.0,142557000.0,665210000.0,572373000.0,13.133983193277311,13.612517257248044,0.0,0.0,0.03505667419194618,13.133983193277311,0.03529237131976577,29.852802584930217,24.119289340101524,3.4049076614389255,0.0,0.34411671424040596,0.0,0.10390427917950917,12.023469857340082,0.03215096732678346,527.107765451664,0.75654086074586,-0.37499999999999994,17.130157969060402,0.6194056865469046,0.9021981696606839,-0.31482908525740444,-0.3756237536811711,-0.37248534886011664,1.0255907832255804,0.3172312542389044,0.5606605296523388,Medical Devices,Healthcare,ANIK
2015Q4,2015,Q4,2016-03-10,2015-12-31,11043021.0,30893858.0,17065737.0,0.72,24604080.0,0.7964068457,235748000.0,210848000.0,176433000.0,17278000.0,24900000.0,14938000.0,135662000.0,571064400.0,460357400.0,14.089408620113598,10.211424933441371,0.0,0.0,0.05225581200896057,14.089408620113598,0.05237432178631052,18.484722756219053,12.928174274050551,2.7084174381544996,0.0,0.4210589101620029,0.0,0.13104610855659432,9.266697534436856,0.046842480105875765,70.70332590062289,0.7964068456584477,0.3090909090909089,5.932238235911384,0.7793638803052324,1.0985755300579154,0.3295525543872444,0.31780416510289844,0.29924544240727563,1.2030680784404924,0.21682492111850815,0.7235742182085702,Medical Devices,Healthcare,ANIK
2015Q3,2015,Q3,2015-11-03,2015-09-30,8379865.0,23681257.0,13135114.0,0.55,18505534.0,0.7814422182,222850707.0,199754251.0,168283652.0,13244799.0,23096456.0,12075157.0,124618660.0,476409859.26,367940838.26,13.346024826618951,12.705640304545202,0.0,0.0,0.041843621298186,13.346024826618951,0.041950871924122404,20.117591699629795,14.212933599168961,2.3849798283391723,0.0,0.428625731325895,0.0,0.10626511945506191,11.616034943225639,0.037603044265863604,59.461245245476626,0.7814422182065758,0.07843137254901968,4.972619001429644,0.4412164769716612,0.9982171765684084,0.0496912504959017,0.07165469859737579,0.05683834045878374,3.5217139932157875,0.42371113892240947,0.71381989634943,Medical Devices,Healthcare,ANIK
2015Q2,2015,Q2,2015-08-04,2015-06-30,7819557.0,22903561.0,12428688.0,0.51,17629502.0,0.7697275546,208012150.0,190567411.0,155725537.0,7957304.0,17444739.0,11718243.0,116238795.0,494176231.08000004,390256009.08000004,12.737240663262536,19.570137951245798,0.0,0.0,0.04095424634488063,12.737240663262536,0.04103302321717536,21.57639290588918,15.79936788874357,2.5931833175820396,0.0,0.4500725066035924,0.0,0.11010684231666275,17.79490742090537,0.03759182816965259,49.30831151220859,0.7697275545929299,1.2173913043478262,5.195762621649412,0.33511011193470774,1.0179150119527332,0.5730957864826655,1.22427256904098,1.2579300679939416,0.8548589508429085,0.03451062388485059,0.6766667239319596,Medical Devices,Healthcare,ANIK
2015Q1,2015,Q1,2015-05-04,2015-03-31,3515557.0,15520324.0,5504461.0,0.23,11206884.0,0.7220779669,197684906.0,181815568.0,145921083.0,6157326.0,15869338.0,12515787.0,108419238.0,613652106.74,513849901.74,12.198030206928774,23.69877492275056,0.0,0.0,0.019252865911322845,12.198030206928774,0.019335841472057,39.538614447739626,43.63832720817782,3.3751351080123126,0.0,0.34463993354952427,0.0,0.07851041495297573,20.84141996054781,0.01778363897949801,164.61446486868712,0.7220779669290409,-0.5490196078431373,3.165478873768013,0.05368285167030827,0.8931251202979402,-0.3683729977817021,-0.5502145833791791,-0.5446110966102263,0.6236295196266866,-0.045591947107341275,0.634027522328248,Medical Devices,Healthcare,ANIK
2014Q4,2014,Q4,2015-03-13,2014-12-31,7816076.0,23254469.0,12087385.0,0.51,17742883.0,0.7629880949,193996376.0,178097097.0,139025042.0,5973262.0,15899279.0,12406776.0,104903681.0,602985121.62,502829257.62,12.032926637205673,23.274559528780088,0.0,0.0,0.043735363433698986,12.032926637205673,0.04388659967882576,25.929859831243622,19.28669583113061,3.3857099962724266,0.0,0.4442399862784659,0.0,0.11987063614013078,20.768868333583896,0.04028980417654812,42.694613585449716,0.7629880948904918,0.27499999999999997,8.555619787214649,0.8664670759670804,0.8479009965564315,0.0864792482197403,0.26662280417449924,0.17510488305808802,1.410965878220648,0.12126446448065364,0.671408319524467,Medical Devices,Healthcare,ANIK
2014Q3,2014,Q3,2014-11-06,2014-09-30,6170800.0,22055423.0,10286218.0,0.4,16330623.0,0.7404357196,185497590.0,169704505.0,128655654.0,6434123.0,15793085.0,13582456.0,97087605.0,541056911.4599999,469284717.4599999,11.498544832395034,19.995833775636555,0.0,0.0,0.03632693458877445,11.498544832395034,0.036362028220759374,24.531695060212627,21.920047297757176,3.1882295137657066,0.0,0.42148489198124406,0.0,0.11889870375135332,17.398158070649256,0.03326620038567617,116.09420181401174,0.7404357195960377,-0.33333333333333326,2.148615793836859,0.5764897733455151,1.0351180695982358,-0.22018812470611931,-0.33664074131805405,-0.323395896508735,0.8005272023036911,0.037884068726734665,0.5873181873407416,Medical Devices,Healthcare,ANIK
2014Q2,2014,Q2,2014-08-04,2014-06-30,9302350.0,26274660.0,15202713.0,0.6,20941747.0,0.7970320834,179096694.0,162394295.0,119516735.0,7321404.0,16702399.0,13864165.0,90916805.0,680483318.51,595603756.51,11.056446914560825,16.324291761525522,0.0,0.0,0.057260138755975694,11.056446914560825,0.057282492590026025,25.89884392452652,18.287941179110653,4.190315420316951,0.0,0.38465446710999185,0.0,0.1467065606470659,14.220578593941818,0.05194037808425431,107.64421055470635,0.7970320833837622,-0.3814432989690722,6.544203070423928,1.1384957879163298,1.0126701422563256,-0.29368418134302676,-0.3810915890770435,-0.3631189253644907,2.530734342792139,0.4103296269366927,0.543834356342341,Medical Devices,Healthcare,ANIK
2014Q1,2014,Q1,2014-05-05,2014-03-31,15030253.0,34010287.0,23870568.0,0.97,29649268.0,0.8717735313,174061246.0,156570007.0,113484625.0,7711919.0,17491239.0,12981495.0,81614455.0,594362183.7,512201932.70000005,10.82677778663663,14.715484563569715,0.0,0.0,0.09599513498310573,10.82677778663663,0.09599701301667567,17.47595319322063,9.886097454580439,3.7961433041259305,0.0,0.3359411993764971,0.0,0.19539264357558372,12.788864483664831,0.08635037003009849,44.621303170596356,0.8717735313436197,1.2045454545454546,21.600409161146484,1.9055362816565646,1.0067364550416045,0.9745125097945564,1.258704469199108,1.2885292096430785,39.6519361958898,1.5423768369800033,0.5680450161992461,Medical Devices,Healthcare,ANIK
2013Q4,2013,Q4,2014-03-13,2013-12-31,6654369.0,21251328.0,10430528.0,0.44,15015994.0,0.706590854,156041881.0,135634031.0,94591787.0,9282501.0,20407850.0,10996785.0,66584202.0,544642644.9599999,481309484.9599999,9.503102026357345,10.190334156710568,0.0,0.0,0.04914805081785549,9.503102026357345,0.049061205000977964,25.62864047649163,20.46184412676844,4.015530917605774,0.0,0.5670142682611327,0.0,0.13618989891566355,8.841367752074575,0.04264476278647269,69.81957999491071,0.7065908539927481,0.33333333333333326,3.841883419091968,0.8876524336987516,0.7778604155562092,0.21323032398336575,0.3423487339170162,0.3430545127630718,3.379917248311728,0.28337076795167176,0.4154587967366739,Medical Devices,Healthcare,ANIK
2013Q3,2013,Q3,2013-11-05,2013-09-30,4957258.0,17754438.0,7766273.0,0.33,12376870.0,0.6971141525,156882524.0,128206162.0,95002741.0,10357447.0,28676362.0,11582492.0,59929833.0,326873706.61,271218268.61,9.370118024923755,9.172409088842066,0.053543248704999165,0.06551947167718819,0.03644267182856612,9.370118024923755,0.0386663006104184,18.410816867872697,16.484602304842717,2.549594352648978,0.0,0.4642841972176627,0.0,0.11317027255374856,7.77724037593434,0.03159853547486271,44.17008710949941,0.6971141525290747,-0.17500000000000002,2.7173762103231813,0.5970788002669419,0.7909433984389675,-0.14742497526183876,-0.15905872406144167,-0.1736681799590828,2.865000688980625,0.18198417287899357,0.4029294135982265,Medical Devices,Healthcare,ANIK
2013Q2,2013,Q2,2013-08-06,2013-06-30,5894892.0,20828377.0,9398492.0,0.4,14517045.0,0.6969839753,148394650.0,119433839.0,86473938.0,11701318.0,28960811.0,10357798.0,54972575.0,233868018.63,188527559.63,8.8400276583384,7.390102379919937,0.05930132925951172,0.07368096072001838,0.04614850100105413,8.8400276583384,0.049356966579630755,11.228336160325886,9.918248656209478,1.958138669811995,0.0,0.6093314428414225,0.0,0.14035800482025465,6.25620507023226,0.039724424027416085,67.01083598782007,0.696983975275654,0.904761904761905,5.07969636468658,0.9274220649079281,0.732361794366014,0.39508618284673,0.9214107422355005,0.8754134553372455,4.172350944427001,0.34452541241231743,0.40049363825628326,Medical Devices,Healthcare,ANIK
2013Q1,2013,Q1,2013-05-06,2013-03-31,3068002.0,15247011.0,5011424.0,0.21,10405841.0,0.6824839964,141358366.0,112828305.0,78694884.0,10740791.0,28530061.0,9947961.0,49077683.0,195607429.68,153841863.68,8.415656668271804,7.326730778021842,0.06508281229000625,0.08153982283080473,0.02534176112408692,8.415656668271804,0.027191776035277674,12.829231229648881,15.93931732117515,1.7336733870104668,0.0,0.4866494752040142,0.0,0.10786069074963699,6.121507438325539,0.0217037172034091,32.42263280343017,0.6824839963714855,-0.32258064516129037,3.159537959072689,0.4933026273771265,0.6726508634965332,-0.32150181601777034,-0.31260391873764765,-0.3568094905376469,3.0414549191941083,0.15081403686476516,0.3061035898614619,Medical Devices,Healthcare,ANIK
2012Q4,2012,Q4,2013-03-14,2012-12-31,4463223.0,22606465.0,7791508.0,0.31,15336579.0,0.6784156214,142069051.0,108925134.0,77384490.0,14452618.0,33143917.0,8283472.0,46009681.0,132449923.47999999,97982446.47999999,8.174529690260565,5.354357944007099,0.06757277487550754,0.08813392875881153,0.037861815732760484,8.174529690260565,0.040975143532988444,5.858940063384522,7.418961783894732,1.2159720958433708,0.0,0.8776375413594686,0.0,0.1591230802266709,4.534123713779746,0.03141587114564452,28.792453890200797,0.6784156213720278,1.8181818181818183,1.246889903152507,0.9782498945487189,0.6695742941766369,1.032524060765086,1.7127931925239326,1.857423462277575,5.0609251147911625,1.0154257690204882,0.2553655495834168,Medical Devices,Healthcare,ANIK
2012Q3,2012,Q3,2012-11-08,2012-09-30,1645250.0,14766611.0,2726760.0,0.11,7545583.0,0.5109894884,134872136.0,103473423.0,68402277.0,12154927.0,31398713.0,8932492.0,41546458.0,200374942.04,170519086.04,7.787297168767281,5.627534990543341,0.07414429916050265,0.09664317377419707,0.014743168297502593,7.787297168767281,0.015900218165199775,13.569460320990375,30.447491572709318,1.9364870343566387,0.0,0.8084001642542753,0.0,0.10948600235707692,4.623594695385665,0.0121985908193817,97.52916727224408,0.5109894883802384,-0.576923076923077,-0.23121064603610975,0.5560077000129886,0.6504078158631766,-0.3461674203718144,-0.5597248819064521,-0.5554584626019137,-0.06756510395598929,0.17237087526312073,0.3782673731758176,Medical Devices,Healthcare,ANIK
2012Q2,2012,Q2,2012-08-07,2012-06-30,3736868.0,19624769.0,6133870.0,0.26,11540543.0,0.5880600684,136375599.0,100748453.0,69599015.0,15214063.0,35627146.0,10776788.0,39901208.0,180230892.57,152721284.57,7.596763555605356,4.574650111544825,0.0762599766839521,0.10322739149155968,0.033891969366934276,7.596763555605356,0.037091070768104,9.183847849113535,12.057617005069485,1.788919702518906,0.0,0.7501517149636794,0.0,0.14390234868922555,3.6547571151769254,0.02740129486067372,41.884900076783566,0.5880600683758367,0.857142857142857,1.2746657860596766,1.2965086078427108,0.6626062046431118,0.4521559159545796,0.954307237154173,1.0025301495889731,2.356401123286324,0.7689732028572495,0.3828836066686103,Medical Devices,Healthcare,ANIK
2012Q1,2012,Q1,2012-05-07,2012-03-31,1912119.0,14360660.0,3063060.0,0.14,7947179.0,0.5533992867,133228507.0,98260600.0,63952618.0,12880220.0,34967907.0,9080323.0,36164340.0,165061812.95999998,141858634.95999998,7.465009028457723,4.965180563686024,0.08106373210352046,0.109911805952742,0.01783069166582714,7.465009028457723,0.019459671526532506,11.494026943051363,21.581006851561014,1.6798372181728993,0.0,0.7063053814275109,0.0,0.10778969398793908,3.9600235865536457,0.014352176145004763,-86.25235038992363,0.5533992866623122,-0.3,0.3160440376223106,0.9335799184006737,0.7077596749089339,-0.297694107824282,-0.33678597070524535,-0.3768930089497405,2.1588223419059047,0.34787829384715296,0.3836347295416782,Medical Devices,Healthcare,ANIK
2011Q4,2011,Q4,2012-03-13,2011-12-31,2883110.0,18444287.0,4915785.0,0.2,11315837.0,0.613514472,132844434.0,94762778.0,64137544.0,14538423.0,38081656.0,7302483.0,34252221.0,128995675.2,104418453.2,7.199274107136888,4.411588794740667,0.0843091401179819,0.11818986564534864,0.02748782856672763,7.199274107136888,0.0304244985304251,6.993801126603593,11.185462504032106,1.3612483500641994,0.0,0.976167969168843,0.0,0.13884124795172073,3.6513594356141654,0.02170290401478168,18.801499098153673,0.6135144719879928,-0.09090909090909087,1.2763085511703256,1.5884598183903047,0.7217043169545185,0.023048948570617477,-0.031381634513885016,0.020430891429790828,1.274693380624239,0.7764460883731403,0.34685541840105594,Medical Devices,Healthcare,ANIK
2011Q3,2011,Q3,2011-11-04,2011-09-30,2976518.0,18455817.0,4817362.0,0.22,11060895.0,0.5993175485,129780051.0,92853036.0,58647544.0,15138673.0,36927015.0,7874307.0,31369111.0,69729430.4,52280766.400000006,7.244007486399889,3.874021454852747,0.08938199600491759,0.12492860222685664,0.028772582640113377,7.244007486399889,0.032056227003713696,3.7781817190753464,5.856627643441095,0.7509655408574901,0.0,0.9391203568771195,0.0,0.14220842770357672,3.0898090605431534,0.02293509655039356,26.03647540983607,0.5993175484997494,0.29411764705882343,0.8717177300906924,1.4792782661082926,0.7601214460555559,0.16614011863724887,0.30397990748435694,0.30992824895304705,1.3825944530056828,0.7721452319564537,0.3845724623213492,Medical Devices,Healthcare,ANIK
2011Q2,2011,Q2,2011-08-05,2011-06-30,2282641.0,16140852.0,3677577.0,0.17,9485048.0,0.5876423376,131392567.0,91133919.0,57485437.0,17381704.0,40258648.0,9171778.0,28392593.0,90603537.92,75774508.92,7.161679534555641,3.3072382891803933,0.09132936720842055,0.13167435496766028,0.02240869857987991,7.161679534555641,0.025047106774811253,5.613305785840797,9.923104193782553,0.9941802011169958,0.0,0.7256830682120741,0.0,0.12284448328039743,2.5226997882371025,0.017372679841166357,-45.85988374517883,0.5876423375915968,7.500000000000001,0.4064862132350234,0.7243935016390536,0.8229949331574504,0.5465297661857748,6.03624095286241,5.606279381834055,1.4994949083415812,0.5858293719208006,0.4034594108373139,Medical Devices,Healthcare,ANIK
2011Q1,2011,Q1,2011-05-06,2011-03-31,324412.0,11737679.0,556679.0,0.02,6133117.0,0.5225153116,128761204.0,87611658.0,55032520.0,18037390.0,41149546.0,8773720.0,26109953.0,113691818.24000001,97013008.24000001,6.904634544790969,3.0510245661927806,0.09630229925467301,0.14153367580373835,0.003501105104131374,6.904634544790969,0.003702840551196965,9.686056181976012,87.61375830733759,1.2976791084127184,0.0,0.6387897037972491,0.0,0.09115850609784605,2.304482300377161,0.0025194856053070147,94.00858312999173,0.5225153115875805,-0.7999999999999999,-0.6944272376444149,0.4004976550017044,0.8303576939296394,-0.23515956651471995,-0.7598193529281113,-0.7753705295354308,-0.5352758775321783,0.21465850661087607,0.3723281959700311,Medical Devices,Healthcare,ANIK
2010Q4,2010,Q4,2011-03-16,2010-12-31,1350700.0,14721493.0,2478210.0,0.1,8018819.0,0.5447014783,128936868.0,85190146.0,56322336.0,19369940.0,43746722.0,8949745.0,25785541.0,84634422.73,69232490.73,6.713796295778197,2.9077186609767507,0.09927339013694671,0.15025211953504575,0.014041992054013122,6.713796295778197,0.01585512014499893,5.749038003822031,15.664918695861404,0.9934766719380901,0.0,0.7489234609477701,0.0,0.11417597796776016,2.2210600549098243,0.010475669379529214,29.89567710894273,0.5447014783079407,0.11111111111111122,0.3631918184212975,1.2343547012447647,0.8651412298235002,0.033258159818325944,0.14053960941141502,0.1928022075078563,-0.2859374919109726,0.3528338967260666,0.3712326135563045,Medical Devices,Healthcare,ANIK
2010Q3,2010,Q3,2010-11-09,2010-09-30,1184264.0,13869214.0,2077637.0,0.09,7760712.0,0.5595639378,129853350.0,84378084.0,54146743.0,18329648.0,45475266.0,9395081.0,24434841.0,75926764.05,63360840.05,6.678966121959994,2.954052527358954,0.10165313409319052,0.15643872643517243,0.012374145647697848,6.678966121959994,0.014035208479016898,5.474482119174165,16.028259756692762,0.8998398689640784,0.0,0.6501808765672163,0.0,0.10680674776584509,2.2093092567844184,0.009120011151040771,29.938619488099945,0.5595639377977728,0.12499999999999993,-0.6117465398112916,0.14419269465942808,0.8891719060896447,-0.09843532471008526,0.1101586873050156,0.15165220013425357,-0.4179696413212107,0.5371080820644063,0.41551268054575535,Medical Devices,Healthcare,ANIK
2010Q2,2010,Q2,2010-08-09,2010-06-30,1066752.0,14499800.0,1804049.0,0.08,8608048.0,0.5936666713,124114559.0,79821861.0,51509609.0,16498832.0,44292698.0,8369659.0,23250578.0,74484286.21,64435464.20999999,6.312079838752341,3.122015485702261,0.1095761859815334,0.170379390177335,0.011806660810990514,6.312079838752341,0.013364158472827388,5.136918178871432,17.455858111819804,0.9331314163421972,0.0,0.7039417018064894,0.0,0.11682593981581162,2.3462364487377045,0.008594898202071523,159.35262700623423,0.5936666712644312,0.6,-0.344364405908762,0.6972873110177795,0.9007829344913881,0.17237332909131223,0.49346474771798177,0.5317238217339254,-0.3190210065979422,0.7794506471182182,0.38144395666610553,Medical Devices,Healthcare,ANIK
2010Q1,2010,Q1,2010-05-10,2010-03-31,714280.0,12466087.0,1177790.0,0.05,7342412.0,0.5889909159,127242317.0,81281373.0,49777841.0,15978676.0,45960944.0,8785265.0,22183826.0,89713991.5344,80546350.5344,6.443330171969324,3.1152669345069643,0.11002628944582957,0.17224118495144022,0.007828333171243347,6.443330171969324,0.00878774525622248,7.196644106077553,31.400148238225903,1.1037460149006095,0.0,0.5832123447613703,0.0,0.09797123546563523,2.2451323251062854,0.005613541287526225,-117.11902310866611,0.5889909159145127,-0.019607843137254784,-0.5162421978377553,0.3918967328921883,1.0783699466466652,0.048030863076784294,0.02457440887731156,-0.6863606744394561,-0.4870294596694479,0.7514038898020866,0.4740316318259863,Medical Devices,Healthcare,ANIK
2009Q4,2009,Q4,2010-03-16,2009-12-31,697148.0,10618940.0,3755237.0,0.051,7005912.0,0.6597562469,130701526.0,82143502.0,49804617.0,16534581.0,48558024.0,8441079.0,21469546.0,96250985.03999999,86223995.03999999,6.511672789629458,3.0121487203092716,0.11017468916162464,0.17530297162154104,0.01723958694366096,6.511672789629458,0.008486952504167646,9.064085967149262,34.51597976326404,1.1717419235425341,0.0,0.4280291654656946,0.0,0.08124572317541266,2.1928845974385442,0.0053338933471977976,36.78852112040826,0.6597562468570309,-0.6076923076923078,-0.6766209914546754,0.12912806559711565,1.2023812178447473,-0.03251834247292302,-0.5389004084197299,0.8624830316433503,-0.4256675791436808,0.5549955579009018,0.5572646610838566,Medical Devices,Healthcare,ANIK
2009Q3,2009,Q3,2009-11-03,2009-09-30,1511925.0,10792764.0,2016253.0,0.13,7241390.0,0.6709486096,96474652.0,64329801.0,55112258.0,9230156.0,32144851.0,6951192.0,20772398.0,74006913.5,50266618.5,5.65006276744672,5.9708912828775595,0.15340817192064088,0.23006444555922068,0.019534113908778773,5.65006276744672,0.023502715327846264,6.85708623852055,12.23719984456901,1.15042969742748,0.0,0.5109014396379786,0.0,0.11187149967641241,5.040271042006224,0.01567173313048074,-117.018633476536,0.6709486096425346,0.625,0.5233392023317524,0.5003638512460692,1.05468201857454,0.16243220179545248,0.5818854666479732,0.6694498379197423,0.07033658875085522,0.6322360333956168,0.37283080770052035,Medical Devices,Healthcare,ANIK
2009Q2,2009,Q2,2009-08-05,2009-06-30,955774.0,9523676.0,1207735.0,0.08,6229516.0,0.6541083506,95958077.0,62542332.0,55050960.0,9486080.0,33415745.0,7304711.0,19260473.0,54078507.75,29728949.75,5.493422236674051,5.803341316961274,0.15840250737830022,0.24303538921446038,0.012308209847390518,5.493422236674051,0.015282033295464582,5.678322923837392,14.145213133544122,0.8646704723130567,0.0,0.4509637684502508,0.0,0.09924829985911451,4.849825322999595,0.009960328821512337,-111.62405876524862,0.6541083505990753,0.6,0.10407366827905863,0.3439893397830601,1.0599547150427848,0.04021902736806811,0.8284626568717478,0.5904475827266885,-0.34175563285128846,0.13723078511568057,0.3983425053900613,Medical Devices,Healthcare,ANIK
2009Q1,2009,Q1,2009-05-04,2009-03-31,522720.0,9200324.0,759368.0,0.05,5988658.0,0.6509181633,95366630.0,61324972.0,54901347.0,9024708.0,34041658.0,5897332.0,18304699.0,52172441.55,27345738.549999997,5.395216576365113,6.083448572518911,0.16357923101613217,0.25438250505846133,0.0067823311656076465,5.395216576365113,0.008523770707958905,5.670717851893042,24.95238442665289,0.8507536138785354,0.0,0.5445964378468093,0.0,0.09647320032174776,5.1979210850921715,0.0054811625408174745,-22.042036150289483,0.6509181633168571,-0.47368421052631576,-0.9410099015641623,0.3164016789742581,1.0904810671537357,-0.02510486134014795,-0.5224142420546274,-0.3918361332154436,-0.4503584271457994,0.22545115708935715,0.4302243090355442,Medical Devices,Healthcare,ANIK
2008Q4,2008,Q4,2009-03-09,2008-12-31,1094505.0,8965804.0,1248624.0,0.095,6142874.0,0.6851448013,95820888.0,60756984.0,55830478.0,9032852.0,35063904.0,5519754.0,17781979.0,34554296.8,-7039358.200000003,5.345246422725639,6.180825059460733,0.01669782062549869,0.026334421076595903,0.01726539181818306,5.345246422725639,0.01801447221277475,3.8540098355931045,7.8926767808278635,0.568729626210544,0.0,0.5114231540028776,0.0,0.09356836684711166,5.381697386384721,0.011422405102319653,-186.8527037549749,0.6851448012916633,-0.050000000000000044,0.20063123327147936,0.5711921987202682,1.9684812930824216,0.07769170998954567,-0.008782805335613108,-0.06222004584413594,0.2331291031746053,0.5190855358866049,0.4849481645520466,Medical Devices,Healthcare,ANIK
2008Q3,2008,Q3,2008-11-06,2008-09-30,1104203.0,9205015.0,1331468.0,0.1,5700029.0,0.6192308215,88291398.0,59274917.0,48927808.0,9412209.0,29016481.0,5040565.0,16687474.0,81798426.84,54430182.84,5.231945371970433,5.198334206135882,0.09060905344368882,0.1349643391318456,0.01494833346527802,5.231945371970433,0.01862850352030016,8.886289358572474,18.519789123920148,1.3799838275606526,0.0,0.695355778568474,0.0,0.10425721201061966,4.451447370112585,0.01250634857996019,-42.39941056429103,0.6192308214598238,0.4285714285714285,1.311250568591609,1.194224130625391,2.0377564205473826,0.05250884518393791,0.3583018935232966,0.4945469892825553,-0.5963282147872757,-0.15319290720961132,0.4798763806308585,Medical Devices,Healthcare,ANIK
2008Q2,2008,Q2,2008-08-08,2008-06-30,812929.0,9060189.0,890884.0,0.07,5415659.0,0.5977423871,88316450.0,57802610.0,50182335.0,10093554.0,30513840.0,4782480.0,15583271.0,97302855.63,68005376.63,5.102876135393849,4.971721060787905,0.09058335111975176,0.13840205485530843,0.010494335763076767,5.102876135393849,0.014063880506433878,10.739605501607086,29.923540564428134,1.683364395310177,0.0,0.7620585972131614,0.0,0.10258778517478907,4.282888366179049,0.009204729130303584,-17.341811078899894,0.5977423870517491,0.4000000000000001,9.807862686616737,1.3964248442252738,2.0414478751701326,0.015554945900854518,0.31636056856198125,0.17880312747683436,-0.442212705885256,0.18398868798743637,0.5366503787596594,Medical Devices,Healthcare,ANIK
2008Q1,2008,Q1,2008-05-07,2008-03-31,617558.0,8548779.0,755753.0,0.05,5332709.0,0.6237977377,82564900.0,56478086.0,50231232.0,8840666.0,26086814.0,5368833.0,14770342.0,95190391.36,60237037.36,5.031328923407002,5.681837997273056,0.04844673705170115,0.07082392983359953,0.008164972370982395,5.031328923407002,0.010934471115044515,11.134969258182952,38.535000501977144,1.68543939962838,0.0,0.5990258963167601,0.0,0.10354011208152616,4.7783228096163795,0.007479667510043614,-18.612892794167163,0.6237977376652268,-0.6428571428571429,2.746113825044542,1.2356966293801024,1.9838594888199932,-0.16687538881530495,-0.630955255062161,-0.6436502330704473,-0.5299753558005771,0.0726655593528306,0.622912771348359,Medical Devices,Healthcare,ANIK
2007Q4,2007,Q4,2008-03-12,2007-12-31,1673396.0,9626833.0,2120818.0,0.14,6400854.0,0.6648971682,79496684.0,54960957.0,52442722.0,10637361.0,24535727.0,4390118.0,14152784.0,163327853.1,127424284.1,4.896176060432157,4.930050037786628,0.0,0.0,0.025534257030105756,4.896176060432157,0.03044699530977963,16.965896583019564,24.40065786878898,2.9717068627462218,0.0,0.7348274009946886,0.0,0.12109729004545648,4.249316724326644,0.021049884294544914,-15.339190762291635,0.6648971681548854,-0.12499999999999993,1.2469758878046258,1.0558042675790853,1.850469830347174,0.32603215240374445,-0.0683843383085685,0.1279452880974807,-0.12769381724548542,0.15034698406887217,0.6559871085553247,Medical Devices,Healthcare,ANIK
2007Q3,2007,Q3,2007-11-09,2007-09-30,1796230.0,7965380.0,1880249.0,0.16,4827073.0,0.6060066186,81229412.0,52622921.0,61171058.0,10180844.0,28606491.0,4712631.0,12479388.0,236548470.06,190388832.06,4.718407834668707,6.008446647448875,0.0,0.0,0.02640882542452388,4.718407834668707,0.03413398507467877,29.697072840216034,32.92290937964515,4.495160389519237,0.0,0.6659352281135527,0.0,0.09806029372710466,5.366409307519102,0.022113049396442756,219.6009837407884,0.606006618642174,0.3333333333333334,3.1690653746784023,1.1952175024382181,1.8573394209824536,0.1843308067827982,0.31606307208625706,0.3788546901617813,0.8475992460643388,0.1304461292086266,0.7158796518248495,Medical Devices,Healthcare,ANIK
2007Q2,2007,Q2,2007-08-07,2007-06-30,1364851.0,7099562.0,1363631.0,0.12,4075781.0,0.5740890776,75661280.0,50343577.0,62296697.0,7512796.0,25317703.0,5537691.0,10683158.0,167364225.07,122612998.07,4.569189946717446,8.292078874496259,0.0,0.0,0.01906148639229551,4.569189946717446,0.027110727551202807,23.573880342195757,30.656134821676506,3.324440475693652,0.0,0.546036425651052,0.0,0.09383349052514046,7.323297478062761,0.01803896259751355,-690.4094461518152,0.5740890776078862,0.09090909090909087,2.063432326313099,0.8712233859027219,1.6479132719255616,0.11814604935250488,0.1366398590246149,0.11523202530724205,0.629124649042162,0.03525896610306763,0.7133808342329994,Medical Devices,Healthcare,ANIK
2007Q1,2007,Q1,2007-05-09,2007-03-31,1200777.0,6138046.0,1222733.0,0.11,3645124.0,0.5938573937,69428339.0,47552190.0,58076651.0,5252498.0,21876149.0,5983632.0,9318307.0,134566401.76,90785523.75999999,4.3712292415241585,11.056958232064058,0.0,0.0,0.017253982034502787,4.3712292415241585,0.02525177073863475,21.923328981242562,28.01652633253302,2.829867599368189,0.0,0.416623549041786,0.0,0.08840836592677236,9.578502838078187,0.01729519987508271,-299.13483047757927,0.5938573937047719,0.1827956989247312,1.6077783320419647,1.3455955128441377,1.373002872438428,0.28582832571092953,0.14713468773226387,0.4046087660752543,-0.8584095702245567,-0.08235018775899781,0.6937173587480909,Medical Devices,Healthcare,ANIK
