Quarters,Year,Quarter,FillingDate,Date,NetIncome,Revenue,OperatingIncome,EPSDiluted,GrossProfit,GrossProfitRatio,TotalAssets,CommonStockEquity,CurrentAssets,CurrentLiability,TotalLiability,Inventory,RetainedEarnings,MarketCap,EnterpriseValue,bookValuePerShare,currentRatio,debtToAssets,debtToEquity,roic,shareholdersEquityPerShare,roe,priceToSalesRatio,peRatio,pbRatio,payoutRatio,inventoryTurnover,dividendYield,assetTurnover,quickRatio,returnOnAssets,priceToFreeCashFlowsRatio,grossProfitMargin,epsdilutedGrowth,fiveYNetIncomeGrowthPerShare,fiveYRevenueGrowthPerShare,fiveYShareholdersEquityGrowthPerShare,grossProfitGrowth,netIncomeGrowth,operatingIncomeGrowth,threeYNetIncomeGrowthPerShare,threeYRevenueGrowthPerShare,threeYShareholdersEquityGrowthPerShare,Industry,Sector,Symbol
2023Q1,2023,Q1,2023-05-05,2023-03-31,-22555000.0,317977000.0,131881000.0,-0.13,228478000.0,0.7185362463,10805680000.0,6057321000.0,249722000.0,319297000.0,4666245000.0,0.0,-1779043000.0,10474750160.0,14360973160.0,35.379068055977385,0.7820994246735797,0.36595253607362055,0.6528242435888737,-0.0029539931062607435,35.379068055977385,-0.00372359331790407,32.941848498476304,-116.10230724894703,1.7292711018616975,-4.92507204610951,0.0,0.010605026210954514,0.02942683847754144,0.7820994246735797,-0.0020873281459380623,64.61946193375653,0.7185362463322819,-1.3714285714285714,-1.4228702774221345,0.13459984384659365,-0.08896033422813965,0.02064264240117575,-1.3742885116410282,0.038989380140547696,0.12680640737756332,0.09935475531895016,-0.04177703031943129,REIT—Retail,Real Estate,REG
2022Q4,2022,Q4,2023-02-17,2022-12-31,60261000.0,314517000.0,126932000.0,0.35,223857000.0,0.7117484905,10860220000.0,6096985000.0,257639000.0,317259000.0,4682181000.0,0.0,-1764977000.0,10666198625.0,14537898625.0,35.72608910608957,0.8120778291553589,0.7582862962260433,1.3506931704768832,0.00545580089581104,35.72608910608957,0.009883737617855383,33.912947869272564,44.250006741507775,1.7494218248855786,1.7721577803222648,0.0,0.0100121893239167,0.0289604630477099,0.8120778291553589,0.005548782621346529,80.52331346585032,0.7117484905426416,0.16666666666666663,-0.29079811380756987,0.1903378634864427,-0.08711112999898184,0.034048391119980044,0.15206377731469975,-0.035383165638204095,0.4647203821854703,0.0667819100590084,-0.039016601049525416,REIT—Retail,Real Estate,REG
2022Q3,2022,Q3,2022-11-04,2022-09-30,52307000.0,303989000.0,131588000.0,0.3,216486000.0,0.7121507686,10898837000.0,6115883000.0,330910000.0,328285000.0,4700097000.0,0.0,-1749013000.0,9214865850.0,13008137850.0,35.74010787688244,1.0079961009488707,0.36191971675509965,0.64496067043794,0.007539298115363611,35.74010787688244,0.008552648897959625,30.313155574708297,44.04222116542719,1.5067106172567395,2.057391936069742,0.0,0.01167852052886912,0.027891875068872026,0.9893964086083739,0.004799319413621839,45.96286929196698,0.712150768613338,-0.25000000000000006,-0.17394829946722334,0.15032317739759782,-0.08016294792398407,-0.005270340435503807,-0.24452243742507618,-0.1183324511387011,-0.10088309981049574,0.054504322762540684,-0.04377673478927599,REIT—Retail,Real Estate,REG
2022Q2,2022,Q2,2022-08-05,2022-06-30,69237000.0,302083000.0,149249000.0,0.4,217633000.0,0.7204410708,10901815000.0,6125033000.0,283187000.0,322409000.0,4695680000.0,0.0,-1729645000.0,10205115840.0,14039233840.0,35.59741142830575,0.8783470684751357,0.7578500460703103,1.3488810590898042,0.006677154879860761,35.59741142830575,0.011303939097144456,33.7824897130921,36.84849083582478,1.6661323849193956,1.5451420483267617,0.0,0.01048307551597572,0.027709422697046317,0.8613438210471792,0.00635096082624774,55.203071646877454,0.7204410708315264,-0.5698924731182796,0.3800547908581514,0.14046098347121527,-0.09710799645037028,-0.011222018782115645,-0.5673877183774462,0.12244299380302028,0.30325884790076035,0.06619536367743398,-0.053483825246085075,REIT—Retail,Real Estate,REG
2022Q1,2022,Q1,2022-05-06,2022-03-31,160044000.0,303433000.0,132968000.0,0.93,220103000.0,0.7253759479,10840164000.0,6132327000.0,332936000.0,278265000.0,4634472000.0,-2749000.0,-1726556000.0,12221398080.0,15975090080.0,35.79624894928551,1.196470989883744,0.3627640688830907,0.6412609764613009,0.010517531911322743,35.79624894928551,0.026098412560191263,40.277089439843394,19.090684561745523,1.992946246995635,0.6678600884756692,-30.312841033102945,0.008745889733754585,0.027991550681336557,1.408420031265161,0.01476398327552978,85.528917504129,0.7253759479028319,3.8947368421052633,6.537450115772178,0.14374852753874964,-0.3265006563798637,0.03213599062133646,3.9239762483463063,0.2743844583521023,0.7260565429544388,0.033978912058762516,-0.05809080740469972,REIT—Retail,Real Estate,REG
2021Q4,2021,Q4,2022-02-17,2021-12-31,32503000.0,296924000.0,104339000.0,0.19,213250000.0,0.7181972491,10792563000.0,6037371000.0,273692000.0,322271000.0,4682631000.0,0.0,-1814814000.0,12868657812.449999,21008300812.449997,35.350687809095675,0.8492604050628197,0.7628160243308285,1.3636299641019245,0.0033937714167827583,35.350687809095675,0.005383634697950482,43.33990452927348,98.98053881526319,2.1315002527507416,3.113189551733686,0.0,0.007863135493594676,0.02751190796847792,1.9200579636392974,0.0030116108657415297,85.27372481909747,0.7181972491277229,-0.723701871410851,-0.6757690680902456,0.1348154982226057,0.42081229619520716,-0.06521777247860851,-0.7231572492036182,-0.2217456812960587,-0.596947426114812,0.02097292564118555,-0.07668808462382162,REIT—Retail,Real Estate,REG
2021Q3,2021,Q3,2021-11-05,2021-09-30,117406000.0,307375000.0,134068000.0,0.687663,228128000.0,0.742181374542497,10853903000.0,6070721000.0,524049000.0,327710000.0,4710439000.0,0.0,-1775668000.0,11495380173.6,15104032173.6,35.55703584894963,1.5991242256873455,0.3655872915024208,0.6536371874115118,0.013070182673321669,35.55703584894963,0.01933971269639965,37.39855282179748,24.477837958877743,1.8935774142148847,0.8574008142684361,0.0,0.008756909165229906,0.028319305967632106,1.521723475023649,0.010816938386127092,62.75079110655,0.742181374542497,0.22796964285714277,5.774977226406411,0.22735379363458083,0.44252548596871005,0.11202753161163269,0.22951094355429888,0.21257179034956813,0.6711542881045292,0.09606377023215187,-0.07484243314449578,REIT—Retail,Real Estate,REG
2021Q2,2021,Q2,2021-08-06,2021-06-30,95490000.0,287159000.0,110565000.0,0.56,205146000.0,0.7143986432603541,10640166000.0,5967080000.0,418123000.0,313896000.0,4600135000.0,0.0,-1791773000.0,10882545779.999998,14466888779.999998,35.13064160985317,1.3320430970767387,0.3635635007950064,0.6482862639683061,0.01099763515781778,35.13064160985317,0.016002802040529035,37.89728262042979,28.491323122840086,1.8237640152302295,1.0540684888469998,0.0,0.009249030698770927,0.0269882067629396,1.3238238142569514,0.008974484044703813,58.53191222267042,0.7143986432603541,0.19148936170212785,0.3907785672004709,0.09973420750871415,0.6074457193334396,0.06318053432147391,0.18391688157111685,0.17985081794026314,0.9909336940617276,0.017838728661541108,-0.08825327061353774,REIT—Retail,Real Estate,REG
2021Q1,2021,Q1,2021-05-07,2021-03-31,80656000.0,274703000.0,93711000.0,0.47,192955000.0,0.7024131516583365,10625988000.0,5969631000.0,299416000.0,285320000.0,4582944000.0,0.0,-1786196000.0,9627543280.0,13361642280.0,35.16346425710381,1.049404177765316,0.3643283805703526,0.6485072527933469,0.009315128189249258,35.16346425710381,0.013511052860721207,35.04709915799973,29.841373487403295,1.612753498499321,1.2470243999206507,0.0,0.01044710961818704,0.025851996068506758,0.927747791952895,0.007590447118893792,69.08298732796602,0.7024131516583365,1.066506329225236,-0.13079148764814544,0.05143853405000072,0.6704474161567681,0.08555981254254642,1.0956686673422193,0.49033858680958664,0.525033477610418,-0.011472439069854396,-0.09451230672651463,REIT—Retail,Real Estate,REG
2020Q4,2020,Q4,2021-02-17,2020-12-31,38487000.0,258460000.0,62879000.0,0.227437,177747000.0,0.6877157006886946,10936904000.0,5984912000.0,556017000.0,302361000.0,4878757000.0,0.0,-1765806000.0,7714753932.900001,11526443932.900002,35.367574967803804,1.8389177175627809,0.38290205345132405,0.6997200627177141,0.006050092056578113,35.367574967803804,0.006430670993992894,29.848928007815523,50.11272593927821,1.2890338125105265,2.5982799386805936e-05,0.0,1.2962176223605056e-07,0.02363191630830809,1.7188261713646933,0.0035190031840820766,61.95146458174401,0.6877157006886946,2.2491,-0.03760714526408375,0.011447719225223616,0.6666089758001043,0.07295621781831571,2.0333385876418664,0.04688410502305912,-0.5432013931701287,-0.013501050939493595,-0.09627204222777916,REIT—Retail,Real Estate,REG
2020Q3,2020,Q3,2020-11-06,2020-09-30,12688000.0,242944000.0,60063000.0,0.07,165661000.0,0.6818896535827187,10986639000.0,6039594000.0,491345000.0,222375000.0,4873516000.0,0.0,-1703338000.0,6450891420.000001,10382950420.0,35.59591208868929,2.2095334457560427,0.3630344093402905,0.6603967087853919,0.005860831810139611,35.59591208868929,0.0021008034646037466,26.552997480900952,127.10615187578816,1.068100176932423,7.926150693568727,0.0,0.015589628386583506,0.022112677043452506,1.9592490163012928,0.001154857277098119,41.04403779347204,0.6818896535827187,-0.3636363636363636,-0.8811733044186714,-0.05515473804979927,0.7759295516288833,0.07371279684745412,-0.33382337498687387,0.3186748046017388,-0.7979139769668311,-0.07282039630243542,-0.0838740902963091,REIT—Retail,Real Estate,REG
2020Q2,2020,Q2,2020-08-04,2020-06-30,19046000.0,231113000.0,45548000.0,0.11,154288000.0,0.667586851453618,11386309000.0,6121983000.0,801402000.0,223990000.0,5189107000.0,0.0,-1615077000.0,7784917270.0,11715825270.0,36.087448347411915,3.577847225322559,0.3770579210523797,0.7012920486711577,0.00428230977718225,36.087448347411915,0.0031110834512281397,33.684462881793756,102.1857249553712,1.271633271441623,5.279953796072666,0.0,0.012917542539279932,0.020297446696730257,3.4361221483101922,0.0016727106211503657,84.85755845260026,0.667586851453618,1.7333333333333334,-0.7206017516800616,-0.09322623747329233,0.8024172996243621,-0.24884859933204156,1.7518553608084637,-0.5493197447187453,-0.6149510548330419,-0.1150217599973123,-0.0846787102199329,REIT—Retail,Real Estate,REG
2020Q1,2020,Q1,2020-05-08,2020-03-31,-25332000.0,283658000.0,101065000.0,-0.15,205402000.0,0.7241184807056384,11568311000.0,6199422000.0,912792000.0,194835000.0,5293076000.0,0.0,-1533182000.0,6452704440.0,10356014440.0,36.92154036734402,4.6849488028331665,0.3816336715013972,0.7121400995125029,0.00932679659305451,36.92154036734402,-0.004086187389727623,22.748184221844614,-63.681355992420656,1.0408558152679395,-3.92424601294805,0.0,0.01540578852237032,0.024520260563534298,4.523355659917366,-0.002189775153866455,51.34315027291969,0.7241184807056384,-1.6250000000000002,-1.4651046673234518,0.12916364861561988,0.8531724004293295,-0.016942500789692835,-1.6287260182174679,0.055972332511388806,0.1057554423714746,0.09088550256905557,-0.3053285209274169,REIT—Retail,Real Estate,REG
2019Q4,2019,Q4,2020-02-18,2019-12-31,40291000.0,288732000.0,95708000.0,0.24,208942000.0,0.7236537688929526,11132253000.0,6213348000.0,330464000.0,213705000.0,4842292000.0,0.0,-1408062000.0,10544272329.960001,14832637329.960001,37.17659341993561,1.5463559579794577,0.39560069286962846,0.708784861237452,0.008828994096322824,37.17659341993561,0.006484587697325178,36.51923697394123,65.42572987739197,1.6970355322058253,2.4242883025985953,0.0,0.009263512639223585,0.0259365287511881,1.333141480077677,0.0036193032982631637,69.40902695560018,0.7236537688929526,-0.2941176470588236,-0.7133173381979067,0.18859328987899057,0.8267190482756903,0.009479176732051406,-0.29270604757307117,-0.009233954451345755,-0.5892921982879671,0.12763561612488494,0.4941989628870415,REIT—Retail,Real Estate,REG
2019Q3,2019,Q3,2019-11-04,2019-09-30,56965000.0,282276000.0,96600000.0,0.34,206980000.0,0.7332539783757741,11172950000.0,6262739000.0,244405000.0,219529000.0,4833103000.0,0.0,-1350331000.0,11643674910.0,15711240910.0,37.37632117642144,1.1133153250823353,0.3479177835755105,0.6206977490200374,0.009312110718104479,37.37632117642144,0.009095860453389483,41.249255728436,51.10012687615202,1.859198492863905,1.714649346089704,0.0,0.008388674602733306,0.025264231917264464,0.9322868504844463,0.005098474440501389,64.67522570862009,0.7332539783757741,0.09677419354838718,-0.40996633332759314,0.1647867501808199,0.870516528392338,0.036937582349316406,0.10124110733065264,0.12629418897490904,2.3494431732389383,0.14847658870441374,0.5163326914476938,REIT—Retail,Real Estate,REG
2019Q2,2019,Q2,2019-08-06,2019-06-30,51728000.0,275872000.0,85768000.0,0.31,199607000.0,0.7235493272242199,10947189000.0,6300841000.0,210353000.0,188723000.0,4594341000.0,0.0,-1309278000.0,11178001920.0,15046643920.0,37.60887809187279,1.1146124213794821,0.33601913696749003,0.5838053999458167,0.008405936727116271,37.60887809187279,0.008209697721304188,40.5187982832618,54.02297556449119,1.7740491975595005,1.8875270646458397,0.0,0.008734834785213563,0.025200259171555366,1.0155889849143984,0.004725231289968594,70.76521071923727,0.7235493272242199,-0.425925925925926,-0.07678424558939367,0.12231772445832588,0.9361236962387811,-0.05607100972269512,-0.42807863255423123,-0.06607430637222876,-0.23617578959350746,0.07112600122654333,0.7208404779250703,REIT—Retail,Real Estate,REG
2019Q1,2019,Q1,2019-05-10,2019-03-31,90446000.0,286257000.0,91836000.0,0.54,211464000.0,0.7387207998407026,11017604000.0,6350695000.0,218694000.0,183983000.0,4614831000.0,0.0,-1263011000.0,11309753030.400002,15175829030.400002,38.00392779972123,1.1886641700591902,0.3343501908400411,0.5800527343857641,0.008951265430128304,38.00392779972123,0.014241905807159689,39.50908809356628,31.261064697167377,1.780868555394331,1.0791853702761869,0.0,0.008630427184186516,0.025981783335106253,1.105640195018018,0.008209225889766959,86.09476744313511,0.7387207998407026,0.14362069830809204,1.0233314783407508,0.18460568275509948,0.9369613955230546,0.05368478748318302,0.14626449527913313,0.009087013372303838,-0.00976170738620031,0.11311404745735544,0.8053842059667825,REIT—Retail,Real Estate,REG
2018Q4,2018,Q4,2019-02-21,2018-12-31,78905000.0,284560000.0,91009000.0,0.47218452831335844,200690000.0,0.7052642676412707,10944663000.0,6397970000.0,278065000.0,224807000.0,4494495000.0,0.0,-1255465000.0,9805796510.4,13478476510.4,38.286831590051555,1.236905434439319,0.3394542161782414,0.5806860613600876,0.008999046986398545,38.286831590051555,0.012332818065730224,34.45950418330053,31.068362304036498,1.5326418395834929,1.1875293073949686,0.0,0.009555776514495271,0.025999886885507577,0.9558910532145352,0.007209449939207813,67.3604574396175,0.7052642676412707,0.15166958125209384,-0.15833875261857083,0.2991851153596198,0.9100300805781745,-0.009544772583701832,0.13170878632282493,-0.030085685054139312,0.998032596666981,0.12767425765865087,0.8041716810104839,REIT—Retail,Real Estate,REG
2018Q3,2018,Q3,2018-11-05,2018-09-30,69722000.0,278310000.0,93832000.0,0.41,202624000.0,0.7280514534152563,11057030000.0,6512094000.0,257087000.0,236250000.0,4504787000.0,0.0,-1240331000.0,10927056620.0,14603899620.0,38.43349189674099,1.0881989417989417,0.3361850334131317,0.5708160846572546,0.009172864385077301,38.43349189674099,0.010706540783962885,39.26217749991017,39.18080598663262,1.6779635889776774,1.3441524913226814,0.0,0.008576600566749878,0.025170411946065084,0.8511068783068783,0.006305671595356077,66.68979743544361,0.7280514534152563,0.4642857142857141,-0.06020819666330364,0.2369618738684483,0.9369393175928917,-0.025939813479473127,0.4573692021487845,-0.05544594322528689,-0.3461359056076632,0.08387731329843172,0.9175003540195795,REIT—Retail,Real Estate,REG
2018Q2,2018,Q2,2018-08-03,2018-06-30,47841000.0,281412000.0,99340000.0,0.28,208020000.0,0.7392008869557801,11181730000.0,6528100000.0,300943000.0,215300000.0,4612942000.0,0.0,-1216018000.0,10517841920.0,14312190920.0,38.531140806497305,1.3977844867626568,0.34265717380047633,0.586924219910847,0.009589173327155488,38.531140806497305,0.007328472296686632,37.37524313106761,54.96248991450847,1.611164338781575,1.95878012583349,0.0,0.008909622402843645,0.02516712530171986,0.8949883882954017,0.004278497155627975,69.63705769409023,0.7392008869557801,-0.09677419354838701,-0.30097321509202657,0.21317603158583046,0.9420470568117487,0.02094703364874946,-0.09151158374477782,0.03491025013282772,-0.29728186581763544,0.1055495090959946,0.9244695301066813,REIT—Retail,Real Estate,REG
2018Q1,2018,Q1,2018-05-07,2018-03-31,52660000.0,276693000.0,95989000.0,0.31,203752000.0,0.7363829225892957,11233856000.0,6564301000.0,261965000.0,212515000.0,4628475000.0,0.0,-1169828000.0,9969747349.619999,13722111349.619999,38.83372962252216,1.2326894572147848,0.34184771462265495,0.5850231426011696,0.009225658458317687,38.83372962252216,0.008022179360757527,36.03180185122139,47.33074131038739,1.5187827842781736,1.801158374477782,0.0,0.009513681407745524,0.024630278330076513,1.1645813236712703,0.00468761572161865,66.52352303106733,0.7363829225892957,-0.37737751408934433,0.3625908994077843,0.18219677572519358,1.0060986136291794,0.04723968318419416,-0.38148204700548516,0.22268078005782924,-0.03959574108300752,0.09408742947678192,0.9491493373836682,REIT—Retail,Real Estate,REG
2017Q4,2017,Q4,2018-02-27,2017-12-31,85139000.0,264750000.0,78507000.0,0.497894,194561000.0,0.7348857412653447,11145717000.0,6692052000.0,220366000.0,234272000.0,4412663000.0,0.0,-1158170000.0,11829661010.400002,16002530010.400002,39.135200658158666,0.9406416473159405,0.3784627763292393,0.6303356578819173,0.00850078482885857,39.135200658158666,0.012722405623865445,44.68238341983003,34.736316524741895,1.767718034826986,1.0553800256051868,0.0,0.007595652987943204,0.023753518952616508,0.9235205231525748,0.007638718980573435,92.93545404866093,0.7348857412653447,0.4225542857142858,2.405066765022807,0.1580793464005465,1.0363726305223426,-0.0012576614683325975,0.35543597662904175,-0.07571405024841649,-0.4079119836875696,0.06521842155521061,0.9229576979480438,REIT—Retail,Real Estate,REG
2017Q3,2017,Q3,2017-11-06,2017-09-30,62813000.0,262141000.0,84938000.0,0.35,194806000.0,0.7431344200258639,11118745000.0,6595462000.0,201596000.0,276363000.0,4482061000.0,0.0,-1153153000.0,10531059149.16,14607790149.16,38.85482520650718,0.7294608902059971,0.3687712956813022,0.6216810892095201,0.007941295484480918,38.85482520650718,0.009523669456362571,40.17326228693718,41.91432963383376,1.5967128836706208,1.4410233550379699,0.0,0.008595051904842813,0.02357649177132851,0.6031777046855042,0.005649288656228738,62.679279523613964,0.7431344200258639,0.2499999999999998,0.7004958438228318,0.15718109961165203,0.941902334677038,-0.007757386835363089,0.2691289677328107,0.05203314465486704,-0.35777719355364757,0.06776311848375968,0.9445089957760646,REIT—Retail,Real Estate,REG
2017Q2,2017,Q2,2017-08-08,2017-06-30,49493000.0,261305000.0,80737000.0,0.28,196329000.0,0.7513403876695816,11192344000.0,6692286000.0,249673000.0,246462000.0,4458309000.0,0.0,-1122666000.0,10632701707.92,14043461707.92,39.425990360262446,1.0130283775997924,0.31343085952325983,0.524189492200423,0.007872869914555415,39.425990360262446,0.007395529718843457,40.690770203096,53.70810876245125,1.5887996579823398,1.834198775584426,0.0,0.008537811225568431,0.02334676275139506,0.9033360112309403,0.004422040637778825,74.29273337516332,0.7513403876695816,2.6596489914353914,1.3599710311405568,0.06511220468565485,0.9639760321794786,0.3547592431581998,3.3163289184256097,19.68912037037037,-0.1281584554271022,0.04923357460976813,1.029669537009705,REIT—Retail,Real Estate,REG
2017Q1,2017,Q1,2017-05-10,2017-03-31,-21367000.0,196131000.0,-4320000.0,-0.16871037276251688,144918000.0,0.7388837052786148,11135972000.0,6731349000.0,184285000.0,242638000.0,4371469000.0,0.0,-1080882000.0,8408227110.0,11778598110.0,53.149641923741996,0.7595059306456532,0.30596574775870483,0.5061728340040013,-0.000427106045900621,53.149641923741996,-0.003174252293262465,42.87046468941677,-98.37865762624608,1.249114718312778,-2.645668554312725,0.0,0.006723177105048486,0.017612382646077056,0.6458098072024991,-0.001918736864640105,256.951597041836,0.7388837052786148,-1.3183214580424847,-1.558091772956499,0.09052101991490054,1.601781023181721,0.2322120944153459,-1.3495166276806307,-1.08625509144637,-1.6306846045995902,0.07091486072514112,1.708899067872587,REIT—Retail,Real Estate,REG
2016Q4,2016,Q4,2017-02-27,2016-12-31,61133000.0,159561000.0,50084000.0,0.53,117608000.0,0.7370723422390183,4488906000.0,2591301000.0,129601000.0,138936000.0,1864404000.0,0.0,-994259000.0,7181099957.85,9088758957.85,24.880617871735254,0.9328107905798353,0.4279249777117186,0.7412936590538883,0.011099645938935547,24.880617871735254,0.023591624438843654,45.00535818809108,29.36670847925834,2.771233429790673,0.9364009618373056,0.0,0.007971619993594824,0.035545631831007375,0.8995364772269246,0.013618685710950507,99.7001118726311,0.7370723422390183,9.6,3.0324021231917047,0.13837966969848356,0.2342381373136816,0.046921317108343644,4.783085800775707,-0.0817015034836817,0.046271958379728174,0.16885328959263013,0.24122907497870766,REIT—Retail,Real Estate,REG
2016Q3,2016,Q3,2016-11-04,2016-09-30,10571000.0,152768000.0,54540000.0,0.05,112337000.0,0.7353437892752409,4458288000.0,2567145000.0,148134000.0,145689000.0,1858004000.0,0.0,-997881000.0,8070380398.709999,9657099398.71,24.6491560771779,1.0167823239915161,0.3650775813496122,0.634019893695136,0.01300191715104013,24.6491560771779,0.004117804019640496,52.82768903638196,190.8613281314445,3.1437181766943434,5.416138492101031,0.0,0.007094337214780075,0.034266068051234014,0.9892922595391553,0.0023710895303309253,109.00616455116429,0.7353437892752409,-0.8571428571428572,-0.28528643079508964,0.10304794223065637,0.2693766874347248,0.003600335912233995,-0.7362261702764747,0.032074936133976724,-0.7681856263737356,0.10464407421658002,0.2422477686816206,REIT—Retail,Real Estate,REG
2016Q2,2016,Q2,2016-08-05,2016-06-30,40076000.0,152412000.0,52845000.0,0.35,111934000.0,0.7344172374878618,4436602000.0,2166756000.0,162345000.0,165611000.0,2234577000.0,0.0,-950941000.0,8301208725.780001,10260485725.78,21.85494737851603,0.9802790877417563,0.447237773413076,0.9157542427481452,0.012730753182628068,21.85494737851603,0.01849585278637742,54.465584900007876,51.78416462334066,3.8311691421553697,1.3428485876834015,0.0,0.00648291131782659,0.03435331814753724,0.7818019334464498,0.009033039249407543,111.45853440989286,0.7344172374878618,-0.28571428571428575,1.0885149256616757,0.10001851998177484,0.08664393744883099,0.0077516588189749085,-0.24588374762433435,-0.01687379074267004,0.0006740195359354244,0.12283271830679211,0.10153334017210575,REIT—Retail,Real Estate,REG
2016Q1,2016,Q1,2016-05-06,2016-03-31,53143000.0,149628000.0,53752000.0,0.49,111073000.0,0.7423276392119122,4147373000.0,2046671000.0,159147000.0,157732000.0,2065000000.0,0.0,-936945000.0,7277479572.599999,9085642572.599998,21.050326946540526,1.0089709126873432,0.4425210850338274,0.8967244857624894,0.01384657433041102,21.050326946540526,0.025965580203168952,48.637150617531475,34.23536294808347,3.5557642496522397,1.0119112583030692,0.0,0.007389371479992714,0.036077777426819335,0.8139946237922552,0.012813653365636512,105.72353559381128,0.7423276392119122,1.69362490448626,7.407267525935191,0.32291286057687796,0.23054239679637578,0.016267898805983807,1.323191256830601,0.08961910360625165,1.3906769300517272,0.11146211347769955,0.08743177939325684,REIT—Retail,Real Estate,REG
2015Q4,2015,Q4,2016-02-18,2015-12-31,22875000.0,146167000.0,49331000.0,0.181911,109295000.0,0.7477405980830146,4191074000.0,2054109000.0,146787000.0,164515000.0,2108454000.0,0.0,-936020000.0,6593660141.120001,8429282141.120001,21.221279545086194,0.8922408291037291,0.4467776040222626,0.9115767469009678,0.012563327897739182,21.221279545086194,0.01113621526413642,45.11045681391833,72.06185946579235,3.209985517380042,2.2141639344262294,0.0,0.007681469611109916,0.03487578601570862,0.8693432209828891,0.005458028180843383,111.99612971974048,0.7477405980830146,-0.6792190982704625,1.813380497456295,0.3742783280890209,0.3628785207143196,0.028532979494273643,-0.6122684204281573,-0.06216611851485713,1.6669132440114525,0.1295137024263971,0.10423434972903552,REIT—Retail,Real Estate,REG
2015Q3,2015,Q3,2015-11-05,2015-09-30,58997000.0,142068000.0,52601000.0,0.567088,106263000.0,0.7479728017569052,4170887000.0,1879026000.0,126413000.0,171304000.0,2262843000.0,0.0,-907962000.0,5826389723.0,7826161723.0,20.043538357724103,0.7379454069957503,0.48518504577083965,1.0769685996894136,0.013478180879898367,20.043538357724103,0.03139764963337389,41.01127434045668,24.68934743715782,3.100749922034075,0.8585012797260878,0.0,0.008693033320455758,0.034061819464301,0.7079285947788726,0.014144952860147015,65.20861469501959,0.7479728017569052,0.6679058823529411,3.045798688761481,0.03342667219619514,-0.06751113182865319,0.00936576840145521,0.5630000529857468,0.008184153026411622,1.891996958944181,0.13554542373393716,0.0017441521145916629,REIT—Retail,Real Estate,REG
2015Q2,2015,Q2,2015-08-06,2015-06-30,37746000.0,141129000.0,52174000.0,0.34,105277000.0,0.7459629133629516,4098268000.0,1880735000.0,159812000.0,142415000.0,2188401000.0,0.0,-916027000.0,5540277865.86,7501863865.86,20.02169439614945,1.1221570761506863,0.4852537706172461,1.0574057482845802,0.013483622285940971,20.02169439614945,0.020069813131568245,39.25683499394171,36.69447004887935,2.9458046273717455,1.340989773750861,0.0,0.00913618436214352,0.034436254534842524,0.8711792999332936,0.009210232224930141,75.94103030443424,0.7459629133629516,0.25925925925925924,1.6774568539902568,0.0458183344602251,-0.06398408616376207,0.011345296649246848,0.2400131406044678,0.031922468354430376,2.2523623953600964,0.03951080551950836,-0.00263436483532021,REIT—Retail,Real Estate,REG
2015Q1,2015,Q1,2015-05-07,2015-03-31,30440000.0,140399000.0,50560000.0,0.27,104096000.0,0.7414297822634064,4118397000.0,1869654000.0,158314000.0,166659000.0,2219518000.0,0.0,-902845000.0,6385009680.000001,8343247680.000001,19.923424479444172,0.949927696674047,0.48434548684840245,1.066896334829867,0.013083596053287707,19.923424479444172,0.016281087302784367,45.47760083761281,52.43930420499344,3.4150755594350617,1.6602825229960578,0.0,0.007915258164495061,0.03409069111112892,0.8010668490750574,0.007391225275270937,117.24649601527784,0.7414297822634064,-0.6559247214264596,0.5472840124594269,-0.008025778635153177,-0.10988071222798311,0.020278945769257158,-0.6136026098325696,0.11387720032605583,0.0730284292686554,0.05355284181394162,-0.024708617947308456,REIT—Retail,Real Estate,REG
2014Q4,2014,Q4,2015-02-20,2014-12-31,78779000.0,136165000.0,45391000.0,0.784712,102027000.0,0.7492894649873315,4197170000.0,1906592000.0,220688000.0,181197000.0,2260688000.0,0.0,-882372000.0,5975089940.7,7882670940.7,20.351566079648652,1.2179451094664924,0.48159998284558403,1.060193790805794,0.011774249740918051,20.351566079648652,0.041319275440157094,43.8812465809863,18.961556825740363,3.133911157027828,0.6197209916348265,0.0,0.008170755668036099,0.03244209788976858,1.173722522999829,0.018769551864708838,99.69782321130614,0.7492894649873315,0.5090615384615383,1.2922787573197203,0.014540175981479617,-0.1050471405402229,0.014406729105768658,0.4805856262216208,-0.047128222352842385,4.776906776379408,0.079997229628633,0.009568136091067292,REIT—Retail,Real Estate,REG
2014Q3,2014,Q3,2014-11-04,2014-09-30,53208000.0,133559000.0,47636000.0,0.52,100578000.0,0.753060445196505,4128088000.0,1845221000.0,215048000.0,173997000.0,2253959000.0,0.0,-912041000.0,4970931350.0,6893466350.0,19.98181818181818,1.2359293551038237,0.4901162475218552,1.0964773325254806,0.01231393131744279,19.98181818181818,0.028835570373413267,37.21899198107204,23.356127602992032,2.6939490445859873,0.9092993534806796,0.0,0.009732984946573443,0.03235371920366039,1.1121226228038414,0.012889260112672017,50.61326643859328,0.753060445196505,0.8761726078799249,1.5828462473359914,-0.13391699528551246,-0.12685133477312652,0.0008159528737462187,0.7304540132691557,0.003814139711305447,3.057213376815221,0.08760229086897436,0.029019171818368963,REIT—Retail,Real Estate,REG
2014Q2,2014,Q2,2014-08-08,2014-06-30,30748000.0,134892000.0,47455000.0,0.27716,100496000.0,0.7450108234735937,4043771000.0,1785911000.0,144748000.0,141063000.0,2225369000.0,0.0,-916576000.0,5119196037.12,7113523037.12,19.424832289865485,1.0261230797586893,0.5022695399912607,1.1372699983369832,0.012432623329370333,19.424832289865485,0.017216983377111177,37.95033091006138,41.62218711070639,2.8664340144161717,1.5690776635878756,0.0,0.009424526751888688,0.03335797205133525,0.9629456342201711,0.007603793587717999,76.0291694457316,0.7450108234735937,0.31980952380952393,3.0374337173416768,-0.05898144268145471,-0.26046592750265013,0.02572058463297134,0.2471303995132833,0.08592677345537758,0.7279365699669399,0.04984391933388759,-0.03418315870702108,REIT—Retail,Real Estate,REG
2014Q1,2014,Q1,2014-05-08,2014-03-31,24655000.0,133280000.0,43700000.0,0.21,97976000.0,0.7351140456182473,4035551000.0,1808352000.0,141275000.0,136800000.0,2194465000.0,0.0,-898787000.0,4706047020.0,6671578020.0,19.6203847364024,1.0327119883040936,0.49576625348062753,1.106360929730495,0.011472701009860222,19.6203847364024,0.01363396064483021,35.30947644057623,47.718992293652406,2.6023954517704517,1.9555059825593186,0.0,0.010244904012880007,0.03302646900014397,0.9655190058479532,0.006109450729280834,90.04375899280575,0.7351140456182473,-0.5817091364683903,-0.23874795520472591,-0.15803584361745096,-0.19046707325246695,0.10033467352485344,-0.5221065689752089,0.1725877428356767,3.114599278244143,0.2430743074314175,0.1469520317149985,REIT—Retail,Real Estate,REG
2013Q4,2013,Q4,2014-02-19,2013-12-31,51591000.0,120534000.0,37268000.0,0.502043,89042000.0,0.7387293211873828,3913516000.0,1843354000.0,179095000.0,147045000.0,2052382000.0,0.0,-874916000.0,4257753509.7,6031766509.7,20.045145874593747,1.217960488285899,0.47392089364142115,1.0061534572306785,0.01007774095057099,20.045145874593747,0.02798757048293491,35.32408706008263,20.632249373437226,2.309786134242256,0.9208970556880076,0.0,0.011158466522724455,0.03079941413296892,1.1532184025298378,0.013182774773375145,84.86821562518686,0.7387293211873828,0.31912808372330115,3.7097132645525197,-0.3033954743453603,-0.17660653028418602,-0.027044155730629283,0.28131829922511425,-0.12134857951196511,2.9308964888986764,0.19285410148436355,0.28734455898512645,REIT—Retail,Real Estate,REG
2013Q3,2013,Q3,2013-11-01,2013-09-30,40264000.0,122110000.0,42415000.0,0.380587,91517000.0,0.7494635983948899,3896553000.0,1824666000.0,178526000.0,147087000.0,2059458000.0,0.0,-878753000.0,4446169638.45,6247904638.45,19.842383056431398,1.213744246602351,0.4784836751867612,1.021796317791859,0.011497374836105145,19.842383056431398,0.022066504225978893,36.41118367414626,27.606358275692926,2.4367032862178615,1.3104510232465727,0.0,0.011867293488692506,0.03133795434066982,1.1056789519128134,0.010333235554604287,46.080982095329894,0.7494635983948899,0.09783022568883565,-0.48808777075805754,-0.24821675081152492,-0.2500625699732892,-0.022838899803536344,0.08443534703331627,-0.06119964586100044,1.814881430470371,-0.09446867473129954,-0.0768695133619624,REIT—Retail,Real Estate,REG
2013Q2,2013,Q2,2013-08-02,2013-06-30,37129000.0,125842000.0,45180000.0,0.346672,93656000.0,0.7442348341571177,3899903000.0,1823618000.0,171042000.0,131181000.0,2063871000.0,0.0,-871266000.0,4632466507.2,6465447507.2,19.840477434029705,1.303862602053651,0.48517206710013044,1.0375659814719969,0.012159078859619425,19.840477434029705,0.020360075410530056,36.811767988429935,31.191699932667184,2.540261451246917,1.273155754262167,0.0,0.0102042831667599,0.032267982049809955,1.14137718114666,0.00952049320201041,71.52068838214633,0.7442348341571177,1.0296480176108285,-0.23791846837703806,-0.22991924356723922,-0.25064935586785175,-0.0066291193347546165,0.7833333333333333,0.07522787310502392,1.6915956947737207,-0.046961103612693,-0.07245599453699952,REIT—Retail,Real Estate,REG
2013Q1,2013,Q1,2013-05-09,2013-03-31,20820000.0,126088000.0,42019000.0,0.170804,94281000.0,0.747739673878561,3861387000.0,1762794000.0,124211000.0,266120000.0,2085691000.0,0.0,-860832000.0,4820906136.96,6728947136.96,19.35783682750725,0.4667480835713212,0.4999351269375486,1.0951041358207483,0.01137728231359103,19.35783682750725,0.011810795816187257,38.23445638728507,57.887921913544666,2.734809703777072,1.983189241114313,0.0,0.008564779903812218,0.032653551690105136,0.44386367052457537,0.005391844951049972,122.6537625482763,0.747739673878561,1.4137403137860955,-0.49188318335280146,-0.18630775359764884,-0.2604046309845513,0.9806932773109244,1.6523987089900667,0.060041877948485076,0.09058276843480075,-0.08195780241868854,-0.13514948459360537,REIT—Retail,Real Estate,REG
2012Q4,2012,Q4,2013-03-01,2012-12-31,-31913000.0,120402000.0,39639000.0,-0.412829,47600000.0,0.3953422700619591,3853458000.0,1730765000.0,129163000.0,297185000.0,2107547000.0,0.0,-834810000.0,4243586629.68,6163128629.68,19.218094012646514,0.43462153204233056,0.5039346477890767,1.1219842092947339,0.010793006478145517,19.218094012646514,-0.018438667294520053,35.245150659291376,-33.24340104095509,2.4518560461298904,-1.6027637639833296,0.0,0.012053247515264473,0.031245182898061948,0.4128438514729882,-0.008281652479409403,17.926153568598295,0.3953422700619591,-2.897127411313813,-1.4490968337533252,-0.2123475165717079,-0.27753689304236223,-0.5406469543735042,-2.630793602125811,-0.07519481125472446,-1.9659546549978537,-0.06681101927747209,-0.15489117040560713,REIT—Retail,Real Estate,REG
2012Q3,2012,Q3,2012-11-09,2012-09-30,19569000.0,120013000.0,42862000.0,0.21760741926874833,103624000.0,0.8634397940223143,3797974000.0,1799337000.0,128157000.0,129569000.0,1983540000.0,0.0,-756114000.0,4356112320.0,7977586320.0,20.008640245529758,0.9891023315762258,0.9591492727438365,2.0245368155048222,0.007875915468138484,20.008640245529758,0.01087567253938534,36.29700382458567,55.65067606929327,2.4209541181001666,2.41851908630998,0.0,0.01086473362560128,0.03159921579241985,0.9417684785712632,0.005152483929589829,-417.2121750790154,0.8634397940223143,2.6267903211458057,-0.6376226219007936,-0.20400053096513035,-0.24904922611776417,-0.0744634292298211,0.7640854592986568,-0.15097852785040805,1.2201223566941244,-0.20084117318362904,-0.1256792868185663,REIT—Retail,Real Estate,REG
2012Q2,2012,Q2,2012-08-09,2012-06-30,11093000.0,129767000.0,50484000.0,0.06,111961000.0,0.8627848374394106,4025866000.0,1802396000.0,141585000.0,112068000.0,2208267000.0,0.0,-726444000.0,4271072450.0,8374640450.0,20.074578158935235,1.2633847306992183,1.0250212004075645,2.2895068564288867,0.008514766586034664,20.074578158935235,0.006154585340846295,32.91339439148628,96.25602744974309,2.3696637420411495,4.334174704768773,0.0,0.011256891697072476,0.03223331327967697,1.209176571367384,0.0027554319989786047,212.7451907750548,0.8627848374394106,-0.5714285714285715,-0.8262200028197293,-0.07880454321972166,-0.25940960301638993,0.02910060204972655,-0.590935909727856,0.13337673708551287,1.7526869337178204,-0.07301009196410528,-0.2357290751339335,REIT—Retail,Real Estate,REG
2012Q1,2012,Q1,2012-05-08,2012-03-31,27118000.0,127389000.0,44543000.0,0.14,108795000.0,0.8540376327626404,4004876000.0,1832530000.0,149367000.0,104878000.0,2160262000.0,0.0,-690845000.0,3990122879.9999995,8009723880.0,20.428176487637394,1.4241976391616926,1.010447264784228,2.208267258926184,0.00757631165629062,20.428176487637394,0.014798120631040147,31.322350281421468,36.78481893944981,2.1773847522277943,1.5312707426801386,0.0,0.01040694766773699,0.03180847546840401,1.3631171456358817,0.006771245851307257,367.61773355444996,0.8540376327626404,-0.0382263746362382,-0.6317262870338731,-0.07614685970735124,-0.2375858151696596,0.05414361428972841,1.076734568846684,-0.0068007491972886195,-0.13972939911128288,-0.17317327148967662,-0.15713775635245159,REIT—Retail,Real Estate,REG
2011Q4,2011,Q4,2012-02-29,2011-12-31,13058000.0,120727000.0,44848000.0,0.14556439925980424,103207000.0,0.8548791902391346,3987071000.0,1808355000.0,139101000.0,101862000.0,2117417000.0,0.0,-662735000.0,3374739720.0,5345777720.0,20.158685037790114,1.3655828473817517,0.4972171300686644,1.0962670493348927,0.011830763731618302,20.158685037790114,0.007220927306861761,27.95347950334225,64.61057818961555,1.8661931534460876,3.592586919895849,0.0,0.013900923891102335,0.03027962130596621,1.3061887651921227,0.003275085896388602,426.1573077408764,0.8548791902391346,0.617382213997825,-0.8477552103593476,-0.10284675100371074,-0.24485480811394042,-0.04123701763186742,-0.027626777868791422,-0.08379979570990807,0.22201129008682516,-0.284747863098961,-0.17194268767023038,REIT—Retail,Real Estate,REG
2011Q3,2011,Q3,2011-11-08,2011-09-30,13429000.0,125747000.0,48950000.0,0.09,107646000.0,0.8560522318623903,4095621000.0,1836198000.0,134696000.0,114873000.0,2198147000.0,0.0,-629626000.0,3340808721.6299996,7420293492.629999,19.4183147691102,1.1725644842565268,1.0012351658026952,2.2332448739188258,0.008245074580970348,19.4183147691102,0.0073134814437223,26.56770119072423,62.19392213921363,1.8194163819097942,3.4937821133368083,0.0,0.014043904907284976,0.03070279207963823,1.1725644842565268,0.003278867844461194,-397.24241636504155,0.8560522318623903,-0.3571428571428572,-0.7785083668878997,-0.12998381336439974,-0.2645550900318738,-0.026013155870829977,-0.24471316085489314,0.03261328157961353,-0.8339633975253058,-0.24712890571923934,-0.2660901146812525,REIT—Retail,Real Estate,REG
2011Q2,2011,Q2,2011-08-05,2011-06-30,17780000.0,128382000.0,47404000.0,0.14,110521000.0,0.8608761352837625,4020290000.0,1847599000.0,129408000.0,121617000.0,2111596000.0,0.0,-596898000.0,4039258804.87,7961141066.87,20.112335444327787,1.064061767680505,0.9801010031614634,2.132654467771416,0.008190205073761137,20.112335444327787,0.009623300294057315,31.46281258174822,56.79497757128796,2.186220497451016,2.637007874015748,0.0,0.01160757511835367,0.03193351723383139,1.064061767680505,0.004422566531270132,138.93027463954047,0.8608761352837625,6.0,-0.6428757585069917,-0.12215855530863456,-0.24844865623190135,0.027729474888180103,1.5028153153153154,0.18314780611990217,-0.634862466102966,-0.21394789873585637,-0.24038161025503987,REIT—Retail,Real Estate,REG
2011Q1,2011,Q1,2011-05-12,2011-03-31,7104000.0,127114000.0,40066000.0,0.02,107539000.0,0.8460043740264644,3991172000.0,1869232000.0,175107000.0,120949000.0,2060700000.0,0.0,-568526000.0,4751059600.0,8530237607.0,17.106543424544707,1.447775508685479,0.9633616408914474,2.0569635053326714,0.0070116870698929,17.106543424544707,0.0038004913247793744,37.376367669965546,167.19663569819818,2.541717454013199,6.075731981981982,0.0,0.009084710282312603,0.03184879028014829,1.447775508685479,0.0017799283017619887,130.69596170774648,0.8460043740264644,1.068835832178405,-0.9376343074640973,-0.24108230611157014,-0.36142814775249216,0.082338613901246,1.2237621267481416,-0.12527290192996246,-0.8555127278176321,-0.3163660805955118,-0.3464186928842836,REIT—Retail,Real Estate,REG
2010Q4,2010,Q4,2011-03-01,2010-12-31,-31748000.0,120067000.0,45804000.0,-0.29054635307037613,99358000.0,0.827521300607161,3973648000.0,1701435000.0,140232000.0,101047000.0,2212988000.0,0.0,-531505000.0,4615564800.0,6687573800.0,15.570925231078979,1.3877898403713123,0.5270897170559647,1.2310014781640204,,15.570925231078979,-0.018659543267888577,38.44157678629432,-36.34531939019781,2.7127482389865025,-1.3173113266977448,0.0,0.009061079588786186,0.030215811767927103,1.3877898403713123,-0.007989635720124177,-154.79122677577303,0.827521300607161,-3.421219608919801,-1.4079328478574484,-0.19069105290050092,-0.40902354149019876,-0.04137159176427455,-3.4777959884492313,0.09926082365364308,-1.3682269579985784,-0.35263166521766814,-0.41464439640852596,REIT—Retail,Real Estate,REG
2010Q3,2010,Q3,2010-11-05,2010-09-30,12813000.0,120793000.0,41668000.0,0.12,103646000.0,0.8580464099740879,3993673818.0,1770574889.0,156282963.0,2147400728.0,2163407990.0,0.0,-457372648.0,3251252442.5,5215333782.5,21.494667702607963,0.07277773587492237,0.5015229002860945,1.1312251678499887,0.01020988575492855,21.494667702607963,0.007236632621191546,26.91590110768008,63.43659647428393,1.8362693736926705,3.3764926246780615,0.0,0.013306564397913558,0.03024608556051084,0.07277773587492237,0.003208324110559597,183.4068055790602,0.8580464099740879,0.4999999999999999,-0.6816240179383167,0.027871737065414064,-0.20614126308342892,-0.003691242910698837,0.011526012473355964,-0.08498396943212262,-0.7409672709706948,-0.1253433081649874,-0.19327664711142986,REIT—Retail,Real Estate,REG
2010Q2,2010,Q2,2010-08-06,2010-06-30,12667000.0,121251000.0,45538000.0,0.08,104030000.0,0.8579723053830484,4023125722.0,1805384420.0,216565595.0,2114055717.0,2157958829.0,0.0,-429797758.0,2903424500.0,4812238496.0,21.390335463519026,0.1024408170789947,0.5009157434429289,1.1162426072115987,0.011918972245946806,21.390335463519026,0.007016234248880911,23.94557158291478,57.30292294939607,1.6082029222341467,3.4148575037499014,0.0,0.014898269267893827,0.03013850632033517,0.1024408170789947,0.0031485468949508507,113.38844411466063,0.8579723053830484,-0.4666666666666666,-0.7850760811777223,-0.1902510650033404,-0.10626752599591557,-0.02519701271563639,-0.26725284896164747,0.03125141537207301,-0.7889058316467074,-0.08436044792347436,-0.21086874617641346,REIT—Retail,Real Estate,REG
2010Q1,2010,Q1,2010-05-06,2010-03-31,17287000.0,124368000.0,44158000.0,0.15,106719000.0,0.8580905055962949,3933396000.0,1845687000.0,227662000.0,1970870000.0,2021202000.0,0.0,-398699000.0,3089768706.0,4862188706.0,22.382870198569485,0.11551345344949185,0.4796181213384058,1.022127803901745,,22.382870198569485,0.009366160134410656,24.843759697028176,44.68341392375773,1.674048040648279,2.5554462891189913,0.0,0.014297510332800942,0.03161847929880439,0.11551345344949185,0.0043949299790816895,82.98022575533771,0.8580905055962949,-0.5911084297520661,-0.6552326191737862,-0.064619738958026,-0.06001306959893341,0.06493234343192432,-0.4285289256198347,0.14770630279402208,-0.7446052821699786,-0.01879698039444779,-0.1646333314707271,REIT—Retail,Real Estate,REG
2009Q4,2009,Q4,2010-02-26,2009-12-31,30250000.0,118135000.0,38475000.0,0.3668454204351696,100212000.0,0.848283743175181,3973806000.0,1875167000.0,217393000.0,99145000.0,2030412000.0,0.0,-373345000.0,2891040588.0,4683839588.0,22.740377735575397,2.1926773916990268,0.4747035965016913,1.0059797340716854,,22.740377735575397,0.016131896519083366,24.472345943200576,23.892897421487607,1.5417509949780472,1.4092561983471075,0.0,0.014745555692627307,0.02972842660160058,2.1926773916990268,0.007612349470507619,347.9408578649657,0.848283743175181,1.3493765908906377,-0.5307913003344298,-0.1484615325800614,-0.04309334666522625,-0.14468608104878633,1.38207469718212,-0.3002382554607788,-0.6163189341021007,-0.044963377097441616,-0.14814449074923078,REIT—Retail,Real Estate,REG
2009Q3,2009,Q3,2009-11-06,2009-09-30,-79173000.0,133742000.0,54983000.0,-1.05,117164000.0,0.8760449223131103,4170983000.0,1832797000.0,275588000.0,2213438000.0,2269666000.0,0.0,-361530000.0,2967261141.0,5006900806.0,22.884783516935492,0.12450676278260335,0.5306753024406956,1.207682937608475,,22.884783516935492,-0.043197910079512354,22.1864570665909,-9.369548776097911,1.6189797020619303,-0.5404241344902934,0.0,0.014419694784794138,0.03206486336674112,0.12450676278260335,-0.018981856315405745,93.16069011961947,0.8760449223131103,-5.396736334719844,-2.6061358295435304,0.034542190097328056,-0.04040677878363746,0.16102820223160313,-5.457303645705896,0.31152350738258233,-2.5418111051112726,0.09254146834332838,-0.13326682807583817,REIT—Retail,Real Estate,REG
2009Q2,2009,Q2,2009-08-07,2009-06-30,-12261000.0,116461000.0,41923000.0,-0.16414620598020735,100914000.0,0.8665046667983274,4256160000.0,1961978000.0,223856000.0,2182127000.0,2227675000.0,0.0,-240417000.0,2607623535.64,4556826535.639999,26.266311468610656,0.10258614645252087,0.4861473722792376,1.0546096847161386,,26.266311468610656,-0.006249305547768629,22.39053018297971,-53.169063201207074,1.329078886531857,-3.4749204795693664,0.0,0.016339014975772965,0.027362928085410323,0.10258614645252087,-0.0028807657606856885,153.2724114289073,0.8665046667983274,-1.586236449929312,-1.3792159058875777,-0.006682081882070999,0.2592196267338456,-0.027222425726349073,-1.500816926721673,-0.07595494721065045,-1.3028751471250872,-0.02063939581104936,-0.018488840606867476,REIT—Retail,Real Estate,REG
2009Q1,2009,Q1,2009-05-08,2009-03-31,24482000.0,119658000.0,45369000.0,0.28,103738000.0,0.8669541526684383,4208474000.0,1688569000.0,157826000.0,2373953000.0,2454116000.0,0.0,-186227000.0,1851131900.0,4094166900.0,24.236672886464763,0.06648236085550135,0.5370939680273658,1.338616307654588,,24.236672886464763,0.014498667214665199,15.470189205903491,18.902988930642923,1.0962725834715668,2.2840862674618085,0.0,0.030208004086580757,0.02843263377651852,0.06648236085550135,0.005817310502571716,-293.83046031746034,0.8669541526684383,1.3505964574045068,-0.08365396208934925,0.06660116735332741,0.13391643365405678,0.0,1.9499939751777322,-0.23382588871063076,-0.6629108121943601,0.12046466536180646,-0.0952668395170736,REIT—Retail,Real Estate,REG
2008Q4,2008,Q4,2009-03-17,2008-12-31,8299000.0,131090000.0,59215000.0,0.11911870245442802,0.0,0.0,4142375000.0,1696085000.0,156767000.0,141395000.0,2380093000.0,0.0,-155057000.0,3253589000.0,5077825000.0,24.344552892206114,1.1087167155840023,0.4436836355955219,1.0836155027607697,,24.344552892206114,0.004893033073224514,24.819505683118468,98.01147728642006,1.9182935996721864,6.772141221833956,0.0,0.0172738474343256,0.031646096744017624,1.1087167155840023,0.0020034400555237033,-235.32395486764068,0.0,-0.8472837148020154,-0.8704463142775768,0.5329154252888283,0.13077756462092835,0.0,-0.8604365666621822,0.12481954258794925,-0.8327549769191258,0.3858472940703316,-0.07603065079752076,REIT—Retail,Real Estate,REG
2008Q3,2008,Q3,2008-11-10,2008-09-30,59464000.0,122798000.0,52644000.0,0.78,0.0,0.0,4221119000.0,1839463000.0,4207421000.0,244000000.0,2313813000.0,0.0,0.0,4636422180.0,6747652180.0,26.458718103621877,17.24352868852459,0.506265518693029,1.1617559037610432,,26.458718103621877,0.03232682581818715,37.756495871268264,19.492559279564105,2.520530274324626,1.2110016144221714,0.0,0.015531588195447723,0.029091338102526842,0.6351516393442623,0.014087259800067232,-110.03731292274831,0.0,0.7333333333333334,0.5711341455798704,-0.05181886253793009,0.2124145900817951,0.0,0.6165284762810929,-0.04446945220895197,0.7506724563707153,0.23808299436815175,-0.022804873060475944,REIT—Retail,Real Estate,REG
2008Q2,2008,Q2,2008-08-06,2008-06-30,36785000.0,123381000.0,55094000.0,0.45,0.0,0.0,4276269000.0,1837417000.0,4261274000.0,244000000.0,2371115000.0,0.0,0.0,4102750640.0,6255808640.0,26.476893813853625,17.464237704918034,0.5132188830964562,1.1944278299373523,,26.476893813853625,0.02001995192163782,33.25269401285449,27.883312763354628,2.2328903237533995,1.4557836074486883,0.0,0.013052462774096356,0.028852487998299453,0.5473975409836066,0.0086021248897111,-87.79881101671339,0.0,0.1842105263157895,0.17060662996594977,0.044458180323853715,0.3980917475003655,0.0,0.16268411404007838,0.08401542578309461,-0.240910229940928,0.002131562064810779,0.10625940638267498,REIT—Retail,Real Estate,REG
2008Q1,2008,Q1,2008-05-08,2008-03-31,31638000.0,119648000.0,50824000.0,0.38,0.0,0.0,4195712000.0,1840345000.0,4179495000.0,246000000.0,2277344000.0,0.0,-65049000.0,4553480112.08,6632768112.08,26.17355061765253,16.98981707317073,0.5025368757436164,1.145709092588618,,26.17355061765253,0.017191341840796154,38.0573023542391,35.98109956444782,2.4742535296805763,1.7478348821037992,0.0,0.012144118045733647,0.02851673327435248,0.39297967479674795,0.00754055569114372,-68.03956894507202,0.0,-0.5184030273972603,0.49986151115046934,0.042815178419088856,0.294725843909894,0.0,-0.4297404470079308,0.10947630378309939,-0.2600178692599062,0.05533579091835049,0.09917965321339958,REIT—Retail,Real Estate,REG
2007Q4,2007,Q4,2008-02-27,2007-12-31,55480000.0,119346000.0,45809000.0,0.7890415048631438,0.0,0.0,4143012000.0,1870386000.0,4125784000.0,264000000.0,2194244000.0,0.0,-41316000.0,4534495559.42,6523802559.42,26.60079639716936,15.627969696969696,0.4846655042273592,1.073561820928942,,26.60079639716936,0.02966232638610426,37.99453320111273,20.43301892312545,2.4243635054047665,1.0218817591925018,0.0,0.012502824020242649,0.02880657840237972,0.35647348484848485,0.01339122358322882,-47.2604204344065,0.0,0.48875755634555434,0.35436723013976645,0.1122855781641705,0.3009109207587291,0.0,0.3241366142390033,-0.14165526803949857,0.009212921452914961,0.008879335971751109,0.11935163753386832,REIT—Retail,Real Estate,REG
2007Q3,2007,Q3,2007-11-07,2007-09-30,41899000.0,116980000.0,53369000.0,0.53,0.0,0.0,4093085000.0,1859076000.0,4074619000.0,282000000.0,2159333000.0,0.0,-45931000.0,5395591328.05,7314050328.05,26.644409915299608,14.449003546099291,0.4769092261704802,1.050000107580325,,26.644409915299608,0.022537540154356252,46.12404964994016,32.1940340345235,2.9022973391351403,1.2099572782166639,0.0,0.009395819089642182,0.028579909774656524,0.35179078014184395,0.01023653307957201,-77.65563719649977,0.0,-0.17187499999999997,0.2693544805219777,-0.06671254673871671,0.27458423287729367,0.0,-0.14984579173768364,0.11896425201803124,-0.02436955136530251,0.03864833469380421,0.11723998258976456,REIT—Retail,Real Estate,REG
2007Q2,2007,Q2,2007-08-07,2007-06-30,49284000.0,108760000.0,47695000.0,0.64,0.0,0.0,3989812000.0,1879009000.0,3975594000.0,270000000.0,2032833000.0,0.0,-37036000.0,4887081996.0,6672510996.0,27.106182095660504,14.724422222222222,0.46130594624508625,0.9795184589323415,,27.106182095660504,0.026228719500545235,44.93455310776021,24.790408631604578,2.6008826972090073,1.0286705624543462,0.0,0.010373674933527758,0.027259429767618124,0.42305925925925925,0.012352461720000842,-27.423471426647513,0.0,-0.14666666666666664,0.8092112563043307,-0.037153326735106795,0.31193027548652164,0.0,-0.1351863550221099,-0.005525437864887406,0.6424839570198315,-0.00043397002318074714,0.299483429238521,REIT—Retail,Real Estate,REG
2007Q1,2007,Q1,2007-05-09,2007-03-31,56988000.0,106715000.0,47960000.0,0.75,0.0,0.0,3776934000.0,1860187000.0,3765365000.0,242000000.0,1837702000.0,0.0,-35535000.0,5800486572.15,7446254572.15,26.794066655755184,15.559359504132232,0.4434634017962718,0.9004105501221114,,26.794066655755184,0.030635629643686362,54.354932035327735,25.44608765068962,3.118227668589233,0.7832877096932688,0.0,0.00769556130244683,0.028254398938398182,0.3669214876033058,0.015088428868494923,-48.098498890095854,0.0,-0.21558023245303484,0.8957544212928887,-0.05137667372450135,0.2889693223930939,0.0,-0.14147546663854532,0.38137619171059073,1.1405425608748179,-0.04541716062286028,0.2535644907907426,REIT—Retail,Real Estate,REG
