Quarters,Year,Quarter,FillingDate,Date,NetIncome,Revenue,OperatingIncome,EPSDiluted,GrossProfit,GrossProfitRatio,TotalAssets,CommonStockEquity,CurrentAssets,CurrentLiability,TotalLiability,Inventory,RetainedEarnings,MarketCap,EnterpriseValue,bookValuePerShare,currentRatio,debtToAssets,debtToEquity,roic,shareholdersEquityPerShare,roe,priceToSalesRatio,peRatio,pbRatio,payoutRatio,inventoryTurnover,dividendYield,assetTurnover,quickRatio,returnOnAssets,priceToFreeCashFlowsRatio,grossProfitMargin,epsdilutedGrowth,fiveYNetIncomeGrowthPerShare,fiveYRevenueGrowthPerShare,fiveYShareholdersEquityGrowthPerShare,grossProfitGrowth,netIncomeGrowth,operatingIncomeGrowth,threeYNetIncomeGrowthPerShare,threeYRevenueGrowthPerShare,threeYShareholdersEquityGrowthPerShare,Industry,Sector,Symbol
2023Q1,2023,Q1,2023-05-04,2023-03-31,12976000.0,215739000.0,18957000.0,0.35,71065000.0,0.3294026578,556197000.0,265247000.0,266779000.0,175209000.0,290950000.0,102141000.0,-56236000.0,783583128.25,881899128.25,7.25416743300075,1.5226329697675347,0.22753988245172124,0.4771288647939468,0.033077379381491606,7.25416743300075,0.04892044019348004,3.632088441357381,15.096777285950987,2.954163961326613,0.406442663378545,1.4164145641808872,0.0067306196494794175,0.38788235103749213,0.9066714609409334,0.02332986333978788,46.935197858640315,0.3294026578411877,-0.027777777777777804,0.5824652218106066,0.18023515454730188,1.3079026379712644,0.09206441896917356,-0.033661006851355375,0.6072064434082238,-0.24204108668857227,0.7241566184351056,0.47056698069493036,Packaging & Containers,Consumer Cyclical,MYE
2022Q4,2022,Q4,2023-03-03,2022-12-31,13428000.0,212840000.0,11795000.0,0.36,65074000.0,0.305741402,542634000.0,256427000.0,257207000.0,137762000.0,286207000.0,93351000.0,-63977000.0,811291897.26,920514897.26,7.026290080366924,1.8670388060568226,0.2439250028564373,0.5161780935704898,0.024125252349240935,7.026290080366924,0.0523657805145324,3.81174542971246,15.104481256702412,3.1638318010973885,0.36677092642240094,1.5829075210763677,0.00607056475805237,0.3922349134038781,1.1385940970659543,0.02474596136622475,53.42719112676984,0.30574140199210675,-0.027027027027027053,1.6132620148735672,0.49146813806443673,1.2800910874753495,-0.09175413130861992,-0.017774851876234364,-0.4071970648841534,1.2835375659745483,0.7778734954031812,0.501178792567273,Packaging & Containers,Consumer Cyclical,MYE
2022Q3,2022,Q3,2022-10-27,2022-09-30,13671000.0,228065000.0,19897000.0,0.37,71648000.0,0.314156052,549724000.0,244977000.0,267912000.0,153327000.0,304747000.0,108158000.0,-72306000.0,600700065.66,717621065.66,6.716781669678901,1.7473243460055958,0.24984355785812518,0.5606444686644052,0.03548395370755517,6.716781669678901,0.05580523885915821,2.6338985186679236,10.984932807768269,2.4520671967572465,0.3612025455343428,1.4461898333918897,0.00822040862368565,0.414871826589343,0.9734945573838919,0.024868843274079355,61.37107332039231,0.3141560520027185,-0.13953488372093023,2.4832568250445584,0.3136297793196943,1.0801348859896536,-0.041062155361636064,-0.13644115974985788,0.1680756134789245,1.549282752193734,0.7688424514047668,0.4553364662432837,Packaging & Containers,Consumer Cyclical,MYE
2022Q2,2022,Q2,2022-08-02,2022-06-30,15831000.0,233156000.0,17034000.0,0.43,74716000.0,0.3204549744,554012000.0,237258000.0,274639000.0,160051000.0,316754000.0,108902000.0,-80975000.0,827316243.3100001,947542243.3100001,6.518516206600406,1.7159467919600628,0.2575034475787528,0.6012863633681478,0.030093134241881404,6.518516206600406,0.06672483119641909,3.54833777946954,13.06481339318426,3.48698987309174,0.31552018192154635,1.4548860443334375,0.006037594499553837,0.4208500898897497,0.9649174325683688,0.028575193317112266,39.16475304440447,0.32045497435193604,-0.08510638297872336,5.580937456825346,0.35743565803275706,1.0732146570261993,0.03876098320542765,-0.0868662398338813,-0.3020282728948986,1.3355051534082298,0.6921160423345406,0.4237021771116758,Packaging & Containers,Consumer Cyclical,MYE
2022Q1,2022,Q1,2022-05-05,2022-03-31,17337000.0,225486000.0,24405000.0,0.47,71928000.0,0.3189909795,517245000.0,224138000.0,254806000.0,149015000.0,293107000.0,99652000.0,-91777000.0,783653788.8000001,896123788.8000001,6.177958773623172,1.709935241418649,0.2514205067231196,0.5802050522445993,0.04643421769157721,6.177958773623172,0.0773496685077943,3.4753988664484714,11.300308427063506,3.4963004434767866,0.2848820441829613,1.5409424798298077,0.006302528068629686,0.4359365484441609,1.0083884172734288,0.03351796537424238,351.0993677419355,0.3189909794843139,1.3499999999999996,3.6082448277744716,0.31710603916951946,0.9811426129505096,0.3881426586382585,1.3896623018607857,1.2702325581395348,1.4979454485818327,0.5810415803312149,0.3800242074041124,Packaging & Containers,Consumer Cyclical,MYE
2021Q4,2021,Q4,2022-03-10,2021-12-31,7255000.0,199579000.0,10750000.0,0.2,51816000.0,0.2596265138,484549000.0,209325000.0,219914000.0,132500000.0,275224000.0,93551000.0,-104166000.0,725214426.0,837597426.0,5.77566179026891,1.6597283018867925,0.26836914326518063,0.621225367251881,0.02148430534034314,5.77566179026891,0.034659023050280666,3.6337211129427445,24.99015940730531,3.4645380437119315,0.6747070985527223,1.5794914004126093,0.006749727838425541,0.4118861043981104,0.9121735849056604,0.01497268594094715,26.117853062988438,0.25962651381157337,-0.09090909090909087,5.113630167420696,0.2685368494384115,0.8600705879249663,-0.043949961253182776,-0.08199417942553461,-0.0902936447490903,2.0271574233327936,0.40688469735312516,0.32052604787362954,Packaging & Containers,Consumer Cyclical,MYE
2021Q3,2021,Q3,2021-11-04,2021-09-30,7903000.0,200058000.0,11817000.0,0.22,54198000.0,0.2709114356836517,494793000.0,205525000.0,228558000.0,128045000.0,289268000.0,90378000.0,-106484000.0,708347109.2,845273109.2,5.67818262792453,1.784981842321059,0.3067040156186526,0.7383773263593237,0.02182204078710546,5.67818262792453,0.03845274297530714,3.5407087404652655,22.407538567632542,3.4465252850018246,0.6190054409717829,1.6138883356569076,0.006906218627086619,0.40432665781448,1.022913819360381,0.0159723359061264,-51.32578140714441,0.2709114356836517,-0.26666666666666666,14.742228043938749,0.24347801625628124,0.7159008013346742,-0.014474306287958686,-0.28641083521444693,-0.25534060117209656,1.3638770512145681,0.44000939784211013,0.2576476783064097,Packaging & Containers,Consumer Cyclical,MYE
2021Q2,2021,Q2,2021-08-05,2021-06-30,11075000.0,187369000.0,15869000.0,0.3,54994000.0,0.2935063964689997,430475000.0,201981000.0,201211000.0,127148000.0,228494000.0,79482000.0,-109419000.0,758578632.0,835658632.0,5.591511309535542,1.5824944159562084,0.21051861315988152,0.44867091459097636,0.03632225356314093,5.591511309535542,0.054831890128279395,4.04858131281055,17.123671151241535,3.7556930206306536,0.44270880361173814,1.6654714274930174,0.0064634037833008725,0.43526104884139616,0.8820665680938748,0.025727394157616587,64.66444736169124,0.2935063964689997,0.4999999999999999,0.6531238931226527,0.06618568926000569,0.6420970478821566,0.09086941860234464,0.5160848733744011,0.46056143580303727,0.16136531655780087,0.20327076707539712,0.005850698413852273,Packaging & Containers,Consumer Cyclical,MYE
2021Q1,2021,Q1,2021-05-06,2021-03-31,7305000.0,174429000.0,10865000.0,0.2,50413000.0,0.28901730790178237,420281000.0,194253000.0,190747000.0,113690000.0,226028000.0,69848000.0,-115566000.0,711228220.5600001,796358220.5600001,5.396916445438184,1.6777816870437154,0.24220937896312228,0.5240382387916789,0.024597744909699945,5.396916445438184,0.03760559682475946,4.077465447603323,24.3404592936345,3.6613499949035537,0.6715947980835044,1.7755125415187263,0.006897926513851154,0.41502946837948895,0.9788459846952239,0.01738122827346466,526.8357189333334,0.28901730790178237,1.5,2.76740169621187,-0.0529968026466127,0.6647228260318294,0.2654818384918543,1.4431438127090301,1.2374382207578254,-0.09498782300648552,-0.030607978110287235,0.7170209836451119,Packaging & Containers,Consumer Cyclical,MYE
2020Q4,2020,Q4,2021-03-11,2020-12-31,2990000.0,137467000.0,4856000.0,0.08,39837000.0,0.28979318672845117,400015000.0,189100000.0,183730000.0,142247000.0,210915000.0,65919000.0,-117918000.0,744936526.2800001,812325526.2800001,5.2749433829252395,1.2916265369392677,0.23921602939889755,0.5060285563194077,0.013186831071740908,5.2749433829252395,0.01581173982020095,5.41902075610874,62.28566273244147,3.9393787746166056,1.6237458193979932,1.4810600888969796,0.006517333797880044,0.3436546129520143,0.7947513831574655,0.007474719698011324,69.57471992901841,0.28979318672845117,-0.6666666666666666,2.2298898397529214,-0.1774755059032074,0.6119609985363835,-0.15361081012174135,-0.6557282671272309,-0.630441400304414,1.1390176269843975,-0.019329447894557667,0.7117641396491875,Packaging & Containers,Consumer Cyclical,MYE
2020Q3,2020,Q3,2020-10-29,2020-09-30,8685000.0,132258000.0,13140000.0,0.24,47067000.0,0.3558726126207866,366383000.0,187598000.0,211975000.0,124986000.0,178785000.0,48137000.0,-115990000.0,473584347.81,472465347.81,5.240716994717351,1.695989950874498,0.22552083475488766,0.4404471263019862,0.034720045898151364,5.240716994717351,0.04629580272710797,3.5807614496665607,13.632249505181347,2.5244637352743635,0.5565918249856073,1.7697613062716828,0.010207263019468244,0.36098290586626564,1.2744227353463589,0.023704702456172913,29.264311179015017,0.3558726126207866,0.04347826086956513,21.349461217374383,-0.19995739268202212,0.5383289967466802,0.10555986188429287,0.037882409177820264,0.07212793733681462,1.2546629086763887,-0.22381922985769326,0.6230091708238543,Packaging & Containers,Consumer Cyclical,MYE
2020Q2,2020,Q2,2020-07-30,2020-06-30,8368000.0,118394000.0,12256000.0,0.23,42573000.0,0.3595874790952244,354845000.0,181695000.0,198889000.0,120443000.0,173150000.0,49551000.0,-119788000.0,520515206.55,530593206.55,5.078933750124845,1.651312238984416,0.2322140652961152,0.4535072511626627,0.03445025249557256,5.078933750124845,0.046055202399625746,4.39646609245401,15.55076501404159,2.864774520762817,0.5780353728489483,1.5301608443825554,0.009292716022764965,0.33364990347898377,1.1921987994320966,0.023582127407741408,142.25613734626947,0.3595874790952244,-0.5106382978723404,-0.3656337037593659,-0.3763425324146952,0.2103748161344922,0.002118494456606172,-0.49970106421140736,-0.47394626148167224,2.539180995021104,-0.29869967825535865,0.6153553292023525,Packaging & Containers,Consumer Cyclical,MYE
2020Q1,2020,Q1,2020-05-06,2020-03-31,16726000.0,122250000.0,23298000.0,0.47,42483000.0,0.34750920245398775,348867000.0,176223000.0,190632000.0,119755000.0,172644000.0,49127000.0,-123237000.0,384032774.25,393674774.25,4.932905150347334,1.5918500271387417,0.237500250811914,0.47017699165262195,0.0662372814196907,4.932905150347334,0.09491383077123872,3.1413723865030674,5.740057010791582,2.1792431989581384,0.2928972856630396,1.6236896207787979,0.012756723718613711,0.35042007412566967,1.156269049309006,0.047943772268514935,151.37279237288135,0.34750920245398775,1.9374999999999996,1.772785074679033,-0.3209073166664359,0.2808869827454366,0.08289363003747037,1.9149529452771001,1.6456961162843515,3.5150685532311714,-0.2747951707749413,0.5818798663275508,Packaging & Containers,Consumer Cyclical,MYE
2019Q4,2019,Q4,2020-03-06,2019-12-31,5738000.0,116818000.0,8806000.0,0.16,39231000.0,0.33583009467719016,353139000.0,166682000.0,185042000.0,82625000.0,186457000.0,44260000.0,-135117000.0,594006358.56,612510358.56,4.680515149265307,2.239540090771558,0.26627192125480337,0.564134099662831,0.023429296889050707,4.680515149265307,0.03442483291537179,5.084887248198052,25.880374632276055,3.5637102900133186,0.8351341930986407,1.7529823768639856,0.008067253710241157,0.33079892053837157,1.6695673222390317,0.016248559349151467,204.19606688209004,0.33583009467719016,0.06666666666666674,1.4086584610291744,-0.34991112764269616,0.0016245577917733728,-0.008967816904966402,0.09944433799578463,0.09255583126550869,4.311102838778496,-0.24434717543916043,0.5073750648201101,Packaging & Containers,Consumer Cyclical,MYE
2019Q3,2019,Q3,2019-11-05,2019-09-30,5219000.0,125480000.0,8060000.0,0.15,39586000.0,0.3154765699713102,357286000.0,163820000.0,187393000.0,89278000.0,193466000.0,44009000.0,-136192000.0,626489521.05,646014521.05,4.615277515183268,2.0989829521270638,0.2640433714167362,0.5758698571602979,0.021611998418770453,4.615277515183268,0.03185813697961177,4.992744031319732,30.010036455738643,3.8242554086802585,0.9179919524813183,1.9517371446749527,0.0076473745194815985,0.3512032377423129,1.5674970317435426,0.01460734537597331,28.40449406284004,0.3154765699713102,-0.16666666666666666,2.696101826709787,-0.30998613746751,-0.17026434786750078,-0.15659621612408386,-0.20996064184075083,-0.20840699273227264,9.601021444117677,-0.20467818004796864,0.39469948496171053,Packaging & Containers,Consumer Cyclical,MYE
2019Q2,2019,Q2,2019-08-02,2019-06-30,6606000.0,134285000.0,10182000.0,0.18,46936000.0,0.3495252634322523,352996000.0,162410000.0,195266000.0,86565000.0,190586000.0,42341000.0,-136557000.0,682122617.85,700687617.85,4.578567281413303,2.2557153584012015,0.2656404038572675,0.5773659257434887,0.02688617654345333,4.578567281413303,0.04067483529339326,5.079663535391146,25.814510212306995,4.200003804260822,0.725552528004844,2.062988592617085,0.007026595914832997,0.38041507552493514,1.7134523190665973,0.018714093077541957,72.57395657516757,0.3495252634322523,-0.05263157894736847,0.05040406270404741,-0.1965483265949161,-0.23988656917297305,0.03022454399789284,-0.024224519940915804,-0.0035231943628890195,0.004149512827458755,-0.2218545936035429,0.34461890536051426,Packaging & Containers,Consumer Cyclical,MYE
2019Q1,2019,Q1,2019-05-08,2019-03-31,6770000.0,139115000.0,10218000.0,0.19,45559000.0,0.32749164360421235,345788000.0,158426000.0,183528000.0,87483000.0,187362000.0,42489000.0,-138306000.0,612937289.48,638762289.48,4.476703191492699,2.0978704434004323,0.2693586821983412,0.5879148624594448,0.027641623723423055,4.476703191492699,0.04273288475376517,4.405975556050749,22.634316450516987,3.8689185454407733,0.7296898079763663,2.2018875473652004,0.00805955206965947,0.4023129778939697,1.591509207503172,0.019578470045230025,63.418239987584066,0.32749164360421235,1.714285714285714,8.429675166758791,-0.3689215905128299,-0.34396365772896276,0.08226434815659445,1.8956372968349016,0.45286506469500926,2.665933265604155,-0.23182423982030387,0.38087555432634784,Packaging & Containers,Consumer Cyclical,MYE
2018Q4,2018,Q4,2019-03-08,2018-12-31,2338000.0,138388000.0,7033000.0,0.07,42096000.0,0.3041882244125213,348645000.0,154638000.0,182855000.0,97423000.0,194007000.0,43596000.0,-141187000.0,534227089.93,562525089.9300001,4.373758321215353,1.8769181815382405,0.2500881985974272,0.5638458852287277,0.014698557451083472,4.373758321215353,0.015119181572446617,3.8603570391218893,57.12436804213003,3.454694770560923,2.062874251497006,2.208734746307001,0.00902799594201028,0.3969309756342411,1.4034160311220143,0.006705961651536663,30.165278934500282,0.3041882244125213,1.1166666666666667,-0.32942556046030136,-0.37649857195334924,-0.37493937081201795,0.00011879024019386567,1.1106012583376697,1.272185456093502,1.5607861523148467,-0.1604219003757593,0.33656938454443297,Packaging & Containers,Consumer Cyclical,MYE
2018Q3,2018,Q3,2018-11-06,2018-09-30,-21139000.0,135219000.0,-25839000.0,-0.6,42091000.0,0.31128021949578094,341453000.0,159057000.0,170158000.0,86237000.0,182396000.0,44310000.0,-138714000.0,801463640.25,841974640.25,4.514923158424591,1.973143778192655,0.25484034405906525,0.5470743192691928,-0.07971477858656628,4.514923158424591,-0.1329020414065398,5.927152546979345,-9.478495201404986,5.038845446915256,-0.22479776716022518,2.10173775671406,0.0059291523175246125,0.39601057832263886,1.4239595533239793,-0.06190895965184081,63.94826779302641,0.31128021949578094,-3.3076923076923075,-4.114028137376903,-0.3369744690906409,-0.3672541766870441,-0.12293971786376612,-3.455738847583643,-2.9707878880329495,-56.27347210266369,-0.16887957028889303,0.3252837769504942,Packaging & Containers,Consumer Cyclical,MYE
2018Q2,2018,Q2,2018-08-03,2018-06-30,8608000.0,140560000.0,13111000.0,0.26,47991000.0,0.3414271485486625,360689000.0,181261000.0,168033000.0,88312000.0,179428000.0,49362000.0,-112759000.0,626051289.6,665765289.6,5.558987351058081,1.9027199021650512,0.21806597927854746,0.43392676858232054,0.03680428118106615,5.558987351058081,0.04748953166980211,4.453979009675583,18.182251672862453,3.4538664665868555,0.47932156133828996,1.8753089421012115,0.006590514337309657,0.3896986046150562,1.2986117401938582,0.023865435319624387,38.31637735479528,0.3414271485486625,0.18181818181818185,0.06586499572354422,-0.2909351343211639,-0.20621109271073157,0.018592804839223178,0.2577440093512566,0.0905839294626518,-0.28405043371726785,-0.18765609876025716,0.3247777238215602,Packaging & Containers,Consumer Cyclical,MYE
2018Q1,2018,Q1,2018-05-07,2018-03-31,6844000.0,152568000.0,12022000.0,0.22,47115000.0,0.30881311939594147,349650000.0,95926000.0,151181000.0,96618000.0,253724000.0,47840000.0,-116545000.0,645470822.25,786818822.25,3.1431860745119837,1.5647291394978162,0.41287859287859285,1.5049413089256303,0.03736816584422349,3.1431860745119837,0.07134666305276985,4.2307090756252945,23.57798152578901,6.728841213539603,0.6079777907656342,2.2042851170568563,0.006446457154322595,0.43634491634491634,0.9617359084228612,0.019573859573859573,67.60980645752592,0.30881311939594147,1.3728813559322033,-0.04687081397256263,-0.2208901613445904,-0.5501360398313574,0.32988032065033307,1.3749520626746288,1.484397602810498,0.3280905849199115,-0.007941646214120053,-0.183834676629522,Packaging & Containers,Consumer Cyclical,MYE
2017Q4,2017,Q4,2018-03-09,2017-12-31,-18253000.0,118962000.0,4839000.0,-0.59,35428000.0,0.29780938450933914,355942000.0,93752000.0,150012000.0,98653000.0,262190000.0,47025000.0,-119507000.0,593254818.0,741770818.0,3.0815830643620665,1.520602515889025,0.4243275589843289,1.611016298318969,0.03986462596124264,3.0815830643620665,-0.19469451318371875,4.986927069148131,-8.125442639566097,6.327916396450209,-0.2252232509724429,1.776374269005848,0.006929568669765107,0.3342173724932714,0.9338185356755496,-0.051280826651533114,77.62067486589035,0.29780938450933914,-6.363636363636363,-3.3690316705052505,-0.3852402479311373,-0.5492472923781156,-0.13036647929502443,-6.6042370279398215,-0.31950499226550416,-0.5216773985355275,-0.22507511469838812,-0.3405449665888231,Packaging & Containers,Consumer Cyclical,MYE
2017Q3,2017,Q3,2017-11-07,2017-09-30,3257000.0,144075000.0,7111000.0,0.11,40739000.0,0.2827624501127885,373407000.0,97732000.0,153292000.0,98320000.0,275675000.0,48972000.0,-97121000.0,634090256.1,787589256.1,3.229012558232875,1.559113100081367,0.4231575733716829,1.6167683051610526,0.017102962851810673,3.229012558232875,0.03332582982032497,4.401112310255075,48.67134296131409,6.488051570621701,1.2536076143690513,2.1101037327452423,0.006439146416020759,0.38583904426001653,0.9437449145646868,0.008722386029185313,65.41733788300836,0.2827624501127885,0.5714285714285713,-0.3734507188546628,-0.18576566918472392,-0.5243401348968764,0.03706437899345773,0.6342197691921726,0.27437275985663084,2.241321943793287,-0.0708753475904527,-0.4194873803503028,Packaging & Containers,Consumer Cyclical,MYE
2017Q2,2017,Q2,2017-08-04,2017-06-30,1993000.0,142303000.0,5580000.0,0.07,39283000.0,0.2760518049514065,370806000.0,94812000.0,144541000.0,87712000.0,275994000.0,48284000.0,-96228000.0,541281621.75,706722621.75,3.1441588474733764,1.6479045056548705,0.4587681968468687,1.794224359785681,0.011166724788149507,3.1441588474733764,0.021020545922457074,3.8037260054250437,67.89784517686904,5.708999090305024,2.0361264425489214,2.1336260458951206,0.0074970215816310415,0.3837667135914737,0.9564597774534841,0.005374778185897747,61.9457108892195,0.2760518049514065,-0.3,-0.6075643917113793,-0.12457839858264612,-0.5248696942665284,-0.06475727924195891,-0.35998715478484267,-0.24164175047567274,-0.6272226992429613,0.0015454196772446377,-0.47802069474439957,Packaging & Containers,Consumer Cyclical,MYE
2017Q1,2017,Q1,2017-05-08,2017-03-31,3114000.0,141703000.0,7358000.0,0.1,42003000.0,0.29641574278596783,377849000.0,93644000.0,144830000.0,86184000.0,284205000.0,50522000.0,-94075000.0,475970412.15,648216412.15,3.118381651698641,1.6804743339831059,0.4752454022638673,1.9175921575327837,0.01564939702903757,3.118381651698641,0.033253598735637095,3.3589296779178985,38.212139703757224,5.082764642155397,1.313102119460501,1.9733977277225763,0.008590870137346624,0.37502547313874063,0.9619767010117888,0.008241387432545806,37.9229075093618,0.29641574278596783,3.0000000000000004,-0.6527251868544677,-0.20623957344168145,-0.5184753779826154,0.1662640566430654,3.1358024691358026,7.295377677564825,4.111450247270376,-0.2424594708580734,-0.5430182424259947,Packaging & Containers,Consumer Cyclical,MYE
2016Q4,2016,Q4,2017-03-09,2016-12-31,-1458000.0,130064000.0,887000.0,-0.05,36015000.0,0.2769021404846845,381684000.0,93033000.0,141151000.0,79312000.0,288651000.0,46023000.0,-93060000.0,428450579.70000005,610084579.7,3.1050766716934377,1.7796928585838208,0.49654164177696736,2.03714810873561,0.0032648850359261205,3.1050766716934377,-0.015671858372835447,3.294151953653586,-73.46546291152264,4.605361320176712,-2.796982167352538,2.0435217174021685,0.0095180172304946,0.340763563576152,1.0301845874520879,-0.003819913855440626,30.4124488713799,0.2769021404846845,-6.0,-1.2845730287347148,-0.2315204360670475,-0.47905450544955536,0.0027005958015479704,-4.521739130434782,-0.702947086403215,-1.4934654574994581,-0.3084989070006183,-0.5562486457764976,Packaging & Containers,Consumer Cyclical,MYE
2016Q3,2016,Q3,2016-11-08,2016-09-30,414000.0,132676000.0,2986000.0,0.01,35918000.0,0.27071964786396935,395355000.0,98775000.0,145662000.0,80145000.0,296580000.0,48584000.0,-87506000.0,387738574.95,580130574.95,3.3091555313150303,1.817480816020962,0.5006386665149043,2.003847127309542,0.004394521211526303,3.3091555313150303,0.0041913439635535305,2.922446975715276,234.14165153985508,3.9254727911921035,9.73671497584541,1.9915610077391734,0.010396179953257962,0.3355870040849363,1.0363091895938612,0.00104716014720947,18.68889839253868,0.27071964786396935,-0.9444444444444444,-0.9339497736167137,-0.19649972636500132,-0.4400189936336189,-0.19350637686366085,-0.9246450673461959,-0.7325810496149023,-0.9280201396609682,-0.23218345395986908,-0.5362369928211209,Packaging & Containers,Consumer Cyclical,MYE
2016Q2,2016,Q2,2016-08-04,2016-06-30,5494000.0,144117000.0,11166000.0,0.18,44536000.0,0.3090266935892365,410304000.0,100870000.0,151975000.0,73117000.0,309434000.0,55698000.0,-83831000.0,426573748.8,637514748.8,3.4051040507910413,2.0785179917119136,0.5299485259709874,2.1556458808367207,0.02187963334548337,3.4051040507910413,0.05446614454248042,2.9599127708736654,19.41089137240626,4.228945660751462,0.7340735347651984,1.7878738913425976,0.00945440269436477,0.35124444314459524,1.1512507351231587,0.013390071751676806,88.5007777593361,0.3090266935892365,2.6363636363636362,0.40349841864396185,-0.030063221860950163,-0.45151842810467696,-0.07546033920823732,2.6192160330091365,8.890168290522587,-0.2512003224222284,-0.19976695107983072,-0.5137722658841428,Packaging & Containers,Consumer Cyclical,MYE
2016Q1,2016,Q1,2016-05-02,2016-03-31,-3393000.0,151205000.0,1129000.0,-0.11,48171000.0,0.318580734764062,429607000.0,95791000.0,164602000.0,94682000.0,333816000.0,60212000.0,-85227000.0,379981030.03999996,592851030.04,3.241930945527262,1.7384719376439028,0.5085368720714514,2.280704867889468,0.013465984404768112,3.241930945527262,-0.035420864173043395,2.5130189480506595,-27.997423374594753,3.9667717221868437,-1.2021809608016505,1.7111871387763236,0.01073474641502659,0.3519612110603412,0.9604782323989777,-0.007897916002299776,-20.587366854851815,0.318580734764062,-4.666666666666667,-1.6036513950676858,-0.06561767638350427,-0.4760871770656714,0.1966761067223133,-5.400778210116732,-0.38103070175438597,-1.488057424326101,-0.20247063169471155,-0.5360033230057486,Packaging & Containers,Consumer Cyclical,MYE
2015Q4,2015,Q4,2016-03-14,2015-12-31,771000.0,139194000.0,1824000.0,0.03,40254000.0,0.2891934997198155,429916000.0,97703000.0,154308000.0,116812000.0,332213000.0,54738000.0,-77825000.0,397693828.08,583355828.0799999,3.2723765573203965,1.320994418381673,0.44893886247546033,1.9754357593932632,0.002841628420591516,3.2723765573203965,0.00789126229491418,2.857119043062201,128.95390015564203,4.0704362003213825,5.3501945525291825,1.8075194563191932,0.01037230077196525,0.32377022488113955,0.7274680683491422,0.0017933735892592972,11.088323985947694,0.2891934997198155,1.9999999999999996,1.0180588445000978,-0.12564316142835621,-0.45454235966437706,-0.034352060643861246,1.3153153153153154,-0.2924747866563227,-0.8980345530577858,-0.2670409333699047,-0.521339336710074,Packaging & Containers,Consumer Cyclical,MYE
2015Q3,2015,Q3,2015-11-06,2015-09-30,333000.0,141661000.0,2578000.0,0.01,41686000.0,0.29426588828259015,445382000.0,104501000.0,165948000.0,97155000.0,340881000.0,61194000.0,-74533000.0,411039693.6,620534693.6,3.406759546105306,1.7080747259533735,0.48213668266791204,2.0548607190361814,0.006001954814351301,3.406759546105306,0.003186572377297825,2.901572723614827,308.5883585585586,3.9333565573535183,12.561561561561561,1.6337386018237081,0.010176632731900226,0.3180662891630106,0.9616592043641604,0.0007476727842616001,190.2080951411384,0.29426588828259015,-0.9729729729729729,-0.8809157546429771,-0.12816308880373614,-0.5410665824847133,-0.1758565469247346,-0.9708380768893948,-0.8694154594266031,-0.9367923275234012,-0.2100507845611273,-0.49815655501010236,Packaging & Containers,Consumer Cyclical,MYE
2015Q2,2015,Q2,2015-07-31,2015-06-30,11419000.0,164335000.0,19742000.0,0.37,50581000.0,0.30779201022302005,466314000.0,129948000.0,176825000.0,109394000.0,336366000.0,65791000.0,-70722000.0,588397111.0,785895111.0,4.196166082127483,1.6164049216593233,0.43186565275758393,1.5497352787268754,0.037681644189327186,4.196166082127483,0.08787361098285468,3.580473490126875,12.881975457570714,4.527942800197002,0.3663192924073912,1.7290206867200681,0.007109144354721347,0.3524127519225243,0.9359745507066201,0.024487791488138892,54.24514713745736,0.30779201022302005,1.176470588235294,12.844971112049478,0.06500842011163986,-0.42581946019973316,0.10542649212142405,1.1796144302347775,1.9395473496128648,1.189430073532439,-0.015591919209682623,-0.3658953729033766,Packaging & Containers,Consumer Cyclical,MYE
2015Q1,2015,Q1,2015-05-05,2015-03-31,5239000.0,156348000.0,6716000.0,0.17,45757000.0,0.2926612428684729,465686000.0,119488000.0,176298000.0,115823000.0,346198000.0,67602000.0,-77935000.0,543893984.0400001,744844984.0400001,3.851163464690857,1.522132909698419,0.4395043011814828,1.712900040171398,0.013533431302381176,3.851163464690857,0.04384540707016604,3.478739632358585,25.954093531208247,4.551871184051955,0.79862569192594,1.6359131386645365,0.0076926756367511,0.3357369558028371,0.8562548025867056,0.011250069789514823,-16.820076201138054,0.2926612428684729,1.435897435897436,0.07864523922580176,-0.045116187625243456,-0.48397392479929435,0.2462753642925235,1.4236273954879923,0.3099278330407646,-0.4345145599342472,-0.1523411918353911,-0.40532294029748306,Packaging & Containers,Consumer Cyclical,MYE
2014Q4,2014,Q4,2015-03-31,2014-12-31,-12367000.0,158271000.0,5127000.0,-0.39,36715000.0,0.23197553563192247,564833000.0,146571000.0,285441000.0,153814000.0,418262000.0,63338000.0,-78990000.0,552041881.6,783794881.6,4.672923714634336,1.8557543526597058,0.41858212958520485,1.613068069399813,0.008037251537100984,4.672923714634336,-0.08437549037667752,3.4879534570451947,-11.15957551548476,3.766378626058361,-0.3319317538610819,1.919163851084657,0.007436030012980811,0.2802084864021755,0.6198395464652112,-0.02189496718499096,13.060206808772387,0.23197553563192247,-3.333333333333334,-15.776635850137742,-0.05492123538683884,-0.3612475997969828,-0.08122919846850679,-3.5085672621217645,2.9144884241971623,-3.305716516697892,-0.10673174423442573,-0.21601338295165112,Packaging & Containers,Consumer Cyclical,MYE
2014Q3,2014,Q3,2014-10-30,2014-09-30,-2743000.0,162109000.0,-2678000.0,-0.09,39961000.0,0.2465069798715679,629945000.0,176002000.0,345022000.0,144244000.0,453943000.0,81649000.0,-62518000.0,558159235.2,826668235.2,5.562346879179613,2.3919331133357367,0.43950979847446997,1.573090078521835,-0.004025346527654074,5.562346879179613,-0.015585050169884433,3.4431107168633455,-50.87123908129785,3.171323253144851,-1.5027342325920525,1.4960134233119817,0.007384989336462385,0.2573383390613466,0.7754429993621919,-0.004354348395494844,2206.1629849802375,0.2465069798715679,-1.5294117647058822,0.4258499764452677,0.0925488280289073,-0.23493136136001827,-0.06044860340449544,-1.4771264567750912,-1.2372851320219742,-1.41282890876684,-0.07387179496085487,-0.058730067630245,Packaging & Containers,Consumer Cyclical,MYE
2014Q2,2014,Q2,2014-08-04,2014-06-30,5749000.0,152784000.0,11286000.0,0.17,42532000.0,0.27837993507173525,498643000.0,195319000.0,334592000.0,133991000.0,303324000.0,64734000.0,-55640000.0,651438219.46,753380219.46,6.023531614790282,2.4971229410930587,0.27621765471489623,0.7051746117889197,0.022289206393176515,6.023531614790282,0.029433900439793364,4.263785602288198,28.328327511741175,3.335252686425796,0.7587406505479214,1.7031544474310254,0.006695953460660959,0.3063995684287155,0.9113746445656797,0.011529290494401807,17.453133810046886,0.27837993507173525,7.500000000000001,5.462949826516675,-0.04032714384997163,-0.1747377680488876,-0.14983609178859839,7.454411764705882,3.2766199317923457,0.34169535645876614,-0.06061325978052852,-0.029751796373493816,Packaging & Containers,Consumer Cyclical,MYE
2014Q1,2014,Q1,2014-04-28,2014-03-31,680000.0,208789000.0,2639000.0,0.02,50028000.0,0.2396103242986939,496882000.0,228726000.0,265793000.0,110633000.0,268156000.0,118848000.0,-57243000.0,667689376.5600001,778642376.5600001,6.823864629199425,2.4024748492764365,0.2348465027914072,0.510178117048346,0.004901158299175823,6.823864629199425,0.0029729895158399134,3.197914528830542,245.47403550000004,2.9191669358096592,4.5852941176470585,1.33583232364028,0.004669836168525305,0.4201983569539649,1.2344508419730098,0.001368534179141124,-10.22150847432718,0.2396103242986939,-0.7999999999999999,-0.8598475229458922,0.15493572889252571,-0.05564723579119878,0.0025249488998436934,-0.7951190117505272,-0.5197452229299363,-0.8933533847044195,0.13737031873083727,0.10277184840657892,Packaging & Containers,Consumer Cyclical,MYE
2013Q4,2013,Q4,2014-03-11,2013-12-31,3319000.0,211286000.0,5495000.0,0.1,49902000.0,0.23618223639995078,469457000.0,235507000.0,234910000.0,150583000.0,233950000.0,106524000.0,-53509000.0,710828933.76,748636933.76,6.997334525608042,1.5600034532450542,0.09446445574355053,0.18830438161073768,0.015251429011066154,6.997334525608042,0.014092999358830098,3.364297368306466,53.542402362157276,3.0182921686404227,0.921060560409762,1.5150013142578198,0.0043006127843301135,0.45006464915849587,0.7902485672353453,0.007069870083948051,18.120909928365666,0.23618223639995078,-0.47368421052631576,1.0587822667594384,0.163901349560317,-0.025510123332845996,-0.0696694569249986,-0.48844019728729965,-0.5449275362318841,1.0689630206519671,0.17736835859582756,0.16635402806531363,Packaging & Containers,Consumer Cyclical,MYE
2013Q3,2013,Q3,2013-10-29,2013-09-30,6488000.0,194920000.0,12075000.0,0.19,53639000.0,0.2751846911553458,479404000.0,240255000.0,244767000.0,114202000.0,239149000.0,117920000.0,-53779000.0,677116550.29,745602550.29,7.135445216825258,2.1432812034815503,0.15746635405628656,0.3142078208570061,0.02263247683523055,7.135445216825258,0.02700464090237456,3.473817721578083,26.091112449522193,2.818324489771285,0.46655363748458695,1.1981088873812755,0.004470426839668262,0.4065881803239022,1.0094656836132467,0.013533470726151638,97.86335457291516,0.2751846911553458,-0.24,4.148327817463398,-0.04700880072555627,-0.22542566848915527,-0.03819326148935789,-0.21944177093359,-0.07957923622227304,1.1137251891219813,0.0928711406899078,-0.03876566146429817,Packaging & Containers,Consumer Cyclical,MYE
2013Q2,2013,Q2,2013-08-05,2013-06-30,8312000.0,204024000.0,13119000.0,0.25,55769000.0,0.2733452927106615,482971000.0,235020000.0,248914000.0,104086000.0,247951000.0,106115000.0,-57300000.0,527889330.54,601619330.54,7.003105359637262,2.391426320542628,0.19874485217538942,0.40842481490936944,0.027445931198948136,7.003105359637262,0.03536720279125181,2.5873883981296317,15.877325870428297,2.2461464153689046,0.36320981713185757,1.3971163360505112,0.005719001740216532,0.42243530149843367,1.2564225736410277,0.01721014305206731,17.066123449502136,0.2733452927106615,0.08695652173913039,2.027198246688516,-0.0027600306563344335,-0.250692209980037,-0.04370863198326417,0.054420905746543194,-0.00943823618242223,8.956356540770477,0.2201325107518824,-0.04173315903741158,Packaging & Containers,Consumer Cyclical,MYE
2013Q1,2013,Q1,2013-05-01,2013-03-31,7883000.0,214980000.0,13244000.0,0.23,58318000.0,0.27127174620894967,488603000.0,234093000.0,249014000.0,103373000.0,254510000.0,109413000.0,-62585000.0,461018094.71999997,560543094.72,6.986970179459771,2.408888200980914,0.21198805574259674,0.4424651740974741,0.025443050141504,6.986970179459771,0.03367465067302312,2.1444696935528884,14.620642354433592,1.9693800956030294,0.0,1.4318408233025326,0.0,0.43998911181470435,1.2394822632602323,0.016133752760421036,-41.86886701661974,0.27127174620894967,-0.07999999999999996,-0.21572074070167965,-0.10960282877925762,-0.25886870188649247,0.01972372792446232,-0.07487384109846262,-0.11559265442404007,0.5029847031074285,0.21587536950648759,-0.06380011331447988,Packaging & Containers,Consumer Cyclical,MYE
2012Q4,2012,Q4,2013-03-04,2012-12-31,8521000.0,214008000.0,14975000.0,0.25,57190000.0,0.26723300063549027,484856000.0,230022000.0,239596000.0,114477000.0,254834000.0,107502000.0,-67356000.0,509737369.65000004,598603369.6500001,6.836527018595447,2.092961905011487,0.19142590789842756,0.40350053473146047,0.02866646649515435,6.836527018595447,0.03704428272078323,2.3818612839239655,14.955327122696868,2.2160374644599212,0.6295035793920901,1.458744953582259,0.010523066032382662,0.4413846585377927,1.0434934528333202,0.017574290098503472,19.857318646279705,0.26723300063549027,0.47058823529411753,-0.5115612173449872,-0.04126868714597413,-0.24394518724307054,0.08460240095583076,0.470151828847481,0.5324396234138354,8.491334826582925,0.19130286393050447,-0.06549982219807488,Packaging & Containers,Consumer Cyclical,MYE
2012Q3,2012,Q3,2012-10-30,2012-09-30,5796000.0,197290000.0,9772000.0,0.17,52729000.0,0.2672664605403213,482125000.0,229090000.0,253721000.0,112544000.0,253035000.0,120472000.0,-73057000.0,517676280.15999997,607893280.16,6.78849067396683,2.2544160506113164,0.20053927923256418,0.42203937317211576,0.02026786672003105,6.78849067396683,0.025300100397223798,2.6239357299406962,22.32903209799862,2.2597070154087913,0.46152518978605933,1.1999551763065277,0.0051673219394429825,0.4092092299714804,1.0523439721353427,0.012021778584392014,60.39858594796406,0.2672664605403213,0.0,3.293737389924456,0.028159153319447235,-0.18354383866230128,0.11327168313487036,0.024390243902439025,-0.022017614091273018,2.137508324907965,0.24670996010006596,-0.06628237483850982,Packaging & Containers,Consumer Cyclical,MYE
2012Q2,2012,Q2,2012-07-31,2012-06-30,5658000.0,181101000.0,9992000.0,0.17,47364000.0,0.2615336193615717,455195000.0,222318000.0,253740000.0,92032000.0,232877000.0,107472000.0,-76121000.0,576501130.92,643014130.92,6.617466428750852,2.757084492350487,0.22435439756587836,0.45936451389451144,0.019495600179921625,6.617466428750852,0.025450031036623216,3.183312797389302,25.47283187168611,2.593137446900386,0.4685401201838105,1.2443892362661904,0.004598429834421044,0.3978536671097002,1.4342619958275382,0.012429837761838333,63.477332186743006,0.2615336193615717,-0.4137931034482758,1.4059246762240998,-0.14215089678309642,-0.2253002342519991,-0.18335115003965655,-0.4333500250375563,-0.4162528480458024,5.239386932796899,0.09793492862122417,-0.09336491213176396,Packaging & Containers,Consumer Cyclical,MYE
2012Q1,2012,Q1,2012-04-30,2012-03-31,9985000.0,198789000.0,17117000.0,0.29,57998000.0,0.2917565861290112,438318000.0,216553000.0,233376000.0,103007000.0,221765000.0,102901000.0,-79184000.0,493225427.0,570079427.0,6.476058562974289,2.265632432747289,0.18285810758399154,0.3701172461245053,0.03592177057204819,6.476058562974289,0.04610880477296551,2.4811505012852826,12.349159414121182,2.2776199221437707,0.23194792188282423,1.368217995937843,0.004695621663479243,0.45352689143498554,1.1463492772335862,0.022780264556782975,-51.65745988688731,0.2917565861290112,0.7058823529411762,-0.6789211600301426,-0.15645442816086205,-0.24782877699824674,0.060098702248217874,0.6883665877578627,0.6934111594776414,1.0628689049025888,0.10223512525523953,-0.10378002240054146,Packaging & Containers,Consumer Cyclical,MYE
2011Q4,2011,Q4,2012-03-02,2011-12-31,5914000.0,195363000.0,10108000.0,0.17,54710000.0,0.2800427921356654,428757000.0,206140000.0,218452000.0,110656000.0,222617000.0,95217000.0,-86466000.0,426773445.71999997,494002445.71999997,5.960463626569985,1.9741541353383458,0.17266190406220774,0.3591248665955176,0.02359980715012738,5.960463626569985,0.028689240322111186,2.1845152138327113,18.040811875211364,2.070308749975745,0.3990530943523842,1.4771836961887057,0.005529866076879494,0.4556497036783073,1.017848105841527,0.013793360808103424,27.831840727794443,0.2800427921356654,-0.19047619047619038,-0.5750743882736518,0.018486597878031863,-0.25589104589056016,0.15174097932718622,-0.18020515663986691,0.39247830279652846,1.1019317195599112,0.04731354370099342,-0.16991085061343222,Packaging & Containers,Consumer Cyclical,MYE
2011Q3,2011,Q3,2011-10-28,2011-09-30,7214000.0,190045000.0,7259000.0,0.21,47502000.0,0.24995132731721434,425922000.0,203013000.0,218440000.0,105709000.0,222909000.0,103695000.0,-90023000.0,348695231.5,426074231.5,5.909406736466942,2.0664276457066095,0.18836782321645748,0.3951963667351352,0.030839303521615048,5.909406736466942,0.0355346701935344,1.8348035018022046,12.08397669462157,1.717600505878934,0.3393401718879956,1.3746371570471092,0.007020457347435794,0.44619672146543266,0.9852519653009677,0.016937373509703656,14.576341087701698,0.24995132731721434,0.6153846153846153,0.23522835564685085,0.060497555287777234,-0.21255705275605838,0.07878182272386619,0.5487333619579219,-0.16303470540758677,4.610516989451841,-0.08933147250433832,-0.35851588325120504,Packaging & Containers,Consumer Cyclical,MYE
2011Q2,2011,Q2,2011-08-03,2011-06-30,4658000.0,176805000.0,8673000.0,0.13,44033000.0,0.2490483866406493,436267000.0,218838000.0,228330000.0,95320000.0,217429000.0,106695000.0,-94827000.0,362366052.47999996,446160052.47999996,6.208237842931395,2.395404951741502,0.20796897312884083,0.4145989270601998,0.017353813612325648,6.208237842931395,0.021285151573309936,2.0495237831509288,19.448585899527696,1.6558643950319414,0.5249033920137398,1.2444069544027367,0.00674732079141146,0.40526787494813954,1.1384074695761646,0.010676947832405385,61.06606883720929,0.2490483866406493,-0.3157894736842105,1.0462039449527083,-0.2639612798364808,-0.17546463813035246,-0.15361845266698704,-0.306742074713499,-0.298754851228978,0.6150820271493211,-0.1772408272794321,-0.33574025534207036,Packaging & Containers,Consumer Cyclical,MYE
2011Q1,2011,Q1,2011-04-29,2011-03-31,6719000.0,193441000.0,12368000.0,0.19,52025000.0,0.26894505301358035,452819000.0,218561000.0,239817000.0,112018000.0,234258000.0,105091000.0,-96992000.0,350733448.77,434509448.77,6.187920592150941,2.140879144423218,0.20058566447079296,0.41557734453996825,0.024130352291428785,6.187920592150941,0.030741989650486592,1.8131288029424992,13.050061347298705,1.6047394035074876,0.33784789403185,1.3456528151792255,0.006472151452793414,0.42719276355453284,1.0967612348015499,0.014838158292827818,-118.97335439959294,0.26894505301358035,1.132867132867133,-0.38556948809886865,-0.21996041640772881,-0.39032491244437756,0.17748907951021886,1.1330916726091436,1.1920228539489823,-0.3659033701022073,-0.24001356237561652,-0.343626564406101,Packaging & Containers,Consumer Cyclical,MYE
2010Q4,2010,Q4,2011-03-07,2010-12-31,-50484000.0,188244000.0,-64409000.0,-1.43,44183000.0,0.23471133210089035,432395000.0,211805000.0,213847000.0,106331000.0,220590000.0,96404000.0,-101221000.0,343868917.58,422998917.58,5.999322981903574,2.011144445175913,0.19388522068941594,0.3958121857368806,-0.17621996241879562,5.999322981903574,-0.23835131370836382,1.8267191388835766,-1.7028608944418033,1.6235165250112134,-0.04544013945012281,1.4943467076054935,0.0066711467152779464,0.4353519351518866,0.9734132096942566,-0.11675435654898877,13.7136158556331,0.23471133210089035,-16.88888888888889,-6.7139865830289285,-0.20001955869085097,-0.38620336659384075,0.06524097692697158,-16.68313140726934,-11.233396885923101,-3.757866306288855,-0.19631118872874995,-0.33653198452752897,Packaging & Containers,Consumer Cyclical,MYE
2010Q3,2010,Q3,2010-11-08,2010-09-30,3219000.0,187045000.0,6294000.0,0.09,41477000.0,0.22174877703226498,511412000.0,262121000.0,213144000.0,163429000.0,249291000.0,88654000.0,-48442000.0,303321490.0,404636490.0,7.423210897454051,1.3041993770995355,0.20948863147520982,0.40872345214614625,0.012000903199436228,7.423210897454051,0.01228058797273015,1.621649816888984,23.557121000310655,1.1571811873142557,0.7157502329916123,1.64197892932073,0.007595900969627968,0.36574229779512407,0.6760734019054145,0.006294338028829984,25.340141186299082,0.22174877703226498,4.0,-0.3596793754591999,-0.1277431672156619,-0.23477895066902674,0.22167241023828457,3.9290263876251137,700.3333333333334,1.2790348616578404,-0.06841118323773773,-0.1072056271097528,Packaging & Containers,Consumer Cyclical,MYE
2010Q2,2010,Q2,2010-08-06,2010-06-30,-1099000.0,175906000.0,-9000.0,-0.03,33951000.0,0.19300649210373721,499089000.0,258003000.0,200229000.0,145754000.0,241086000.0,91183000.0,-49357000.0,285607151.43,396387151.43,7.308095261443643,1.373746175062091,0.23409652386648475,0.4528435715863769,-1.4186773847592481e-05,7.308095261443643,-0.00425964039177839,1.6236350745852899,-64.96977967015468,1.1069915909117336,-2.1228389444949953,1.5568143184584846,0.008168562966014524,0.35245417150047387,0.6513303236960907,-0.0022020120659842234,102.44158946556672,0.19300649210373721,-1.1875,-1.2097787939086888,-0.23153885479232345,-0.2418286172724881,-0.24405504096900604,-1.1987341772151898,-1.0008586966892472,-1.4447122572903777,-0.20707332133869447,-0.1444490503938717,Packaging & Containers,Consumer Cyclical,MYE
2010Q1,2010,Q1,2010-05-07,2010-03-31,5530000.0,186422000.0,10481000.0,0.16,44912000.0,0.24091577174367831,526185000.0,263638000.0,221691000.0,163667000.0,262547000.0,96579000.0,-45926000.0,370210716.0,481456716.0,7.46311795037289,1.3545247362021666,0.2281231886123702,0.45530234639922923,0.01740190759298907,7.46311795037289,0.020975731874767672,1.9858746070742723,16.73646998191682,1.4042388274831397,0.4119349005424955,1.4652253595502127,0.006153252462848753,0.3542898410254948,0.6882267042225984,0.010509611638492166,-25.136523356871265,0.24091577174367831,4.99250936329588,-0.30156984588747215,-0.22562462294884786,-0.2468799348416875,0.1950083814490594,4.87672688629118,1.392376169824241,-0.8316727293521687,-0.2511771329755553,-0.13318533154830553,Packaging & Containers,Consumer Cyclical,MYE
2009Q4,2009,Q4,2010-03-12,2009-12-31,941000.0,188293000.0,4381000.0,0.0267,37583000.0,0.19959849808543068,509966000.0,257998000.0,206548000.0,169025000.0,251968000.0,100201000.0,-49147000.0,320923548.4,420510548.4,7.315704352968571,1.2219967460434846,0.20455285254311073,0.40432483972743977,0.009648832960054842,7.315704352968571,0.0036473150954658565,1.7043838507007694,85.26130403825717,1.2438993651113575,2.2178533475026567,1.5040768056207023,0.006503106457612632,0.369226575889373,0.5407602425676675,0.0018452210539526164,12.71689445236963,0.19959849808543068,1.178,-0.8696869661664113,-0.18383279325523863,-0.2843694232066743,0.028938290532771176,1.1766804355989486,18.29955947136564,-0.9336954628061527,-0.037348228663761744,-0.08670173065145496,Packaging & Containers,Consumer Cyclical,MYE
2009Q3,2009,Q3,2009-11-04,2009-09-30,-5326000.0,165412000.0,227000.0,-0.15,36526000.0,0.22081832031533383,537553000.0,256459000.0,223102000.0,82661000.0,281094000.0,100783000.0,-48002000.0,379905848.03999996,517119848.03999996,7.270389345807555,2.6989995281934647,0.2697129399333647,0.5653340300008969,0.00018687523794089092,7.270389345807555,-0.02076745210735439,2.2967248327811767,-17.83260646075854,1.4813512024924063,-0.3976717987232445,1.278846630880208,0.00557506553512437,0.3077129138894211,1.1119270272559005,-0.009907860248198782,81.8409840672124,0.22081832031533383,-2.7499999999999996,-2.3494896447791382,-0.1969788371750925,-0.22736733393961564,-0.12228763666947014,-2.801570306923626,1.191399662731872,-1.888161548757537,-0.10104091265284465,-0.03120278068785121,Packaging & Containers,Consumer Cyclical,MYE
2009Q2,2009,Q2,2009-08-03,2009-06-30,-1401000.0,173150000.0,-1186000.0,-0.04,41615000.0,0.24034074501876984,548016000.0,257407000.0,227625000.0,84271000.0,290609000.0,99431000.0,-40559000.0,293416448.0,431416448.0,7.298930426695098,2.70110714243334,0.2934549356223176,0.6247615643708213,-0.0011934357392807194,7.298930426695098,-0.005442742427362115,1.6945795437481952,-52.3583954318344,1.1398930409817916,-1.510349750178444,1.3228771711035794,0.007211592991542178,0.3159579282356719,1.3494915214011938,-0.0025564947008846458,9.705171435186717,0.24034074501876984,-1.2857142857142858,-1.2167089410973182,-0.16921638949086434,-0.19502674338739243,-0.2463371787674086,-1.2745981967855742,-1.1102435396913926,0.9861097209686739,-0.27952008897745917,-0.030606366428328112,Packaging & Containers,Consumer Cyclical,MYE
2009Q1,2009,Q1,2009-05-01,2009-03-31,5102000.0,190100000.0,10758000.0,0.14,55217000.0,0.2904629142556549,571443000.0,254691000.0,246730000.0,86014000.0,316752000.0,100308000.0,-37042000.0,216414234.51999998,382627234.52,7.225969878868946,2.8684865254493452,0.3185234572827036,0.7146620807174183,0.015120784273745842,7.225969878868946,0.020032117350043777,1.1384231168858494,10.604382326538612,0.849712924759807,0.4145433163465308,1.3446883598516568,0.00977292461695509,0.33266660016834576,1.5261352803032064,0.008928274561067333,-57.434775615711246,0.2904629142556549,1.0833333333333333,-0.45693548879858914,-0.03405635026529944,-0.1956356296846851,0.20810347598699344,1.0863698871845404,1.1658816763751187,-0.5324596767327279,-0.23182403347782288,-0.2880493934970889,Packaging & Containers,Consumer Cyclical,MYE
2008Q4,2008,Q4,2009-03-16,2008-12-31,-59071514.0,189920449.0,-64853456.0,-1.68,45705522.0,0.24065613913960365,568899926.0,252838769.0,232648087.0,96969686.0,316061157.0,113533245.0,-40029016.0,281694488.0,442843730.0,7.180510227093971,2.3991836685951524,0.30157596645565393,0.6785610675078078,-0.13303234803218866,7.180510227093971,-0.2336331340072297,1.4832235785204995,-1.1921756737096665,1.1141269557438795,-0.03578946698403566,1.2702440329262148,0.007505074078694788,0.3338380624081853,1.0848505583487194,-0.10383463118959871,14.698348096670166,0.24065613913960365,-43.0,-13.77860300924307,0.012625370768270127,-0.1920927208998956,-0.048939370905081006,-45.81035094852593,-13.4223036370222,-7.703616523383122,-0.1907633241866021,-0.26535493807830884,Packaging & Containers,Consumer Cyclical,MYE
2008Q3,2008,Q3,2008-11-10,2008-09-30,1318256.0,213955089.0,5220727.0,0.04,48057422.0,0.22461453113648538,682844099.0,324462449.0,267979030.0,104765985.0,358381650.0,128960102.0,21156635.0,444141702.68,631786463.6800001,9.21208582126292,2.5578820263084436,0.292478349439467,0.6155322923054187,0.005268674849348623,9.21208582126292,0.004062892344130707,2.0758641673627123,84.2290311365926,1.368853943033636,1.6032690160333045,1.286426301058602,0.0047586592009865175,0.31332933727234275,1.2106046728811837,0.001930537295307285,21.107628851614233,0.22461453113648538,-0.5,-0.17663566607281372,0.32140443090164317,0.09703457660716887,-0.027032180440265036,-0.5423119520874924,-0.2931762146571319,-0.7371065166799997,0.0002865929353282247,-0.050372934831813126,Packaging & Containers,Consumer Cyclical,MYE
2008Q2,2008,Q2,2008-08-08,2008-06-30,2880250.0,214608587.0,7386179.0,0.08,49392612.0,0.23015207681321717,696195473.0,329010750.0,278353473.0,106992526.0,367184723.0,128715092.0,21951897.0,286904450.0,481246710.0,9.34609976422464,2.6016160511996884,0.2980739692342125,0.6307324243964673,0.008603775139901768,9.34609976422464,0.008754273226634692,1.3368731140287504,24.902738477562714,0.8720215068960513,0.7334418887249371,1.2835788906556505,0.0073630646021698165,0.3082590957898975,1.2834538648054725,0.004137128309077643,-33.312261439025576,0.23015207681321717,-0.7333333333333333,-0.17302326357128267,0.1947959360531201,0.12016110010881229,-0.17624014623757703,-0.7225268328426113,-0.5593230157994322,-0.44864037865502965,-0.05978053894630029,-0.030397781110517684,Packaging & Containers,Consumer Cyclical,MYE
2008Q1,2008,Q1,2008-05-12,2008-03-31,10380283.0,249346160.0,16760982.0,0.3,59959965.0,0.24046877240860656,709604050.0,326198283.0,292396414.0,134463926.0,383405767.0,118211020.0,21184146.0,454310381.59000003,643222446.59,9.427439101876502,2.174534261330433,0.2812512668156277,0.611827371267923,0.020035218800100674,9.427439101876502,0.031822003796384175,1.8220067298810618,10.941666561258494,1.3927430194045503,1.1523575994989732,1.6021027058221813,0.026329572214784044,0.35138773517428484,1.1859052739542946,0.014628274739976469,-42.773072390287886,0.24046877240860656,-0.42307692307692313,0.38040070925400193,0.4610478870964406,0.17113056834817703,0.14633121508560523,-0.42942081140195015,2.893981641742153,0.33846436122672224,0.05744265384168975,-0.04865585698983798,Packaging & Containers,Consumer Cyclical,MYE
2007Q4,2007,Q4,2008-03-17,2007-12-31,18192537.0,232780147.0,4304330.0,0.52,52305969.0,0.2247011597599859,697552369.0,317269946.0,277809374.0,158474639.0,380282423.0,125156204.0,12915207.0,507709410.92,671030361.9200001,9.042369552104658,1.7530210243924267,0.2449705435664573,0.538594295344949,0.0058361406170293504,9.042369552104658,0.05734087715954035,2.1810683490976572,6.9768912785501,1.6002442630352387,0.11602620349212427,1.4419914653212078,0.004157517971106904,0.3337099225018903,0.8656952485627685,0.026080532170051306,20.62945408536275,0.2247011597599859,12.0,3.2269266095959703,0.3727913853213335,0.16593750102102844,0.010034503514335514,11.089052460765897,-0.3305858977206207,1.5322408463539428,0.014155183840579084,-0.11546505627646672,Packaging & Containers,Consumer Cyclical,MYE
2007Q3,2007,Q3,2007-11-09,2007-09-30,1504877.0,213920711.0,6429996.0,0.04,51786319.0,0.24208183844340345,711384414.0,312810533.0,281039316.0,118034171.0,398573881.0,129290687.0,6683935.0,748676307.5,967941800.5,8.314580739821261,2.38099961747518,0.3188905246383427,0.7252113502201027,0.0072157775493670515,8.314580739821261,0.004810825855406858,3.4997841209493736,124.37499999999999,2.3933858630649114,1.2264251496966196,1.2540299364330858,0.002465176180294713,0.30071042714748036,1.1838374838079728,0.0021154202571550857,46.60268077535322,0.24208183844340345,-0.4285714285714286,-0.5691010480764404,0.28161987751448536,0.1135919081264176,-0.10447101152165496,-0.4012446376179605,-0.20717278502371886,-0.6424896154768399,-0.026284521581360413,-0.11639990946470159,Packaging & Containers,Consumer Cyclical,MYE
2007Q2,2007,Q2,2007-08-08,2007-06-30,2513342.0,225621571.0,8110211.0,0.07,57827630.0,0.2563036403997027,708618488.0,306698657.0,289297638.0,111614298.0,401919831.0,125326363.0,7024677.0,793857029.46,1025825883.46,8.541975512747763,2.591940666956486,0.34610512589392106,0.7996660089711446,0.010012643873896087,8.541975512747763,0.008194825580863239,3.518533382874105,78.96428634264656,2.5883942147813186,0.7341925611397095,1.3388559037654353,0.002324444996418562,0.3183963935753254,1.3753509339815944,0.003546819681622532,26.455291568323183,0.2563036403997027,-0.924731182795699,-0.6609875800379192,0.3520192238019968,0.14678168201344427,-0.21606379981166052,-0.9227258915528448,-0.6991411426470506,-0.6181455462063477,0.06329462918771434,-0.05793569133729292,Packaging & Containers,Consumer Cyclical,MYE
2007Q1,2007,Q1,2007-05-10,2007-03-31,32525021.0,246470531.0,26956863.0,0.93,73765735.0,0.29928825446479035,732323556.0,301112436.0,319811323.0,119735148.0,431211120.0,123403608.0,6356613.0,653298273.88,907231184.88,8.609819632729014,2.6709894992571437,0.3642140660568892,0.8857905158058633,0.02990966818449824,8.609819632729014,0.10801619963647068,2.650614137233307,5.021505396414655,2.169615717498961,0.05667181583064927,1.3995117225421805,0.0028214554877862338,0.336559610817708,1.55776594521769,0.0444134573215886,99.35824924005871,0.29928825446479035,1.325,2.0372824254246864,0.5525026646783083,0.2618802270237814,0.42517210039873704,1.3067287713537166,0.8809283349893383,2.4890835335604296,0.2621689394131109,-0.04159133465796823,Packaging & Containers,Consumer Cyclical,MYE
