Quarters,Year,Quarter,FillingDate,Date,NetIncome,Revenue,OperatingIncome,EPSDiluted,GrossProfit,GrossProfitRatio,TotalAssets,CommonStockEquity,CurrentAssets,CurrentLiability,TotalLiability,Inventory,RetainedEarnings,MarketCap,EnterpriseValue,bookValuePerShare,currentRatio,debtToAssets,debtToEquity,roic,shareholdersEquityPerShare,roe,priceToSalesRatio,peRatio,pbRatio,payoutRatio,inventoryTurnover,dividendYield,assetTurnover,quickRatio,returnOnAssets,priceToFreeCashFlowsRatio,grossProfitMargin,epsdilutedGrowth,fiveYNetIncomeGrowthPerShare,fiveYRevenueGrowthPerShare,fiveYShareholdersEquityGrowthPerShare,grossProfitGrowth,netIncomeGrowth,operatingIncomeGrowth,threeYNetIncomeGrowthPerShare,threeYRevenueGrowthPerShare,threeYShareholdersEquityGrowthPerShare,Industry,Sector,Symbol
2023Q1,2023,Q1,2023-04-28,2023-03-31,62562000.0,180714000.0,138161000.0,0.66,180714000.0,1.0,21361564000.0,2831161000.0,2314953000.0,0.0,1131364000.0,0.0,731123000.0,2254464644.24,1959198644.2399998,30.164361811460083,0.0,0.05296260142749847,0.3996113255304096,0.025534293009259947,30.164361811460083,0.022097648279274826,12.475318150447668,9.008921726607205,0.7963039347603333,0.5012147949234359,0.0,0.013908845312839547,0.008459773825549478,0.0,0.0029287181406754672,31.007105741321446,1.0,-0.14285714285714285,0.09245181061703057,0.01942108588053572,0.09702768992414351,-0.07030558699454677,-0.1508150882955764,0.013966152446094908,0.5280465912304283,-0.035874476763554805,-0.11133898269277712,Banks—Regional,Financial Services,PPBI
2022Q4,2022,Q4,2023-02-24,2022-12-31,73673000.0,194380000.0,136258000.0,0.77,194380000.0,1.0,21688017000.0,2798389000.0,3777780000.0,183602000.0,18889628000.0,0.0,700040000.0,2960658370.08,3188879370.08,29.830242398961275,20.57591965229137,0.0613797010579621,0.47570369952140323,0.024339688647278843,29.830242398961275,0.02632693310329622,15.231291131186335,10.04661941986888,1.0579867095246587,0.4255833208909641,0.0,0.01059021206798432,0.008962552915741443,20.57591965229137,0.003396944958130566,39.30773194476898,1.0,0.0,1.1270051168141022,0.06268859703668601,0.05192540711483267,-0.006445479219590986,0.004225563294848902,0.12675101298271726,0.1239175402753533,0.0405692890431389,-0.12823647631731447,Banks—Regional,Financial Services,PPBI
2022Q3,2022,Q3,2022-11-04,2022-09-30,73363000.0,195641000.0,120930000.0,0.77,195641000.0,1.0,21619201000.0,2735396000.0,2190905000.0,190948000.0,18883805000.0,0.0,657845000.0,2903846821.92,3093947821.92,29.164024603751333,11.473830571673963,0.043065652611306036,0.3403693651668716,0.02435975312188716,29.164024603751333,0.026819882751894057,14.84273144136454,9.895474632716764,1.0615818776952224,0.4271499257118711,0.0,0.010791547186115082,0.009049409365313732,18.163138655550203,0.0033934186559438527,23.820962748414725,1.0,0.05479452054794526,0.53518473766661,0.18598179158227793,0.17972692242147256,0.031138494621389005,0.05100067332349612,0.10206871411646769,0.1209115530322567,0.0380017771410791,-0.13060301288005757,Banks—Regional,Financial Services,PPBI
2022Q2,2022,Q2,2022-08-05,2022-06-30,69803000.0,189733000.0,109730000.0,0.73,189733000.0,1.0,21993919000.0,2755219000.0,1591312000.0,163767000.0,19238700000.0,0.0,615943000.0,2741696319.3599997,2697568319.3599997,29.384218445756204,9.716927097644824,0.042324698931554675,0.3378627978393006,0.021755054983571342,29.384218445756204,0.02533482819333055,14.450287084271054,9.819407186510608,0.9950919761224062,0.44879159921493345,0.0,0.011426137817959623,0.008626611746637787,22.72119535681792,0.0031737408871970476,35.950072371761244,1.0,0.028169014084507067,1.0788625322610628,0.1548861618396798,0.21202614974838854,0.03765422646132307,0.043330742556498866,0.09653242730088937,0.1846345346443506,0.10476409345591813,-0.09220007087762598,Banks—Regional,Financial Services,PPBI
2022Q1,2022,Q1,2022-05-06,2022-03-31,66904000.0,182848000.0,100070000.0,0.71,182848000.0,1.0,21622296000.0,2783018000.0,4094492000.0,0.0,18839278000.0,0.0,577591000.0,3305214218.25,3424465218.25,29.76499549009224,0.0,0.04304473493471739,0.33443046361899204,0.020112067013042523,29.76499549009224,0.024040088853180253,18.076294070758227,12.350585235000896,1.1876366657527908,0.4654729164175535,0.0,0.00942208218397676,0.008456456243129776,0.0,0.0030942134914812005,25.411237252919605,1.0,-0.21111111111111117,1.0689443709603412,0.21049588571155226,0.7396078232514618,-0.05410564542411811,-0.21132604826065943,-0.17761725138269108,0.14560217907040338,0.05750589273194873,-0.08071651762643388,Banks—Regional,Financial Services,PPBI
2021Q4,2021,Q4,2022-02-25,2021-12-31,84831000.0,193307000.0,121683000.0,0.9,193307000.0,1.0,21094429000.0,2886311000.0,752105000.0,0.0,18208118000.0,0.0,541950000.0,3739414619.12,4321062619.12,30.897624654735374,0.0,0.04212330184429263,0.30785559837453413,0.023696860921187182,30.897624654735374,0.029390803693711453,19.344434599471306,11.020189020287395,1.2955688486514447,0.36708278813169715,0.0,0.008327506621164198,0.00916388872151979,0.0,0.004021488327557954,0.0,1.0,-0.052631578947368356,1.0816103764317104,0.27333163571564323,0.8411108481776468,-0.0028680047249862017,-0.058354053814048484,0.0,0.41834289996206137,0.0644874010966101,-0.028736952480413726,Banks—Regional,Financial Services,PPBI
2021Q3,2021,Q3,2021-11-05,2021-09-30,90088000.0,193863000.0,0.0,0.95,193863000.0,1.0,21005211000.0,2838116000.0,0.0,0.0,18167095000.0,0.0,488385000.0,3876697040.16,4032077040.16,30.33807538263189,0.0,0.022870896179048143,0.1692700368836228,0.0,30.33807538263189,0.03174218389946006,19.997096094458456,10.758083873989877,1.3659403069360097,0.34661664150608296,0.0,0.008054795016613223,0.009229281248353087,0.0,0.0042888405167651016,46.68806802225594,1.0,-0.05940594059405946,1.8583191646777415,0.31595157023110126,0.8465271789748351,0.06218735103800825,-0.0645261780648377,0.0,1.093650689814939,0.0934850881871711,-0.022802251704137463,Banks—Regional,Financial Services,PPBI
2021Q2,2021,Q2,2021-08-06,2021-06-30,96302000.0,182513000.0,0.0,1.01,182513000.0,1.0,20529486000.0,2813419000.0,14970610000.0,0.0,17716067000.0,0.0,433852000.0,3959840727.68,3801866727.68,30.046534113938456,0.0,0.02321646046082206,0.16941024426151952,0.0,30.046534113938456,0.0342295264231883,21.696211928355787,10.27974685800918,1.4074834667996483,0.3243338663786837,0.0,0.007887690982535918,0.008890285903894525,0.0,0.004690911404211484,62.37737827541665,1.0,0.40277777777777785,1.7156567180788629,0.32505740377477615,0.8669676468877132,0.011611923422274939,0.4024290790470088,0.0,0.7347766068133512,0.038647093205882985,0.07389095992109927,Banks—Regional,Financial Services,PPBI
2021Q1,2021,Q1,2021-05-07,2021-03-31,68668000.0,180418000.0,0.0,0.72,180418000.0,1.0,20173298000.0,2703098000.0,15236133000.0,0.0,17470200000.0,0.0,368911000.0,4062906145.68,3017141145.68,28.901129612568795,0.0,0.025360801193736394,0.1892683876056288,0.0,28.901129612568795,0.02540344449220857,22.51940574488133,14.791846805207665,1.5030554370133824,0.4119386031339197,0.0,0.006962257799156143,0.008943406278933667,0.0,0.0034039054992396384,39.12773043982396,1.0,0.014084507042253534,1.193437068064793,0.3096605251101,0.7220741455650164,-0.026251875519478416,0.022819351763584367,0.0,0.20328780593308027,0.021327745007334947,0.05108603501198786,Banks—Regional,Financial Services,PPBI
2020Q4,2020,Q4,2021-02-26,2020-12-31,67136000.0,185282000.0,0.0,0.71,185282000.0,1.0,19736544000.0,2746649000.0,14718737000.0,0.0,16989895000.0,0.0,330555000.0,2931516582.02,2580416582.02,29.354264512024145,0.0,0.026980964853826485,0.1938766110995617,0.0,29.354264512024145,0.02444287566412745,15.821917844259021,10.916336175896687,1.067306591421037,0.39378276930409917,0.0,0.009018199031227461,0.00938776312610759,0.0,0.0034016087112313078,76.20860950996958,1.0,0.0142857142857143,0.9137032849906724,0.3450428049530365,1.1119544047593997,-0.013271272913182868,0.008562930024336748,0.0,0.9432782249708702,0.015563339579197482,0.03514065472168975,Banks—Regional,Financial Services,PPBI
2020Q3,2020,Q3,2020-11-06,2020-09-30,66566000.0,187774000.0,0.0,0.7,187774000.0,1.0,19844240000.0,2688085000.0,15146757000.0,0.0,17156155000.0,0.0,289960000.0,1883693535.38,1320214535.38,28.740360830021462,0.0,0.02733503525456253,0.2017953301327897,0.0,28.740360830021462,0.024763353837397254,10.03170585586929,7.074533302962473,0.7007566856628418,0.3543851215335156,0.0,0.012523268544976535,0.009462393117599869,0.0,0.003354424256106558,28.628431493054503,1.0,1.49645390070922,0.9534663385252151,0.4498130697431083,1.1261857343453843,0.42892800340920334,1.6717663561776548,0.0,0.3968764409313724,0.14149910570525528,0.16258911079517469,Banks—Regional,Financial Services,PPBI
2020Q2,2020,Q2,2020-08-07,2020-06-30,-99091000.0,131409000.0,0.0,-1.41,131409000.0,1.0,20517074000.0,2654647000.0,17076193000.0,0.0,17862427000.0,0.0,247078000.0,1526814585.36,724620585.3599999,37.69465363499257,0.0,0.02643559213170455,0.20431379388672016,0.0,37.69465363499257,-0.03732737346999432,11.6187976878296,-3.8520516125581534,0.5751478766706082,-0.151295274041033,0.0,0.009819135960418607,0.006404860654106916,0.0,-0.004829684778638514,27.29086235584313,1.0,-4.27906976744186,-4.864851695780335,0.3267792336215032,1.877185700105739,0.11514765784114053,-4.8496891996892,0.0,-4.929170308480804,0.06496754503162329,0.5548109947405269,Banks—Regional,Financial Services,PPBI
2020Q1,2020,Q1,2020-05-08,2020-03-31,25740000.0,117840000.0,0.0,0.43,117840000.0,1.0,11976209000.0,2002917000.0,9654609000.0,0.0,9973292000.0,0.0,361242000.0,1111695478.44,1311241478.44,33.94360866966198,0.0,0.06147905401450492,0.36760684541596084,0.0,33.94360866966198,0.012851256442478644,9.433939905295317,10.797353131701632,0.5550382159819902,0.5781662781662782,0.0,0.013386759493601023,0.009839507643862929,0.0,0.0021492610892144583,27.328485912633056,1.0,-0.3768115942028985,3.899082893891995,0.6617440156344301,1.4958825007286065,0.006156131797573408,-0.37369215046960924,0.0,0.26127714403988456,0.23614976467353468,0.9838258403494597,Banks—Regional,Financial Services,PPBI
2019Q4,2019,Q4,2020-02-28,2019-12-31,41098000.0,117119000.0,0.0,0.69,117119000.0,1.0,11776012000.0,2012594000.0,9419155000.0,0.0,9763418000.0,0.0,396051000.0,1917707156.9599998,2320320156.96,34.21827317681994,0.0,0.062174783789282824,0.36379468486937755,0.0,34.21827317681994,0.020420412661470717,16.374005558107566,11.665453044917028,0.9528534602408633,0.31777702077959996,0.0,0.006810216018958316,0.009945557120695869,0.0,0.00348997606320374,50.682043368042706,1.0,0.0,2.0440585886165623,0.42150611297495133,1.9060734958762742,-0.017045740663029794,-0.006694864048338369,0.0,0.6017159203552287,0.2252966631640274,1.0389798457239674,Banks—Regional,Financial Services,PPBI
2019Q3,2019,Q3,2019-11-07,2019-09-30,41375000.0,119150000.0,0.0,0.69,119150000.0,1.0,11811497000.0,1988998000.0,9555676000.0,0.0,9822499000.0,0.0,368051000.0,1849355469.42,2241312469.42,33.54511809428188,0.0,0.06962563678422812,0.4134659763358234,0.0,33.54511809428188,0.020801931424767647,15.521237678724297,11.174353289546827,0.9297925233811195,0.32062839879154076,0.0,0.007173309955473579,0.010087629027886982,0.0,0.003502942937715685,58.48689024098672,1.0,0.11290322580645154,1.1854962083398148,0.5256947649496351,1.8939530393001298,0.06107291703772308,0.07392218444207958,0.0,1.071184928403817,0.27607476054788516,1.0417238569613716,Banks—Regional,Financial Services,PPBI
2019Q2,2019,Q2,2019-08-08,2019-06-30,38527000.0,112292000.0,0.0,0.62,112292000.0,1.0,11783781000.0,1984456000.0,9528025000.0,0.0,9799325000.0,0.0,343366000.0,1878478529.44,2304657529.44,32.36860623481623,0.0,0.06827341750495872,0.40541034923424857,0.0,32.36860623481623,0.01941438862842008,16.72851609589285,12.189364143587614,0.9465962104677554,0.3579827134217562,0.0,0.0073421121316257915,0.009529369223681262,0.0,0.003269493891646493,42.77143216922061,1.0,0.0,1.317729778371558,0.6309597394369941,1.8842129106690784,-0.020404602594411635,-0.004933106048866161,0.0,0.6593091775597382,0.24512302639731928,1.0112516267630371,Banks—Regional,Financial Services,PPBI
2019Q1,2019,Q1,2019-05-08,2019-03-31,38718000.0,114631000.0,0.0,0.62,114631000.0,1.0,11580495000.0,2007064000.0,9398822000.0,0.0,9573431000.0,0.0,325363000.0,1713957278.25,2249651278.25,32.37847308344951,0.0,0.062171090268593875,0.3587190044761901,0.0,32.37847308344951,0.01929086466599969,14.95195259790109,11.06692803250426,0.8539624437735917,0.35510615217728186,0.0,0.008021786875597113,0.009898626958519476,0.0,0.0033433803995425067,33.95386751421383,1.0,-0.015873015873015886,3.0441977947895995,0.7762531603147387,1.9216392705076493,-0.04763843309932289,-0.023333249249552254,0.0,0.8660608960407019,0.25551836859810517,0.9292716968970158,Banks—Regional,Financial Services,PPBI
2018Q4,2018,Q4,2019-03-01,2018-12-31,39643000.0,120365000.0,0.0,0.63,120365000.0,1.0,11487387000.0,1969697000.0,9364982000.0,0.0,9517690000.0,0.0,300407000.0,1580126535.68,2148496535.6800003,31.811798805320347,0.0,0.06771940389925055,0.39494348623163866,0.0,31.811798805320347,0.020126445844208526,13.127790767083455,9.964726027798097,0.8022180750034141,0.0,0.0,0.0,0.010478013842486547,0.0,0.0034510023907090444,10.854679405101292,1.0,0.3695652173913043,1.5355507662755152,0.7645015178298216,2.0225213797436767,0.028927774595874544,0.3962735981966751,0.0,0.7076797028264338,0.3204557730834612,1.2887668870972955,Banks—Regional,Financial Services,PPBI
2018Q3,2018,Q3,2018-11-08,2018-09-30,28392000.0,116981000.0,0.0,0.46,116981000.0,1.0,11503881000.0,1916377000.0,9423437000.0,0.0,9587504000.0,0.0,260764000.0,2247481162.2999997,2947749162.2999997,31.045993951110233,0.0,0.08430772188968227,0.506093529613432,0.0,31.045993951110233,0.0148154564576803,19.21236065942332,19.789739735664973,1.1727761094502804,0.0,0.0,0.0,0.010168829110801823,0.0,0.002468036656498794,54.99635790877501,1.0,-0.20689655172413784,1.4963993973653142,0.905493908269097,2.0184509974036557,0.35353944414875155,0.039885726843204045,0.0,0.26248101922890354,0.3685708391386548,1.2967543740255254,Banks—Regional,Financial Services,PPBI
2018Q2,2018,Q2,2018-08-08,2018-06-30,27303000.0,86426000.0,0.0,0.58,86426000.0,1.0,8158131000.0,1288525000.0,6664807000.0,0.0,6869606000.0,0.0,232372000.0,1756924887.55,2061714887.55,27.97912938586058,0.0,0.054288292257135856,0.3437193690460022,0.0,27.97912938586058,0.021189344405424807,20.328661369842408,16.087287912958285,1.3635163365476028,0.0,0.0,0.0,0.01059384802720133,0.0,0.0033467224294388017,25.808286144162405,1.0,-0.03333333333333337,37.944276912516514,0.9006119236567015,1.5717470801280307,-0.0029303184125519153,-0.024962502678380117,0.0,0.6284609961048164,0.3344009360626225,1.1356119026830847,Banks—Regional,Financial Services,PPBI
2018Q1,2018,Q1,2018-05-10,2018-03-31,28002000.0,86680000.0,0.0,0.6,86680000.0,1.0,8086816000.0,1261908000.0,6611343000.0,0.0,6824908000.0,0.0,205069000.0,1844918539.2,2257066539.2,27.49644524792794,0.0,0.06737348790920926,0.4317565147379999,0.0,27.49644524792794,0.02219020721003433,21.284247106598986,16.47131043496893,1.4620071662910452,0.0,0.0,0.0,0.010718680875142949,0.0,0.00346267307182456,54.45450233766234,1.0,0.6666666666666666,3.441672248127236,0.8986943727765018,1.50476024714429,0.015023946977060084,0.7316183291076619,0.0,5.852500809110072,0.571607494438591,1.021820873391215,Banks—Regional,Financial Services,PPBI
2017Q4,2017,Q4,2018-02-28,2017-12-31,16171000.0,85397000.0,0.0,0.36,85397000.0,1.0,8024501000.0,1241996000.0,6629283000.0,0.0,6782505000.0,0.0,177149000.0,1751896120.0,2189549120.0,28.35775445407117,0.0,0.07993144994311796,0.5164348355389228,0.0,28.35775445407117,0.013020170757393744,20.514726746841223,27.0839175066477,1.4105489228628756,0.0,0.0,0.0,0.010642032445381961,0.0,0.0020152031883353245,41.37783414818489,1.0,-0.28,0.09308096634393123,0.40145887971059013,1.3784686296788475,0.2227520045819015,-0.200721629102412,0.0,0.608492059716566,0.3919182058351917,1.4083541035428222,Banks—Regional,Financial Services,PPBI
2017Q3,2017,Q3,2017-11-07,2017-09-30,20232000.0,69840000.0,0.0,0.5,69840000.0,1.0,6532334000.0,981660000.0,5358816000.0,0.0,5550674000.0,0.0,160978000.0,1499036078.75,1788294078.75,24.720996062283735,0.0,0.06353885150391882,0.42281136034879696,0.0,24.720996062283735,0.02060998716459874,21.4638613795819,18.523083219034206,1.527042029572357,0.0,0.0,0.0,0.010691431270966854,0.0,0.003097208440352254,-272.4529405216285,1.0,0.42857142857142866,0.5203765608685016,0.31663245760868297,1.5567948682917097,0.006920415224913495,0.4272009029345372,0.0,0.5957349554945173,0.3353273116273591,1.132691901334148,Banks—Regional,Financial Services,PPBI
2017Q2,2017,Q2,2017-08-04,2017-06-30,14176000.0,69360000.0,0.0,0.35,69360000.0,1.0,6440631000.0,959731000.0,5278587000.0,0.0,5480900000.0,0.0,140746000.0,1460742735.6,1653519735.6,24.243881579499124,0.0,0.06614289811044911,0.4438764612167368,0.0,24.243881579499124,0.014770805569477281,21.06030472318339,25.760841132900676,1.522033502721075,0.0,0.0,0.0,0.010769131161216968,0.0,0.002201026576433272,40.99985223981138,1.0,0.029411764705882214,-0.3634199752121196,0.013619798728660981,1.6068523313456131,0.5595628906776994,0.4889192311731961,0.0,0.32075242822633415,0.5601760740920013,1.1602572489238545,Banks—Regional,Financial Services,PPBI
2017Q1,2017,Q1,2017-03-31,2017-03-31,9521000.0,44474000.0,0.0,0.34,44474000.0,1.0,4174428000.0,471025000.0,3607517000.0,0.0,3703403000.0,0.0,126570000.0,1061240636.9999999,1286196637.0,17.11017569147232,0.0,0.0789121287994427,0.6993535374980097,0.0,17.11017569147232,0.02021336447110026,23.86204607186221,27.86578712845289,2.2530452460060504,0.0,0.0,0.0,0.010653914739935627,0.0,0.0022807915240123915,144.01419962002984,1.0,-0.20930232558139528,0.32790739624466586,0.5156646532304441,0.9764376421913292,-0.0010332434860736747,-0.20333026524976988,0.0,1.2393264272021813,0.5517592469241852,0.5439196621981391,Banks—Regional,Financial Services,PPBI
2016Q4,2016,Q4,2017-03-16,2016-12-31,11951000.0,44520000.0,0.0,0.43,44520000.0,1.0,4036311000.0,459740000.0,3522828000.0,0.0,3576571000.0,0.0,117049000.0,968403952.95,1154985952.95,16.782055618931476,0.0,0.0860644781831727,0.7556075172923826,0.0,16.782055618931476,0.025995127680863095,21.752110353773585,20.25780171010794,2.1064165679514506,0.0,0.0,0.0,0.011029873565243114,0.0,0.0029608719447039634,43.641457996845425,1.0,0.3030303030303029,0.7648019543061622,0.48700731880442505,0.9988964361946195,0.032276015581524764,0.2952205483905928,0.0,0.7276433993401652,0.47509853855947454,0.5945065607476607,Banks—Regional,Financial Services,PPBI
2016Q3,2016,Q3,2016-11-09,2016-09-30,9227000.0,43128000.0,0.0,0.33,43128000.0,1.0,3754831000.0,449965000.0,3309502000.0,0.0,3304866000.0,0.0,105098000.0,724663274.58,776168274.58,16.4298016991416,0.0,0.04243945999167473,0.3541453224139655,0.0,16.4298016991416,0.020506039358616782,16.802617199499167,19.634314364907336,1.610488092584979,0.0,0.0,0.0,0.011486002965246638,0.0,0.002457367588581217,77.84544790847568,1.0,-0.10810810810810806,0.38114348056664554,0.26934792956924747,0.9580288984874445,0.07083798882681565,-0.11013598225479795,0.0,0.8285530828523675,0.5833631126393456,0.5973897116650299,Banks—Regional,Financial Services,PPBI
2016Q2,2016,Q2,2016-08-08,2016-06-30,10369000.0,40275000.0,0.0,0.37,40275000.0,1.0,3598653000.0,440630000.0,3220437000.0,0.0,3158023000.0,0.0,95869000.0,657094320.0,613161320.0,16.0937626123446,0.0,0.04037899736373582,0.32977781812404966,0.0,16.0937626123446,0.023532215237273904,16.315191061452513,15.842760150448454,1.4912609672514354,0.0,0.0,0.0,0.011191687556427363,0.0,0.002881355885104788,51.88679090334807,1.0,0.12121212121212115,3.865310287921182,0.5786637890932816,0.9836901484811015,0.0699768869052363,0.21218143558569091,0.0,24.60020945092334,0.4897958716315449,0.47928430637613473,Banks—Regional,Financial Services,PPBI
2016Q1,2016,Q1,2016-05-09,2016-03-31,8554000.0,37641000.0,0.0,0.33,37641000.0,1.0,3563085000.0,428894000.0,3158737000.0,0.0,3134191000.0,0.0,85500000.0,546124325.98,498976325.98,16.782744045603373,0.0,0.04218535342266603,0.3504595541089407,0.0,16.782744045603373,0.01994432190704463,14.50876241279456,15.961080371171382,1.2733316996274138,0.0,0.0,0.0,0.01056415999056997,0.0,0.0024007285821135336,74.6683519250752,1.0,-0.10810810810810806,-0.2951152771611293,0.01694679070027115,1.1169465456785759,0.18861311102690412,0.060632362058276504,0.0,1.4366370624155957,0.4806808367709776,0.5288067146276896,Banks—Regional,Financial Services,PPBI
2015Q4,2015,Q4,2016-03-04,2015-12-31,8065000.0,31668000.0,0.0,0.37,31668000.0,1.0,2790646000.0,298980000.0,2433481000.0,0.0,2491666000.0,0.0,76946000.0,457103352.5,595024352.5,13.899099547733027,0.0,0.07822919854399304,0.7301826209110978,0.0,13.899099547733027,0.026975048498227305,14.434234953265126,14.169353766274023,1.5288760201351261,0.0,0.0,0.0,0.011347910125469157,0.0,0.0028900118467193618,45.609993264817405,1.0,0.027777777777777804,1.3548606012722666,0.9149028567196505,0.7770078875235812,0.06314835330849028,0.029092765088681895,0.0,0.10997376483921935,0.058159825784505494,0.16576833714421352,Banks—Regional,Financial Services,PPBI
2015Q3,2015,Q3,2015-11-06,2015-09-30,7837000.0,29787000.0,0.0,0.36,29787000.0,1.0,2715298000.0,290767000.0,2356761000.0,0.0,2424531000.0,0.0,68881000.0,437096976.96,549171976.96,13.517333112419795,0.0,0.078926880217199,0.7370506281661949,0.0,13.517333112419795,0.02695285228378736,14.674085237184006,13.9433768329718,1.503255104465087,0.0,0.0,0.0,0.010970066637253076,0.0,0.0028862393740944825,60.497851482352935,1.0,0.0,0.9813736148922074,0.6683952626846209,0.7268117692935143,-0.014589122667725288,0.0015335463258785943,0.0,0.08718443586022363,0.03664038093485278,0.3980443121203172,Banks—Regional,Financial Services,PPBI
2015Q2,2015,Q2,2015-08-10,2015-06-30,7825000.0,30228000.0,0.0,0.36,30228000.0,1.0,2636756000.0,281593000.0,2288238000.0,0.0,2355163000.0,0.0,61044000.0,364532151.36,470290151.36,13.101223752643863,0.0,0.07141730216978742,0.668731111923947,0.0,13.101223752643863,0.027788332806568346,12.059420119094879,11.646394612140575,1.2945355579151472,0.0,0.0,0.0,0.01146408693106226,0.0,0.0029676617783367136,58.16693016754428,1.0,3.0000000000000004,9.839554990279725,1.300502181815099,0.7410406141837926,0.25188437008200115,3.373951928451649,0.0,-0.35282605148876184,-0.18639652981224117,0.4087247362212933,Banks—Regional,Financial Services,PPBI
2015Q1,2015,Q1,2015-05-08,2015-03-31,1789000.0,24146000.0,0.0,0.09,24146000.0,1.0,2753000000.0,273247000.0,2403735000.0,0.0,2479753000.0,0.0,53220000.0,325288249.56,517502249.56,13.599842404341167,0.0,0.13451144206320378,1.3552207343538996,0.0,13.599842404341167,0.006547189905104173,13.471724076865733,45.45671458356624,1.1904549713629062,0.0,0.0,0.0,0.008770795495822738,0.0,0.0006498365419542317,-2126.0669905882355,1.0,-0.6086956521739131,0.9592550259968816,0.9262663353722377,0.8410246530808404,0.016887765845441147,-0.5402210228732973,0.0,-0.6581280038406643,0.12748322653022984,0.5709505817176546,Banks—Regional,Financial Services,PPBI
2014Q4,2014,Q4,2015-03-16,2014-12-31,3891000.0,23745000.0,0.0,0.23,23745000.0,1.0,2038897000.0,199592000.0,1799530000.0,0.0,1839305000.0,0.0,51431000.0,293758334.47999996,323418334.47999996,11.77474459106962,0.0,0.06881661996657996,0.7029840875385787,0.0,11.77474459106962,0.019494769329432043,12.371376478416508,18.874218355178616,1.4717941324301573,0.0,0.0,0.0,0.01164600271617448,0.0,0.0019083847786327606,142.32477445736433,1.0,-0.2580645161290322,5.146288128457937,-0.15909954736778967,-0.19846592475127367,0.056178275954096614,-0.2860550458715596,0.0,-0.07140046612215166,0.2817567854269617,0.40247985912047163,Banks—Regional,Financial Services,PPBI
2014Q3,2014,Q3,2014-11-06,2014-09-30,5450000.0,22482000.0,0.0,0.31,22482000.0,1.0,2034248000.0,197857000.0,1713827000.0,0.0,1836391000.0,0.0,47540000.0,239822484.8,356776484.8,11.591452120589487,0.0,0.1083004628737499,1.1134809483616956,0.0,11.591452120589487,0.027545146241982846,10.667310950983008,11.001031412844037,1.2121000763177447,0.0,0.0,0.0,0.011051749835811564,0.0,0.0026791227028366256,32.29932455218855,1.0,0.14814814814814806,229.220440403188,0.0967024566517596,-0.005465692019075488,0.1690499714003432,0.17381003661425803,0.0,0.30890346549072656,0.06166901302207862,0.38141644331188707,Banks—Regional,Financial Services,PPBI
2014Q2,2014,Q2,2014-08-01,2014-06-30,4643000.0,19231000.0,0.0,0.27,19231000.0,1.0,1921525000.0,192181000.0,1647994000.0,0.0,1729344000.0,0.0,42090000.0,241281908.32999998,341575908.33,11.222682665028142,0.0,0.11465372555652412,1.146367226728969,0.0,11.222682665028142,0.024159516289331412,12.546508675055899,12.991703011522722,1.2554930421321566,0.0,0.0,0.0,0.010008196614668037,0.0,0.0024163099621394464,63.84808370732998,1.0,0.8000000000000002,2.863395819830555,-0.027914027736238196,-0.05209215975578195,0.08392514936309323,0.7640577507598785,0.0,2.4831730979853806,0.20519874722243003,0.38328901565068485,Banks—Regional,Financial Services,PPBI
2014Q1,2014,Q1,2014-05-12,2014-03-31,2632000.0,17742000.0,0.0,0.15,17742000.0,1.0,1745282000.0,188860000.0,1504173000.0,0.0,1556422000.0,0.0,37447000.0,275051327.16,211218327.16000003,11.082296644316253,0.0,0.03455602017324421,0.3193370750820714,0.0,11.082296644316253,0.013936249073387695,15.502836611430505,26.125695968844983,1.4563768249496982,0.0,0.0,0.0,0.010165692421052874,0.0,0.0015080657452491918,-192.47818555633313,1.0,-0.375,0.39573278379311205,-0.14468461418702022,-0.07609864160177415,-0.03271180896303565,-0.37392959086584204,0.0,-0.6747543309576092,-0.2811861483839136,0.397901888726988,Banks—Regional,Financial Services,PPBI
2013Q4,2013,Q4,2014-03-17,2013-12-31,4204000.0,18342000.0,0.0,0.24,18342000.0,1.0,1714187000.0,175226000.0,1424178000.0,0.0,1538961000.0,0.0,34815000.0,262050160.24,301573160.24,10.524921020746635,0.0,0.09701975338746589,0.9491171401504342,0.0,10.524921020746635,0.02399187335212811,14.286891300839603,15.58338250713606,1.495498158035908,0.0,0.0,0.0,0.010700116148354876,0.0,0.002452474554993125,62.48215551740582,1.0,0.3333333333333333,10.681765200099294,0.1543897627932418,-0.10314973061095056,0.10827794561933535,0.37116764514024786,0.0,0.5859858557221007,0.4330078532090792,0.34561721823770886,Banks—Regional,Financial Services,PPBI
2013Q3,2013,Q3,2013-11-12,2013-09-30,3066000.0,16550000.0,0.0,0.18,16550000.0,1.0,1569020000.0,171154000.0,1252036000.0,0.0,1397866000.0,0.0,30611000.0,223348401.76200002,207265401.76200002,10.285405984001294,0.0,0.028877898305948935,0.2647323463080033,0.0,10.285405984001294,0.017913691762973697,13.495371707673717,18.211709210861056,1.3049557811210957,0.0,0.0,0.0,0.010547985366661993,0.0,0.0019540859899810073,113.08779836050634,1.0,9.999999999999998,-0.0973824141012738,-0.21298643191350486,-0.13062932125879406,0.08021669603811761,13.313253012048193,0.0,0.002021785232917226,0.19828097836395397,0.3139396623152323,Banks—Regional,Financial Services,PPBI
2013Q2,2013,Q2,2013-08-09,2013-06-30,-249000.0,15321000.0,0.0,-0.02,15321000.0,1.0,1558458000.0,168811000.0,1210045000.0,0.0,1389647000.0,0.0,27545000.0,188991420.66,95355420.66,10.879424964474998,0.0,0.00661551353966549,0.06107421909709675,0.0,10.879424964474998,-0.0014750223622868178,12.335449426277657,-189.75042234939755,1.1195444648749193,0.0,0.0,0.0,0.00983087128430795,0.0,-0.00015977331439153317,29.655016579319,1.0,-1.1538461538461537,0.9367928037035583,-0.21789900302230436,-0.09331333474969732,0.07289915966386555,-1.1262677484787018,0.0,-1.4777950468107153,0.6151599527598542,0.44578255281637996,Banks—Regional,Financial Services,PPBI
2013Q1,2013,Q1,2013-05-10,2013-03-31,1972000.0,14280000.0,0.0,0.13,14280000.0,1.0,1406655000.0,157589000.0,1080316000.0,0.0,1249066000.0,0.0,27794000.0,186620291.0,97499291.0,10.977675519753637,0.0,0.007329444675489015,0.06542334807632512,0.0,10.977675519753637,0.012513563763968297,13.068647829131653,23.658759001014197,1.1842215573422004,0.0,0.0,0.0,0.010151742964692834,0.0,0.0014019073617909153,-301.48673828756057,1.0,-0.59375,-0.17460485722195884,-0.08196415830299016,-0.05906429066589607,-0.09027202650187933,-0.48255051167672525,0.0,2.0226896314912453,0.5944296524821067,0.4860592251375826,Banks—Regional,Financial Services,PPBI
2012Q4,2012,Q4,2013-03-14,2012-12-31,3811000.0,15697000.0,0.0,0.32,15697000.0,1.0,1173792000.0,134517000.0,1078525000.0,0.0,1039275000.0,0.0,25822000.0,115532113.92,153517113.92000002,11.922694333748758,0.0,0.08290225184700527,0.7234029899566597,0.0,11.922694333748758,0.02833099162187679,7.360139766834427,7.578858168459721,0.8588662690960994,0.0,0.0,0.0,0.013372897412829531,0.0,0.0032467421826013467,13.124175158468704,1.0,0.0,1.6346405282150314,0.24073348578091439,0.013377598682793534,0.13746376811594202,0.10080878105141537,0.0,7.101351809490028,-0.16482412273449296,-0.18839464386153357,Banks—Regional,Financial Services,PPBI
2012Q3,2012,Q3,2012-11-08,2012-09-30,3462000.0,13800000.0,0.0,0.32,13800000.0,1.0,1089336000.0,99886000.0,962316000.0,75500000.0,989450000.0,0.0,22011000.0,99692355.10000001,127286355.10000001,9.668744399037674,12.745907284768212,0.07877275698223506,0.8590793504595239,0.0,9.668744399037674,0.03465951184350159,7.224083702898551,7.199043551415367,0.9980613409286588,0.0,0.0,0.0,0.012668267641939677,0.8231655629139073,0.0031780827953909537,-25.588386832648872,1.0,-0.4181818181818182,1.0333218758035505,0.10642229410870038,-0.16671764592829202,-0.2271505376344086,-0.4042333505420754,0.0,240.53232619008946,0.11227452629848997,-0.1704319769512749,Banks—Regional,Financial Services,PPBI
2012Q2,2012,Q2,2012-08-13,2012-06-30,5811000.0,17856000.0,0.0,0.55,17856000.0,1.0,1065035000.0,96069000.0,906691000.0,28500000.0,968966000.0,0.0,18549000.0,86771445.60000001,60636445.60000001,9.300059419547114,31.813719298245616,0.036440116991460374,0.40398047236881823,0.0,9.300059419547114,0.060487774412141274,4.859511962365592,3.733068559628291,0.9032200355994129,0.0,0.0,0.0,0.016765646199420677,2.418,0.005456158717788618,74.61001341358556,1.0,1.2000000000000002,1.5087893612838015,0.40262306513321466,-0.18028043951746325,0.6207679041481347,1.1586181277860328,0.0,4.8661039585841275,0.49624669702448465,-0.21448378238504745,Banks—Regional,Financial Services,PPBI
2012Q1,2012,Q1,2012-05-15,2012-03-31,2692000.0,11017000.0,0.0,0.25,11017000.0,1.0,985171000.0,89479000.0,822869000.0,28500000.0,895692000.0,0.0,12738000.0,82687480.0,27875480.0,8.657078435574528,28.87259649122807,0.039394176239454876,0.43373305468322176,0.0,8.657078435574528,0.030085271404463616,7.505444313333938,7.67900074294205,0.9240992858659574,0.0,0.0,0.0,0.011182830188870764,3.412421052631579,0.002732520547194345,52.5333418043202,1.0,0.011343933463796498,0.4477556096520224,-0.09982909011087794,-0.22259565883582855,-0.024699008498583568,0.05362035225048924,0.0,1.3537042695140717,-0.12431582003118585,-0.2782825813917052,Banks—Regional,Financial Services,PPBI
2011Q4,2011,Q4,2012-03-30,2011-12-31,2555000.0,11296000.0,0.0,0.24719582698614107,11296000.0,1.0,961128000.0,86777000.0,833595000.0,0.0,874351000.0,0.0,10046000.0,65529827.9,44132827.9,8.39566038292617,0.0,0.04037963725955336,0.4472383235189048,0.0,8.39566038292617,0.029443285663251783,5.801153319759207,6.411920538160469,0.7551520322205192,0.0,0.0,0.0,0.011752857059621612,0.0,0.002658334789955136,115.57288871252204,1.0,0.07476446515713502,0.0168385824917494,-0.09621276392076923,-0.24012141895645722,-0.09711453920549916,0.03861788617886179,0.0,10.435801332466102,0.14514476861716852,-0.2845884295678872,Banks—Regional,Financial Services,PPBI
2011Q3,2011,Q3,2011-11-10,2011-09-30,2460000.0,12511000.0,0.0,0.23,12511000.0,1.0,928502000.0,84620000.0,808638000.0,0.0,843882000.0,0.0,7491000.0,59499293.400000006,60529293.400000006,8.390990404602015,0.0,0.041798509857813984,0.4586386197116521,0.0,8.390990404602015,0.02907114157409596,4.755758404603949,6.046676158536585,0.7031351146301111,0.0,0.0,0.0,0.013474392085315917,0.0,0.0026494288649889825,11.733246578584106,1.0,1.8750000000000002,-0.14622710129850863,0.04121656416076584,-0.226917427182285,0.3313823560710865,2.1337579617834397,0.0,0.19501282274795137,-0.018292602188508335,-0.29075419728625057,Banks—Regional,Financial Services,PPBI
2011Q2,2011,Q2,2011-08-15,2011-06-30,785000.0,9397000.0,0.0,0.08,9397000.0,1.0,948111000.0,81817000.0,794516000.0,0.0,866294000.0,0.0,5031000.0,64541606.400000006,67317606.4,8.113042565981129,0.0,0.040934025657333374,0.47435129618538935,0.0,8.113042565981129,0.00959458303286603,6.868320357560925,20.554651719745227,0.7888532505469523,0.0,0.0,0.0,0.009911286758617925,0.0,0.0008279621267973898,24.073706229019024,1.0,-0.8181818181818181,-0.8590093407077811,-0.1061560345595353,-0.2298651781045856,-0.35437993816557883,-0.835498742665549,0.0,1.306599781540144,-0.26192591193498416,-0.3238624712976122,Banks—Regional,Financial Services,PPBI
2011Q1,2011,Q1,2011-05-16,2011-03-31,4772000.0,14555000.0,0.0,0.44,14555000.0,1.0,956482000.0,79669000.0,805146000.0,0.0,876813000.0,0.0,4246000.0,68536301.02,61044301.019999996,7.927807189965561,0.0,0.04057577664817529,0.4871405440008033,0.0,7.927807189965561,0.05989782726028945,4.708780557883888,3.5905438505867564,0.8602631013317602,0.0,0.0,0.0,0.015217223115542165,0.0,0.004989116366016297,80.06577221962617,1.0,1.7635605250000002,0.43389778479432023,0.36745816334900266,-0.20852079833492718,0.8838985244628527,1.9825,0.0,1.853216037837898,0.3366658813423746,-0.32047937941586535,Banks—Regional,Financial Services,PPBI
2010Q4,2010,Q4,2011-03-30,2010-12-31,1600000.0,7726000.0,0.0,0.15921489542914932,7726000.0,1.0,826816000.0,78602000.0,0.0,0.0,748214000.0,0.0,-526000.0,65119535.28,80496535.28,7.821630756576247,0.0,0.09531745878163944,1.00264624309814,0.0,7.821630756576247,0.020355716139538436,8.428622221071706,10.1749273875,0.8284717345614616,0.0,0.0,0.0,0.009344279743014165,0.0,0.0019351342983203034,14.65995841512832,1.0,-0.06344179159323934,-0.508206622593757,-0.2809816468090382,-0.18748691243455481,-0.07228626320845341,-0.13279132791327913,0.0,0.24184924768831942,-0.3143807141172657,-0.3351951184853931,Banks—Regional,Financial Services,PPBI
2010Q3,2010,Q3,2010-11-05,2010-09-30,1845000.0,8328000.0,0.0,0.17,8328000.0,1.0,821320000.0,78544000.0,0.0,0.0,742776000.0,0.0,-2126000.0,44650570.2,70193570.2,7.827913471976221,0.0,0.093520187016023,0.9779232022815237,0.0,7.827913471976221,0.023490018333672844,5.361499783861672,6.050212764227643,0.5684784350173151,0.0,0.0,0.0,0.010139774996347344,0.0,0.0022463838698680173,-55.32908327137547,1.0,4.666666666666667,-0.47241798819726344,-0.18621810882755274,-0.16499911819994947,0.3576785132050864,4.474777448071217,0.0,0.11568857072319376,-0.31253579167200696,-0.32536615963834975,Banks—Regional,Financial Services,PPBI
2010Q2,2010,Q2,2010-08-12,2010-06-30,337000.0,6134000.0,0.0,0.03,6134000.0,1.0,797242000.0,75504000.0,0.0,0.0,721738000.0,0.0,-3971000.0,42041772.84,84206772.84,7.524938617693174,0.0,0.09634464817458187,1.0172970968425514,0.0,7.524938617693174,0.004463339690612418,6.853891887838279,31.188258783382793,0.556815173235855,0.0,0.0,0.0,0.007694025151710522,0.0,0.00042270728335938145,13.531307640811074,1.0,-0.25000000000000006,-0.9139688977600913,-0.41886619974231476,-0.16819034627770868,-0.020127795527156548,-0.26096491228070173,0.0,-0.8502131205219222,-0.5039435292961197,-0.3367419391548473,Banks—Regional,Financial Services,PPBI
2010Q1,2010,Q1,2010-05-12,2010-03-31,456000.0,6260000.0,0.0,0.04,6260000.0,1.0,767644000.0,74121000.0,0.0,0.0,693523000.0,0.0,-4308000.0,49165796.400000006,76434796.4,7.387104991550589,0.0,0.10005940253555033,1.0362785175591263,0.0,7.387104991550589,0.006152102642975675,7.8539610862619815,26.954932236842108,0.6633180394220263,0.0,0.0,0.0,0.008154821766339606,0.0,0.0005940253555033323,22.772485595182957,1.0,1.72252,-0.8537394082684155,-0.3095814730235006,-0.1463731711115241,-0.2489502099580084,2.6462093862815883,0.0,-0.7473799512287683,-0.47311148864868036,-0.33663908305737456,Banks—Regional,Financial Services,PPBI
2009Q4,2009,Q4,2010-03-29,2009-12-31,-277000.0,8335000.0,0.0,-0.05536178929302995,8335000.0,1.0,807323000.0,73502000.0,0.0,0.0,733821000.0,0.0,-4764000.0,16894152.3015,59027152.3015,14.690260782008258,0.0,0.1261081376351225,1.3851323773502762,0.0,14.690260782008258,-0.003768604935920111,2.02689289760048,-15.247429875,0.22984615794808305,0.0,0.0,0.0,0.010324244447389707,0.0,-0.00034310926357851814,-14.402516881074169,1.0,-38.57142857142857,-1.2212257941514055,0.8258169878511253,0.7546159853787714,0.3870860376102513,-38.57142857142857,0.0,-1.22773039510933,0.37761303231632964,0.32959338623240303,Banks—Regional,Financial Services,PPBI
2009Q3,2009,Q3,2009-11-16,2009-09-30,-7000.0,6009000.0,0.0,-0.0013990343864664608,6009000.0,1.0,847865000.0,58316000.0,0.0,0.0,789549000.0,0.0,-4487000.0,21514839.3,82662839.3,11.655155611596875,0.0,0.2085355569577704,3.0319294876191782,0.0,11.655155611596875,-0.0001200356677412717,3.5804358961557665,-768.3871178571428,0.3689354431030935,0.0,0.0,0.0,0.007087213176625996,0.0,-8.256031325741716e-06,8.785152837893017,1.0,0.9906731040902236,-1.0063947148895225,0.3705637999134978,0.43214911043057935,0.06147323794382618,0.9901823281907434,0.0,-1.0048966091901241,0.007955581124234614,0.07381813735151146,Banks—Regional,Financial Services,PPBI
2009Q2,2009,Q2,2009-08-13,2009-06-30,-713000.0,5661000.0,0.0,-0.15,5661000.0,1.0,788422000.0,58015000.0,0.0,0.0,730407000.0,0.0,-4480000.0,24990785.4,142559785.4,11.839423822190078,0.0,0.22425807499029707,3.0476600879083,0.0,11.839423822190078,-0.012289925019391537,4.414553153153153,-8.76254747545582,0.4307642058088425,0.0,0.0,0.0,0.007180164937051477,0.0,-0.0009043380321705889,8.457118578680202,1.0,-2.6666666666666665,-1.5664019018963864,0.35453504056989954,0.5026452028528935,-0.04164550533265617,-2.3277467411545625,0.0,-1.2635483380866102,0.10819377925235392,0.12386351760056709,Banks—Regional,Financial Services,PPBI
2009Q1,2009,Q1,2009-03-31,2009-03-31,537000.0,5907000.0,0.0,0.09,5907000.0,1.0,737266000.0,58211000.0,0.0,0.0,679055000.0,0.0,-3767000.0,21013035.35,195242035.35,11.99510807466471,0.0,0.24727845852107652,3.131882290288777,0.0,11.99510807466471,0.0092250605555651,3.5573108769256816,9.782604911545624,0.36098049080070777,0.0,0.0,0.0,0.008012033648642418,0.0,0.0007283666953311288,15.799274699248121,1.0,3.1635901886792452,-0.8012634529797129,0.10935388525753773,0.5589641534387998,0.2621794871794872,4.066037735849057,0.0,-0.6658607938645652,0.14922271436338214,0.19754155661587622,Banks—Regional,Financial Services,PPBI
2008Q4,2008,Q4,2009-10-09,2008-12-31,106000.0,4680000.0,0.0,0.021615960246209865,4680000.0,1.0,739956000.0,57548000.0,0.0,0.0,682408000.0,0.0,-4304000.0,19615136.0,231644136.0,11.735427172159296,0.0,0.2975987761434464,3.8265447973865294,0.0,11.735427172159296,0.0018419406408563285,4.191268376068376,46.26211320754717,0.3408482657955098,0.0,0.0,0.0,0.006324700387590613,0.0,0.0001432517609155139,-5.381381618655693,1.0,-0.8649002484611883,-0.845661104017703,0.49396990920999284,0.6519477858259267,-0.24479586896885588,-0.8941058941058941,0.0,-0.9332312088846407,-0.10744275466287968,0.21907930229685216,Banks—Regional,Financial Services,PPBI
2008Q3,2008,Q3,2008-09-30,2008-09-30,1001000.0,6197000.0,0.0,0.16,6197000.0,1.0,758598000.0,58016000.0,0.0,0.0,700582000.0,0.0,-4409000.0,25019105.968000002,289642105.968,11.830863675887844,0.0,0.358305716598251,4.685086872586872,0.0,11.830863675887844,0.017253861003861004,4.0372932012264,6.248527964035964,0.4312449318808605,0.0,0.0,0.0,0.008169017055146468,0.0,0.0013195394662258535,7.526806849578821,1.0,1.6302041073552695,-0.6240062314083701,-0.4111604084284943,0.2821867967477533,0.0009691487643353255,1.8040160642570282,0.0,-0.41431600981163846,0.23903754683657258,0.2619942258161621,Banks—Regional,Financial Services,PPBI
2008Q2,2008,Q2,2008-06-30,2008-06-30,-1245000.0,6191000.0,0.0,-0.253886,6191000.0,1.0,718164000.0,58841000.0,0.0,0.0,659323000.0,0.0,-5409000.0,25254487.6,261005487.6,11.999101102332403,0.0,0.3426933123910416,4.182627759555412,0.0,11.999101102332403,-0.021158715861389166,4.079225908576967,-5.071182248995985,0.4291988171513061,0.0,0.0,0.0,0.00862059362485449,0.0,-0.001733587314318178,-3.122463847675569,1.0,-2.952969230769231,-1.3918688523665261,-0.437102231416873,0.34830344247047756,0.12400145243282498,-2.471631205673759,0.0,-1.650325230834652,0.2001314983595727,0.3263853221927837,Banks—Regional,Financial Services,PPBI
2008Q1,2008,Q1,2008-03-31,2008-03-31,846000.0,5508000.0,0.0,0.13,5508000.0,1.0,770339000.0,59305000.0,0.0,0.0,711034000.0,0.0,-4165000.0,38785144.089999996,328475144.09,11.666764701195675,0.0,0.38680762625285753,5.0244161537813,0.0,11.666764701195675,0.014265239018632494,7.041602049745824,11.461330995862884,0.6539945045105808,0.0,0.0,0.0,0.007150098852583084,0.0,0.0010982177976189703,3.8847299769631407,1.0,0.01397800604229621,1.8602531155616557,-0.4636207887712522,0.41724091237956995,-0.04870466321243523,0.27794561933534745,0.0,-0.4643773009920405,0.19910761871720659,0.3481686488361681,Banks—Regional,Financial Services,PPBI
2007Q4,2007,Q4,2007-12-31,2007-12-31,662000.0,5790000.0,0.0,0.128207909072317,5790000.0,1.0,763420000.0,60750000.0,0.0,0.0,702670000.0,0.0,-5012000.0,35679702.08,335647702.08,11.76530283405326,0.0,0.4038078646092583,5.074485596707819,0.0,11.76530283405326,0.010897119341563786,6.16229742314335,13.474207734138975,0.5873201988477367,0.0,0.0,0.0,0.0075842917398024675,0.0,0.0008671504545335465,21.610964312537856,1.0,-0.013785314828330845,1.9659575012281805,-0.40423067489337144,0.3498992025306783,-0.0712223291626564,-0.22209165687426558,0.0,-0.48768100050217467,0.22901358110366046,0.40525677057653264,Banks—Regional,Financial Services,PPBI
2007Q3,2007,Q3,2007-11-14,2007-09-30,851000.0,6234000.0,0.0,0.13,6234000.0,1.0,779100000.0,59913000.0,0.0,0.0,719187000.0,0.0,-5674000.0,55249321.599999994,369996321.6,11.603203106117416,0.0,0.41277756385573094,5.367699831422229,0.0,11.603203106117416,0.014203929030427453,8.862579659929418,16.230705522914217,0.9221591574449618,0.0,0.0,0.0,0.008001540238737004,0.0,0.0010922859709921705,155.1947235955056,1.0,-0.27777777777777773,-0.9089530104241516,-0.4638519113866011,0.34402039195962947,-0.0230371415138693,-0.2670111972437554,0.0,-0.24668054230008862,0.37781316358840045,0.42576534885874623,Banks—Regional,Financial Services,PPBI
2007Q2,2007,Q2,2007-06-30,2007-06-30,1161000.0,6381000.0,0.0,0.18,6381000.0,1.0,719540000.0,58744000.0,0.0,0.0,660796000.0,0.0,-6525000.0,55350404.059999995,328483404.06,11.345416003093222,0.0,0.3910039747616533,4.789306141903854,0.0,11.345416003093222,0.01976372055018385,8.674252320952828,11.918691658053403,0.9422307650142993,0.0,0.0,0.0,0.008868165772576923,0.0,0.001613530866942769,-41.21400153387937,1.0,0.28571428571428553,0.18191182164290223,-0.4297462549402092,0.6317870049694816,0.025884244372990355,0.22857142857142856,0.0,-0.1271612241090477,0.4449488467980883,0.4399463341675426,Banks—Regional,Financial Services,PPBI
2007Q1,2007,Q1,2007-03-31,2007-03-31,945000.0,6220000.0,0.0,0.14,6220000.0,1.0,732030000.0,58496000.0,0.0,0.0,673534000.0,0.0,-7686000.0,56731665.6,364708665.6,11.135876116424123,0.0,0.434926164228242,5.442748222100657,0.0,11.135876116424123,0.01615495076586433,9.12084655948553,15.008377142857142,0.969838375273523,0.0,0.0,0.0,0.008496919525156073,0.0,0.0012909306995614934,2181.9871384615385,1.0,-0.42411082223962404,-0.38167789549299985,-0.5406970848275225,0.764135493505815,-0.020780856423173802,-0.25998433829287393,0.0,-0.6769019190037434,0.07917689478170514,0.447292644182845,Banks—Regional,Financial Services,PPBI
