Quarters,Year,Quarter,FillingDate,Date,NetIncome,Revenue,OperatingIncome,EPSDiluted,GrossProfit,GrossProfitRatio,TotalAssets,CommonStockEquity,CurrentAssets,CurrentLiability,TotalLiability,Inventory,RetainedEarnings,MarketCap,EnterpriseValue,bookValuePerShare,currentRatio,debtToAssets,debtToEquity,roic,shareholdersEquityPerShare,roe,priceToSalesRatio,peRatio,pbRatio,payoutRatio,inventoryTurnover,dividendYield,assetTurnover,quickRatio,returnOnAssets,priceToFreeCashFlowsRatio,grossProfitMargin,epsdilutedGrowth,fiveYNetIncomeGrowthPerShare,fiveYRevenueGrowthPerShare,fiveYShareholdersEquityGrowthPerShare,grossProfitGrowth,netIncomeGrowth,operatingIncomeGrowth,threeYNetIncomeGrowthPerShare,threeYRevenueGrowthPerShare,threeYShareholdersEquityGrowthPerShare,Industry,Sector,Symbol
2023Q1,2023,Q1,2023-04-21,2023-03-31,33141000.0,149423000.0,56427000.0,0.25,107241000.0,0.7177007556,4950852000.0,2527965000.0,203467000.0,375283000.0,2422887000.0,0.0,236808000.0,7033625200.0,9070589200.0,19.12068587333883,0.5421695094102318,0.4247347729239331,0.8318149183236319,0.009971276566174471,19.12068587333883,0.01310975428852852,47.07190459300108,53.058335596391174,2.782326970507899,1.1983042153224104,0.0,0.005646163801847161,0.03018126980972164,0.5421695094102318,0.006693999335871887,100.02595636963508,0.7177007555731045,-0.5967741935483871,-0.17222813729486935,0.35759140528837763,0.5864343021231252,0.0022429696918720384,-0.5958266765857287,-0.027908419039743657,-0.2169555634166682,0.3001188052346014,0.38415295229356644,REIT—Industrial,Real Estate,FR
2022Q4,2022,Q4,2023-02-16,2022-12-31,81997000.0,144614000.0,58047000.0,0.62,107001000.0,0.7399076161,4954322000.0,2530299000.0,475271000.0,363138000.0,2424023000.0,11874000.0,23131000.0,6376931620.0,8332254620.0,19.149057417680137,1.3087889452494643,0.4215646459798132,0.8254230033683766,0.012648686192382278,19.149057417680137,0.03240605161682473,44.09622595322721,19.442576008878373,2.5202284868310025,0.48433479273631963,3.167677278086576,0.006227760052412166,0.029189463260563202,0.7493542399859007,0.016550599658237797,98.29567044315992,0.7399076161367503,-0.3404255319148936,-0.24102302154296026,0.28426932042048675,0.6073245099308682,0.029073457846852217,-0.33813605837530675,0.031030195381882772,-0.1884047743318856,0.251773353802646,0.37488226403809743,REIT—Industrial,Real Estate,FR
2022Q3,2022,Q3,2022-10-21,2022-09-30,123888000.0,139753000.0,56300000.0,0.94,103978000.0,0.7440126509,4864392000.0,2486444000.0,480951000.0,614141000.0,2377948000.0,0.0,-19757000.0,5919042520.0,7773798520.0,18.823577506586318,0.7831279787540646,0.41156448740150875,0.8051703557369481,0.012459397121562854,18.823577506586318,0.04982537310311433,42.35359899250821,11.944341905592148,2.3805251676691697,0.32051530414567997,0.0,0.006708517444473434,0.028729798091930093,0.43436767778083535,0.02546834218952749,67.9311227663457,0.7440126508912153,6.833333333333333,1.5933473921527912,0.2725160020883947,0.6673125897108599,0.09233209719610459,7.01086323957323,0.13188580619219945,0.5147878506631928,0.25542281898059455,0.4066410463242896,REIT—Industrial,Real Estate,FR
2022Q2,2022,Q2,2022-07-22,2022-06-30,15465000.0,130049000.0,49740000.0,0.12,95189000.0,0.7319471891,4663118000.0,2371559000.0,432797000.0,532366000.0,2291559000.0,8415000.0,-104544000.0,6269781480.0,8063611480.0,17.95941719487168,0.812968897337546,0.4136852209187072,0.8134155633488351,0.004486371751665233,17.95941719487168,0.0065210268856899616,48.21091650070358,101.35437245392822,2.6437383510171997,2.5674102812803103,4.142602495543672,0.006332756592339802,0.027888850335762466,0.48277125135714904,0.003316450495140805,31.507864576789906,0.7319471891364024,-0.5714285714285715,-0.6342756882694266,0.1838679660128503,0.5861192111056214,0.056505138848809075,-0.5836586350787455,0.06530166413227388,-0.628631417304164,0.1940305963694743,0.3849833591372888,REIT—Industrial,Real Estate,FR
2022Q1,2022,Q1,2022-04-22,2022-03-31,37145000.0,125513000.0,46691000.0,0.28,90098000.0,0.7178379929,4378873000.0,2272375000.0,329965000.0,445316000.0,2106498000.0,0.0,-182527000.0,8160419010.0,9903925010.0,17.239646160032166,0.7409682113375671,0.4083155643015908,0.7868252379118763,0.011464286139536487,17.239646160032166,0.016346333681720667,65.01652426441882,54.922728563736705,3.5911409912536443,0.9747206891910082,0.0,0.004436781978429317,0.02866331131320776,0.3452739178471018,0.00848277627599613,136.2385891014725,0.7178379928772318,-0.6853932584269663,0.4498767801279516,0.14244237412953445,0.6212738985198324,0.01648295858388709,-0.6825620646925608,-0.6319079829084087,0.49401761400692856,0.1494474250378426,0.33606492801416615,REIT—Industrial,Real Estate,FR
2021Q4,2021,Q4,2022-02-18,2021-12-31,117015000.0,121551000.0,126846000.0,0.89,88637000.0,0.7292165429,4179098000.0,2194812000.0,318658000.0,190274000.0,1930726000.0,0.0,-178293000.0,8666506800.0,10240527800.0,16.765296301388698,1.6747322282602983,0.39066133409649645,0.7438504983570347,0.032203806563403575,16.765296301388698,0.05331436132115188,71.29934595355036,18.51580310216639,3.948632866960815,0.3060889629534675,0.0,0.004132807003624574,0.029085462939610413,25.273374186699183,0.028000061257237807,122.76722621223067,0.7292165428503262,1.719987277953164,3.388659442875391,0.10721799566504853,0.5778493895121487,0.010845516958237347,1.7567968713188522,1.760822722820764,1.2192165064781535,0.11502041746050834,0.2857257984176649,REIT—Industrial,Real Estate,FR
2021Q3,2021,Q3,2021-10-22,2021-09-30,42446000.0,121082000.0,45945000.0,0.3272074127750112,87686000.0,0.7241869146528799,3975444000.0,2023057000.0,315892000.0,183479000.0,1901862000.0,0.0,-257092000.0,6751286640.0,8329380640.0,15.606033957402822,1.7216793202491838,0.4101081539571429,0.8058902937485202,0.012284497846275985,15.606033957402822,0.020981119167675453,55.757970961827525,39.76397446166894,3.337170747042718,0.8369457663855251,0.0,0.005261959963234504,0.030457478460267584,0.8366025539707541,0.010677046387774548,86.60714327864225,0.7241869146528799,-0.18198146806247206,0.20990607321945054,0.16269928741266662,0.49179977192518176,0.02377116170461179,-0.1827248921749846,0.02704817257181178,0.33222720374870124,0.17171987256843477,0.20496420158823317,REIT—Industrial,Real Estate,FR
2021Q2,2021,Q2,2021-07-23,2021-06-30,51936000.0,117398000.0,44735000.0,0.4,85650000.0,0.7295694986285968,3863828000.0,1951509000.0,328486000.0,156279000.0,1861780000.0,0.0,-264317000.0,6742788540.0,8305295540.0,15.116492896869046,2.1019202835953648,0.41877666397158464,0.8291434986976745,0.012095803550666626,15.116492896869046,0.026613251591460763,57.43529310550435,32.457199919131234,3.455166509608718,0.6839956869993838,0.0,0.005268443432455617,0.030383857666542093,0.9824352600157411,0.013441592120560232,87.47893122640409,0.7295694986285968,-0.1666666666666666,-0.06939165746321439,0.13595383797549945,0.45956928106018297,0.03171639543707915,-0.16498922794945176,0.05313338669428881,0.10001541120061545,0.1372636675252484,0.15517240723266215,REIT—Industrial,Real Estate,FR
2021Q1,2021,Q1,2021-04-23,2021-03-31,62198000.0,116259000.0,42478000.0,0.48,83017000.0,0.7140694483867915,3816853000.0,1930912000.0,418211000.0,130228000.0,1835968000.0,0.0,-281323000.0,5910939520.0,7429766520.0,14.958106098165592,3.2113754338544704,0.42352954122152464,0.8371950663727814,0.011927408937040742,14.958106098165592,0.032211721714920205,50.84285534883321,23.758559439210263,3.0612164200129266,0.5280555644876042,0.0,0.005556477086065669,0.030459386305943668,1.509828915440612,0.01629562364597222,142.75907547397657,0.7140694483867915,-0.2615384615384616,2.4027911083730036,0.06756598952594833,0.5683069218607291,0.030230451347091746,-0.2571333022800291,0.04633347291671799,0.5911209319934642,0.08183226341544739,0.2410670185223478,REIT—Industrial,Real Estate,FR
2020Q4,2020,Q4,2021-02-16,2020-12-31,83727000.0,112289000.0,40597000.0,0.65,80581000.0,0.7176214945364194,3791938000.0,1902734000.0,424922000.0,153995000.0,1844618000.0,0.0,-306294000.0,5431357470.0,6886734470.0,14.759143338064986,2.759323354654372,0.42655417889216546,0.8500752075697391,0.011141774687866915,14.759143338064986,0.04400352335113579,48.36945266232667,16.21746112365187,2.8545017170030076,0.3922868369820966,0.0,0.006047291157214146,0.029612562230711577,1.6388259359070099,0.022080266080299837,106.6184576577284,0.7176214945364194,1.3214285714285714,0.6481508051968478,0.03159530738650659,0.518303374686115,-0.061254208460023996,1.3284017909285575,-0.07702625895191542,-0.20566502639325251,0.02209319712116273,0.23884598157566617,REIT—Industrial,Real Estate,FR
2020Q3,2020,Q3,2020-10-23,2020-09-30,35959000.0,116194000.0,43985000.0,0.28,85839000.0,0.73875587379727,3738857000.0,1845191000.0,379814000.0,150068000.0,1850258000.0,0.0,-357682000.0,5090539400.0,6547865400.0,14.426487259876625,2.530945971159741,0.4355467459707606,0.8825357374927582,0.012592715753147911,14.426487259876625,0.019487955447430646,43.81069074134637,35.391274785172,2.75881434496483,0.9005534080480547,0.0,0.006361408380416426,0.031077412160989307,1.724331636324866,0.009617645178727081,70.43974373166547,0.73875587379727,0.0,1.2293445659239959,0.08785395096701906,0.5331858246838576,0.05776885066111323,0.00813030923210631,0.08111097456064889,-0.22261734711089926,0.09265133411060382,0.27783700124375305,REIT—Industrial,Real Estate,FR
2020Q2,2020,Q2,2020-07-24,2020-06-30,35669000.0,109202000.0,40685000.0,0.28,81151000.0,0.743127415248805,3651884000.0,1758909000.0,355129000.0,135547000.0,1855211000.0,0.0,-361310000.0,4884724560.0,6441936560.0,13.841611974125312,2.619969457088685,0.4524149726552103,0.9393135176407648,0.011775540482127879,13.841611974125312,0.020279047978036386,44.73109063936558,34.236483781434856,2.7771331888119284,0.9077910790882839,0.0,0.006628828217900582,0.029902921341422674,1.3454447534803426,0.0097672872413253,62.94585912734208,0.743127415248805,-0.12499999999999993,1.2105409809495937,0.048337156086455856,0.4612688596824306,-0.0013659521055351825,-0.12218831520401634,-0.009615384615384616,-0.12344366175044601,0.033027393695569854,0.22244761211398698,REIT—Industrial,Real Estate,FR
2020Q1,2020,Q1,2020-04-29,2020-03-31,40634000.0,110343000.0,41080000.0,0.32,81262000.0,0.7364490724377623,3662774000.0,1753466000.0,404551000.0,136069000.0,1871793000.0,4857000.0,-365050000.0,4218016819.9999995,5757052820.0,13.813997825641673,2.9731312789834567,0.4490539137822863,0.9380181879774115,0.012028298777599157,13.813997825641673,0.023173531736572023,38.226410556174834,25.95127737854998,2.4055309997456464,0.7316532952699709,5.987440807082561,0.007048336047175839,0.030125527810342653,1.5941691347772087,0.01109377755766531,104.7460036256177,0.7364490724377623,-0.5789473684210527,13.880884870895704,0.0661520969879523,0.4634292998022919,0.014304258824704178,-0.5804916323391252,0.0062461726883037355,0.6470015093326204,0.04295139465593658,0.2991144888370943,REIT—Industrial,Real Estate,FR
2019Q4,2019,Q4,2020-02-13,2019-12-31,96861000.0,110758000.0,40825000.0,0.76,80116000.0,0.7233427833655357,3518828000.0,1764399000.0,421781000.0,145204000.0,1720565000.0,0.0,-370835000.0,5258569820.0,6743383820.0,13.927779795077438,2.904747803090824,0.42160770574748185,0.8408330542014589,0.012481670986156254,13.927779795077438,0.054897446665975215,47.47801350692501,13.57246420127812,2.980374518462094,0.30687273515656455,0.0,0.005652487466639742,0.03147582092674038,0.7393184760750393,0.027526494616957692,94.84983712415,0.7233427833655357,0.22580645161290325,3.483050587244999,0.09092263396453625,0.4621280856802873,0.024579891040233268,0.23687604551084776,-0.006690997566909975,2.7541400842686428,0.04260759922895892,0.31079931137884337,REIT—Industrial,Real Estate,FR
2019Q3,2019,Q3,2019-10-25,2019-09-30,78311000.0,106590000.0,41100000.0,0.62,78194000.0,0.7335960221409138,3376725000.0,1692547000.0,291952000.0,156375000.0,1651405000.0,1065000.0,-438337000.0,5003548800.0,6407960800.0,13.381933902593296,1.8669992006394884,0.41750512700915826,0.8329458502481762,0.013112397681499188,13.381933902593296,0.04626813908269608,46.94200956937799,15.97332686340361,2.956224435717295,0.37958907433183076,26.662910798122066,0.00594098332767335,0.03156608844368434,0.696722621902478,0.023191405874034753,71.41703372775153,0.7335960221409138,1.0,2.1955675438157085,0.0652903788897258,0.4019986451184811,0.019265863705094113,0.9676130653266332,0.023406374501992032,1.2878701471070357,0.04905437036403679,0.2791953418976691,REIT—Industrial,Real Estate,FR
2019Q2,2019,Q2,2019-07-29,2019-06-30,39800000.0,104095000.0,40160000.0,0.31,76716000.0,0.7369806426821653,3254901000.0,1636544000.0,221970000.0,131335000.0,1580498000.0,0.0,-487370000.0,4640594620.0,6000843620.0,12.967244029602396,1.6901054555145238,0.4244089144339567,0.8441013501622933,0.0118708175290175,12.967244029602396,0.024319541668296116,44.580379653201405,29.14946369346734,2.835606387607055,0.74678391959799,0.0,0.006404782669855356,0.031981003416079325,0.8808314615296761,0.012227714452759086,59.199563969434486,0.7369806426821653,0.631578947368421,7.5741461600072,0.05003089937873657,0.375252092685548,0.0315033681577992,0.6720581439314373,0.0704765966520951,-0.27050717068787566,0.030313442907079175,0.2520490814068935,REIT—Industrial,Real Estate,FR
2019Q1,2019,Q1,2019-04-26,2019-03-31,23803000.0,104541000.0,37516000.0,0.19,74373000.0,0.7114242259017993,3178654000.0,1628319000.0,218191000.0,119715000.0,1512690000.0,0.0,-497958000.0,4479887000.0,5798290000.0,12.903299681442858,1.8225869774046695,0.41730115954740593,0.8146167919185369,0.012529688753079483,12.903299681442858,0.014618143005148253,42.85291895045963,47.051705667352856,2.751234248326034,1.1780867957820442,0.0,0.006259532885539301,0.032888449010178525,0.8424675270433948,0.007488389739808108,107.35668240312492,0.7114242259017993,-0.5282652920691758,3.1683129516952797,0.05441975395208427,0.3545654901765272,-0.003817407377642048,-0.5316859149664548,0.0,0.33210277065292826,-0.018021538175762006,0.3528674066385908,REIT—Industrial,Real Estate,FR
2018Q4,2018,Q4,2019-02-20,2018-12-31,50827000.0,105082000.0,37516000.0,0.4027687528725613,74658000.0,0.710473725281209,3142691000.0,1645514000.0,227827000.0,107510000.0,1462780000.0,0.0,-490807000.0,3641958840.0,4896639840.0,13.039558140640601,2.1191238024369827,0.4129527847313019,0.7886794035176851,0.012746005154304477,13.039558140640601,0.030888220944944863,34.65825583829771,17.91350483010998,2.2132651803630963,0.551753989021583,0.0,0.007700251768907965,0.033436949416916904,1.1102781136638453,0.016173082240665722,61.2402697158231,0.710473725281209,0.6782031369690055,1.046459267344969,0.17248643630934432,0.2669842666004697,0.03994985374007522,0.6443013813852674,0.026036538671917735,0.02212524522086864,-0.01376889591273463,0.34140611523771996,REIT—Industrial,Real Estate,FR
2018Q3,2018,Q3,2018-10-26,2018-09-30,30911000.0,100256000.0,36564000.0,0.24,71790000.0,0.7160668688158315,3125327000.0,1628878000.0,252078000.0,111148000.0,1462302000.0,0.0,-514065000.0,3932765360.0,5179168360.0,12.951450289421793,2.267949040918415,0.4156784234097744,0.7975618800180246,0.012607675294136821,12.951450289421793,0.018976866284645014,39.22723188637089,31.807167027918865,2.414401422328744,0.9072498463330206,0.0,0.007130860204688133,0.03207856329913638,1.1416399755281246,0.009890485059643359,68.73300989199203,0.7160668688158315,-0.3333333333333333,2.14914492511567,0.04624424976893534,0.27322294759032406,0.021311102259147556,-0.31626446061624897,0.047378974505872244,0.9489164607001066,-0.04542987027216699,0.37642515708352364,REIT—Industrial,Real Estate,FR
2018Q2,2018,Q2,2018-07-27,2018-06-30,45209000.0,98845000.0,34910000.0,0.36,70292000.0,0.71113359299914,3110354000.0,1617629000.0,248202000.0,100371000.0,1454542000.0,0.0,-517526000.0,4121357440.0000005,5360075440.0,13.085919298472689,2.4728457422960815,0.4181363278906517,0.8039865754137692,0.011931307541738299,13.085919298472689,0.02794769381607278,41.69515342202438,22.790580636598907,2.547776678088734,0.5971377380610056,0.0,0.006550269029807809,0.031779340872453744,1.3752777196600612,0.014535001482146405,72.5680531051362,0.71113359299914,0.2,2.5567766574170006,0.020839009222463678,0.21577256316030827,-0.0009664582148948267,0.2457015320180756,0.02973275912925491,1.8801463206272144,-0.024545298399633788,0.3814898443130118,REIT—Industrial,Real Estate,FR
2018Q1,2018,Q1,2018-04-26,2018-03-31,36292000.0,99771000.0,33902000.0,0.3,70360000.0,0.7052149422176784,3044595000.0,1444458000.0,240949000.0,98555000.0,1557131000.0,0.0,-535169000.0,3503098580.0,4885197580.0,12.05261752582481,2.444817614529958,0.4604490909299923,0.970523892006552,0.01188345974955193,12.05261752582481,0.025124994980816336,35.11139088512694,24.13134148021603,2.4251993342831706,0.73197949961424,0.0,0.0075832864515048845,0.03276987579628818,0.9734462990208513,0.01192014044560935,94.61696683232498,0.7052149422176784,-0.6330758161796974,34.79466187957084,0.007514129249652914,-0.005013898828248943,-0.029128892936484938,-0.6296243379223775,-0.07290527236928462,13.07681830536293,0.02101735848858208,0.2768319388224114,REIT—Industrial,Real Estate,FR
2017Q4,2017,Q4,2018-02-26,2017-12-31,97987000.0,102130000.0,36568000.0,0.8176075964153998,72471000.0,0.7095956134338588,2941062000.0,1427800000.0,204755000.0,113548000.0,1465185000.0,0.0,-541847000.0,3771553620.0,5047404620.0,11.913622482185472,1.8032462042484236,0.44099614356990774,0.9083884297520661,0.01342614840173653,11.913622482185472,0.06862795909791287,36.92894957407226,9.622586720687437,2.641513951533828,0.26550460775408985,0.0,0.006897953104004922,0.0347255515184651,0.8478616972557861,0.033316876692840884,84.39934701367288,0.7095956134338588,1.2711322122649995,41.54354706161762,0.029403563900545927,0.05531611002551586,0.022763837534223376,1.2683226075281262,0.054744736083068936,3.7938508759954734,0.06331893360957369,0.2506833314202773,REIT—Industrial,Real Estate,FR
2017Q3,2017,Q3,2017-10-27,2017-09-30,43198000.0,99310000.0,34670000.0,0.36,70858000.0,0.7135031718860135,2927826000.0,1348518000.0,180097000.0,109032000.0,1533553000.0,0.0,-614493000.0,3594130140.0,4952925140.0,11.289771109957638,1.6517811284760437,0.46734027227027836,1.014662763122183,0.012767298561970473,11.289771109957638,0.03203368438537713,36.19101943409526,20.800327214222882,2.665244468371946,0.6022269549516182,0.0,0.007238190879754844,0.03391936542677058,0.7672243011226062,0.014754292092494568,66.19755663609239,0.7135031718860135,0.12499999999999993,2.9912798075553937,0.01055151337326897,-0.03808472119113827,0.002490025749129906,0.15004525850593686,-0.0053647760851478895,0.8665478084397198,0.05098077218972689,0.18280690332740399,REIT—Industrial,Real Estate,FR
2017Q2,2017,Q2,2017-07-28,2017-06-30,37562000.0,97579000.0,34857000.0,0.32,70682000.0,0.7243566751042745,2863963000.0,1328161000.0,175705000.0,92718000.0,1490686000.0,0.0,-632390000.0,3357097380.0,4686031380.0,11.322867202618948,1.8950473478720422,0.468072038640164,1.0093211591064637,0.012679896125426388,11.322867202618948,0.028281209883440336,34.4038920259482,22.343707603429,2.527628337227189,0.6782386454395399,0.0,0.007588698544097639,0.03407132005546161,0.9171897581915054,0.013115392901374773,62.38566453579127,0.7243566751042745,0.6842105263157895,3.95693340833238,-0.12682098296686906,-0.03653462967251794,0.025908239836277342,0.6540578625214672,0.0768303985171455,7.706472075103864,0.0590446375655706,0.2008563099494419,REIT—Industrial,Real Estate,FR
2017Q1,2017,Q1,2017-04-28,2017-03-31,22709000.0,97383000.0,32370000.0,0.19,68897000.0,0.7074848792910466,2805058000.0,1242374000.0,183601000.0,92417000.0,1519528000.0,0.0,-644586000.0,3111369310.0,4463668310.0,10.6333952429453,1.9866582987978403,0.48886582737326645,1.1037714891007055,0.012338657315851025,10.6333952429453,0.018278714783149037,31.949819886427814,34.252601501607295,2.5043741337149683,1.0135629045752785,0.0,0.0073977074743338655,0.03471692920431592,0.9967971260698789,0.008095732779856958,80.5324009317976,0.7074848792910466,-0.06711085896789376,12.33370242316944,-0.13150484272728047,-0.11645722137849593,0.006780354507328335,-0.045679946209446966,-0.025176172980786605,3.2952153285580446,0.0608850814140387,0.116274952539142,REIT—Industrial,Real Estate,FR
2016Q4,2016,Q4,2017-02-24,2016-12-31,23796000.0,97976000.0,33206000.0,0.2036683584823301,68433000.0,0.6984669715032252,2793263000.0,1241441000.0,172988000.0,107846000.0,1508638000.0,0.0,-641859000.0,3277277850.0,4614510850.0,10.62540975889487,1.6040279658030896,0.48226464890703097,1.0851035208278121,0.012396482291053283,10.62540975889487,0.019168047454530664,33.44980250265371,34.43097421835603,2.6398981908926804,0.9673054294839469,0.0,0.0070235119063829145,0.035075823508205276,0.7603249077388128,0.00851906891689039,71.05671588395994,0.6984669715032252,-0.24567274636174047,222.1973181722497,-0.1482866356909139,-0.104006668241662,0.03650243097102525,-0.24502680922618103,0.06344275420336269,0.03483449673907477,0.18074879635168284,0.03241435373066444,REIT—Industrial,Real Estate,FR
2016Q3,2016,Q3,2016-10-28,2016-09-30,31519000.0,93562000.0,31225000.0,0.27,66023000.0,0.7056604176909429,2767563000.0,1218386000.0,168597000.0,126088000.0,1504722000.0,0.0,-643327000.0,3286698740.0,4603716740.0,10.461212188860364,1.337137554723685,0.47879379800929556,1.0875797981920343,0.012257361274071716,10.461212188860364,0.025869469938098435,35.128564374425515,26.069186363780574,2.697584131794029,0.7303531203401123,0.0,0.007003988445865288,0.03380663782540813,0.6211138252648943,0.011388719967711666,61.90922300288195,0.7056604176909429,-0.3720930232558139,6.828294086035494,-0.10108260285466086,-0.126573827694883,-0.0017689749017236165,-0.3724939775826714,0.007843263830611322,2.4675225049682945,0.05436134027629694,0.028414202334343733,REIT—Industrial,Real Estate,FR
2016Q2,2016,Q2,2016-07-29,2016-06-30,50229000.0,93015000.0,30982000.0,0.43,66140000.0,0.7110681072945224,2728198000.0,1203369000.0,157942000.0,117035000.0,1480211000.0,0.0,-652553000.0,3232433620.0,4540090620.0,10.356817653690905,1.3495279189985903,0.4809156080313819,1.0902998165982338,0.01228791253471867,10.356817653690905,0.041740314068253376,34.75174563242488,16.088482848553625,2.6861533079213444,0.43705827310916007,0.0,0.006791477437980613,0.03409393306497549,0.6274362370231128,0.018411053743166737,68.31731205748706,0.7110681072945224,2.071428571428571,164.8784661216691,-0.1788843779324735,-0.24889560050144727,0.01597542242703533,2.2017465578786335,0.17811240398509393,3.204248939668899,0.022016103797186062,-0.037779887082038534,REIT—Industrial,Real Estate,FR
2016Q1,2016,Q1,2016-04-29,2016-03-31,15688000.0,93467000.0,26298000.0,0.14,65100000.0,0.6965025089068869,2732419000.0,1056715000.0,154426000.0,102064000.0,1634482000.0,0.0,-680473000.0,2519432820.0,3996179820.0,9.537741554069301,1.51303103934786,0.5416178851047369,1.4004977690294924,0.010330479260740145,9.537741554069301,0.014846008621056766,26.955319203569175,40.14904417389087,2.3842122237310908,0.9373406425293218,0.0,0.005836631119221508,0.03420668645621334,0.7148651826305064,0.005741432774402462,93.97712783020627,0.6965025089068869,-0.641025641025641,3.681581305078047,-0.1711427233446853,-0.2814051935707529,0.0133715228592332,-0.6393563218390804,-0.09410954185325525,16.80214365022741,0.020977908216420316,-0.21262578335922278,REIT—Industrial,Real Estate,FR
2015Q4,2015,Q4,2016-02-25,2015-12-31,43500000.0,93207000.0,29030000.0,0.39,64241000.0,0.6892293497269518,2718051000.0,1073100000.0,167130000.0,108511000.0,1602916000.0,0.0,-674759000.0,2442974960.0,3881398960.0,9.720813102398724,1.5402125130171134,0.5306784162622409,1.3441533873823501,0.011542951822591872,9.720813102398724,0.04053676265026559,26.210209104466404,14.040085977011493,2.2765585313577485,0.3373563218390805,0.0,0.0060070202275016365,0.03429185103590771,0.6629189667406991,0.016004114713079335,58.92508164692829,0.6892293497269518,2.0,2.2116008828464016,1.2389987757882917,-0.18917657945968197,0.001996474973874253,2.125673636559603,-0.020051309748852282,20.540176350105003,0.01992164196693238,-0.13892431249620804,REIT—Industrial,Real Estate,FR
2015Q3,2015,Q3,2015-11-02,2015-09-30,13917000.0,92157000.0,29624000.0,0.13,64113000.0,0.6956932191803119,2706680000.0,1038393000.0,206910000.0,104735000.0,1626946000.0,0.0,-683413000.0,2311958200.0,3715863200.0,9.409483852259958,1.9755573590490285,0.5434125940266304,1.4164617827739594,0.01181741204844387,9.409483852259958,0.013402440116603251,25.087168636131818,41.53118847452755,2.226477066004875,1.0545376158654882,0.0,0.0063478656318267344,0.03404798498529564,1.2965293359430945,0.0051417234397860105,50.2730755849352,0.6956932191803119,0.030568239472349046,1.0532686934260036,-0.37879081409673937,-0.2872604325166789,0.023695093327372303,-0.006779902940336854,0.04218117854001759,0.3917775352658931,0.015007996517602342,-0.19828965573881482,REIT—Industrial,Real Estate,FR
2015Q2,2015,Q2,2015-08-04,2015-06-30,14012000.0,90456000.0,28425000.0,0.126144,62629000.0,0.6923697709383567,2572258000.0,1045252000.0,136588000.0,85104000.0,1485432000.0,0.0,-683084000.0,2066818040.0,3411575040.0,9.47232392068728,1.6049539387102838,0.5247856163728521,1.2914435944633447,0.011802198313890492,9.47232392068728,0.013405379755312594,22.84887724418502,36.875857122466456,1.9773394741172463,1.047245218384242,0.0,0.00709980255446193,0.03516599034778004,0.8535673998871969,0.005447354036803462,44.21190296911098,0.6923697709383567,5.3072,1.5889559699737905,-0.4114504991964754,-0.3951531820579407,0.041196322588153145,4.904761904761905,0.14252984444712408,2.1725268806109987,-0.13957276153149542,-0.19399778247015387,REIT—Industrial,Real Estate,FR
2015Q1,2015,Q1,2015-04-29,2015-03-31,2373000.0,89942000.0,24879000.0,0.02,60151000.0,0.6687754330568588,2553758000.0,1041268000.0,136550000.0,90178000.0,1471064000.0,0.0,-682920000.0,2363943300.0,3690269300.0,9.439470582902729,1.5142274168866021,0.5207552947460174,1.2771764809828017,0.010235939957768376,9.439470582902729,0.0022789522005862086,26.282974583620554,249.04585967130214,2.270254439779192,4.966708807416772,0.0,0.00498573717906009,0.03521946872021546,0.7953381090731664,0.0009292188218304162,84.56547542391071,0.6687754330568588,-0.8823529411764707,1.0785966290169575,-0.4385706558738009,-0.4143745558983699,0.016940269488917817,-0.8736489004845323,-0.041899333769784726,0.47576089772074404,-0.1504043015170794,-0.21566198970483155,REIT—Industrial,Real Estate,FR
2014Q4,2014,Q4,2015-02-26,2014-12-31,18781000.0,88252000.0,25967000.0,0.17,59149000.0,0.6702284367493088,2581995000.0,1048950000.0,141559000.0,91682000.0,1491168000.0,0.0,-670650000.0,2264026080.0,3604372080.0,9.525690622786465,1.5440217272747103,0.5227918721763598,1.2868544735211402,0.010758076035671558,9.525690622786465,0.017904571237904572,25.654105062774782,30.13718758319578,2.158373687973688,0.6274426281880624,0.0,0.005204887039110433,0.034179771843090324,0.8178922798368273,0.007273832830814932,54.801783457991434,0.6702284367493088,-0.1052631578947368,-0.3493215920509441,-0.43762583321990484,-0.41684644925623676,-0.006082909042025844,-0.11937919069723825,-0.0013076420137687012,185.90710322022798,-0.18600751478918975,-0.19674106956066154,REIT—Industrial,Real Estate,FR
2014Q3,2014,Q3,2014-10-31,2014-09-30,21327000.0,87077000.0,26001000.0,0.19,59511000.0,0.6834296082777312,2576511000.0,1050626000.0,147056000.0,93819000.0,1483476000.0,0.0,-678032000.0,1861317520.0,3190822520.0,9.544897885020713,1.5674436947739796,0.5215440570601095,1.2790127029028409,0.010728696988101817,9.544897885020713,0.020299326306411607,21.375535675321842,21.81879214141698,1.7716271251615705,0.5525859239461716,0.0,0.006331536598871105,0.03379647903696122,0.8211556294567198,0.008277472908130414,42.0731808318264,0.6834296082777312,3.75,1.9641573867272155,-0.6585672351564346,-0.5269981492470109,0.018605367657127208,4.28026739291904,0.13999473868817958,5.172773651368046,-0.11478293359373411,-0.20307862279724498,REIT—Industrial,Real Estate,FR
2014Q2,2014,Q2,2014-07-30,2014-06-30,4039000.0,86260000.0,22808000.0,0.04,58424000.0,0.6773011824715975,2590890000.0,1035445000.0,154736000.0,85690000.0,1513273000.0,0.0,-688032000.0,2068914600.0,3447040600.0,9.428994217547693,1.8057649667405764,0.5337744944787313,1.33561029315898,0.009192932359678045,9.428994217547693,0.0039007383298968077,23.984634824947832,128.05859123545432,1.9980922212188963,2.9319138400594205,0.0,0.005723774195416283,0.03329357865443921,0.7955537402263975,0.0015589237675084624,75.26610157159487,0.6773011824715975,1.0,1.5663437838140746,-0.676901062744599,-0.5312815531432628,0.06508185364786524,-0.1861777150916784,0.11117606937542629,13.113026453581025,-0.19430326850597332,-0.3161838629916801,REIT—Industrial,Real Estate,FR
2014Q1,2014,Q1,2014-05-06,2014-03-31,4963000.0,86168000.0,20526000.0,0.02,54854000.0,0.6365936310463282,2582738000.0,1044750000.0,164696000.0,77414000.0,1495240000.0,0.0,-679129000.0,2118940320.0,3488044320.0,9.525785039571101,2.1274704833751,0.5316110267475834,1.3142014836085187,0.008428060740777258,9.525785039571101,0.004750418760469012,24.590803082350757,106.7368688293371,2.028179296482412,2.2589159782389685,0.0,0.005290852174637934,0.03336304340587392,0.8710181620895445,0.0019216041270930307,87.7953312616532,0.6365936310463282,-0.888888888888889,1.1894647720066183,-0.6933071000637915,-0.5303307156787913,0.048613102406759576,-0.7696876885238294,0.03042168674698795,1.8569754544875878,-0.22808730531541277,-0.282306024147121,REIT—Industrial,Real Estate,FR
2013Q4,2013,Q4,2014-02-28,2013-12-31,21549000.0,77760000.0,19920000.0,0.18,52311000.0,0.6727237654320988,2597510000.0,1126850000.0,183904000.0,85594000.0,1426291000.0,0.0,-669896000.0,1910600500.0,3199829500.0,10.291807471001919,2.1485618150804964,0.4992496660263098,1.1508239783467187,0.008895589248198471,10.291807471001919,0.01912321959444469,24.57047968106996,22.165767553018703,1.6955233615831742,0.48791127198477885,0.0,0.005502981915895029,0.029936362131425864,0.8142977311493796,0.008296021959491974,47.540384184727166,0.6727237654320988,2.6,1.128845275976813,-0.7925313761137219,-0.4742508395946289,-0.07644639042389788,1.522120786516854,-0.13013100436681221,1.6051465911148488,0.8833226264402834,-0.14154932830454384,REIT—Industrial,Real Estate,FR
2013Q3,2013,Q3,2013-11-04,2013-09-30,8544000.0,83410000.0,22900000.0,0.05,56641000.0,0.6790672581225273,2611115000.0,1113589000.0,171704000.0,79496000.0,1453657000.0,0.0,-680821000.0,1781141980.0,3103324980.0,10.172177868717686,2.15990741672537,0.5091794118604505,1.1939108593924688,0.009176702834784715,10.172177868717686,0.007672489580985444,21.354058026615515,52.116748010299624,1.599460824415471,1.356507490636704,0.0,0.006507061273127704,0.03194420774266932,0.8592130421656435,0.003272165339328218,44.63120126290468,0.6790672581225273,0.0,-0.6180378961184698,-0.7593194799724268,-0.5312837466437471,-0.004779224430270764,-0.23144733291355582,0.0281045164766095,1.0329664832602496,-0.4332224685519091,-0.229488697961692,REIT—Industrial,Real Estate,FR
2013Q2,2013,Q2,2013-08-05,2013-06-30,11117000.0,84687000.0,22274000.0,0.05,56913000.0,0.6720393921144922,2611718000.0,1163713000.0,166885000.0,77949000.0,1403971000.0,0.0,-676256000.0,1654190100.0,2933802100.0,10.763459955418666,2.140951134716289,0.491762893237325,1.1036621572501124,0.009111049794486318,10.763459955418666,0.009553042717577271,19.53298735343087,37.199561482414325,1.4214759996665847,1.0223081766663669,0.0,0.006870431639023834,0.03242578256917477,0.8319285686795213,0.004256585129022352,65.50469647170634,0.6720393921144922,6.5799557032115175,-0.9039800681313415,-0.7417771577885958,-0.5172837442146131,0.028461455058007155,13.311184939091916,0.032733679525222555,1.4769147836129008,-0.43761614466455345,-0.31270883907764446,REIT—Industrial,Real Estate,FR
2013Q1,2013,Q1,2013-05-07,2013-03-31,-903000.0,83268000.0,21568000.0,-0.008960644610713081,55338000.0,0.664577028390258,2628749000.0,1220711000.0,188676000.0,85031000.0,1364060000.0,0.0,-671913000.0,1701065120.0,2912111120.0,12.113352650485243,2.218908398113629,0.4695636593680112,1.0111852846414917,0.009254610616450611,12.113352650485243,-0.0007397328278355811,20.428797617331988,-470.948261351052,1.393503556533856,-4.749723145071982,0.0,0.0025213614397078463,0.031675903633249125,0.9708812080300125,-0.0003435094031419508,83.38145777167786,0.664577028390258,0.5556593186393328,-1.0071836236258442,-0.7074670096807217,-0.44761026958690925,-0.011079738375209978,0.5418569254185692,0.18675030263013095,0.9672613837644414,-0.4310460873192698,-0.24848671721601578,REIT—Industrial,Real Estate,FR
2012Q4,2012,Q4,2013-03-01,2012-12-31,-1971000.0,80911000.0,18174000.0,-0.020166158505391968,55958000.0,0.6915994116992745,2608842000.0,1103379000.0,173799000.0,81099000.0,1463189000.0,6765000.0,-657567000.0,1376151040.0,2706979040.0,11.28915058626123,2.143047386527577,0.5120149092969217,1.2106139413565058,0.00796176263983772,11.28915058626123,-0.0017863308980866955,17.00820704230574,-174.54985286656517,1.2472151817281278,-4.762557077625571,3.6885439763488543,0.006821198928861762,0.031014143439886354,0.7903549982120618,-0.0007555076160227412,8.67560845526815,0.6915994116992745,-1.5041539626347993,-1.0179499732288786,-0.6596718799746257,-0.47478853795640885,0.017048346055979643,-1.2209889001009082,-0.1242289899768697,-1.0769359240126997,-0.4190975043409152,-0.3088891388608298,REIT—Industrial,Real Estate,FR
2012Q3,2012,Q3,2012-11-05,2012-09-30,8919000.0,80984000.0,20752000.0,0.04,55020000.0,0.6793934604366294,2611483000.0,1155273000.0,4785000.0,74532000.0,1411613000.0,0.0,-647762000.0,1295365120.0,2589410120.0,11.736762434980495,0.06420061181774271,0.496596378379641,1.1225511199517344,0.007405002842431425,11.736762434980495,0.007720253134973292,15.995321544996543,36.309146765332436,1.1212632165730523,0.48727435811189596,0.0,0.0033550386164481563,0.03101073221613926,0.06420061181774271,0.003415300808008323,114.69498140605631,0.6793934604366294,1.3693576826196474,-0.8826516166940246,-0.6658185323422987,-0.4520196781530137,-0.02969808126410835,1.9360831234256928,0.012193932299287875,0.3862073672692026,-0.6449074924955175,-0.4183792827887456,REIT—Industrial,Real Estate,FR
2012Q2,2012,Q2,2012-08-03,2012-06-30,-9528000.0,83820000.0,20502000.0,-0.10829610938725406,56704000.0,0.676497256024815,2671180000.0,1033973000.0,6605000.0,112049000.0,1594368000.0,0.0,-651956000.0,1110320220.0,2587503220.0,11.752230595242155,0.05894742478736981,0.5549304052890482,1.4336148042550434,0.013968733489540917,11.752230595242155,-0.009214940815669268,13.246483178239084,-29.133087216624684,1.0738386979157095,-0.5472292191435768,0.0,0.00469594258132127,0.03137939038177884,0.05894742478736981,-0.0035669629152659124,-31.81068702727481,0.676497256024815,-8.42926756751309,-1.1287262791158308,-0.6316998584112535,-0.4636014947574518,0.02592679705451322,-8.549920760697306,0.2266363527581668,-0.6675574515108049,-0.6081259510036028,-0.4157926980745581,REIT—Industrial,Real Estate,FR
2012Q1,2012,Q1,2012-05-08,2012-03-31,1262000.0,83086000.0,16714000.0,0.014576956396188277,55271000.0,0.665226391931252,2640706000.0,1041926000.0,4985000.0,110682000.0,1553003000.0,0.0,-637572000.0,1069201250.0,2509418250.0,12.034952353450766,0.045038940387777594,0.5461876483031431,1.3842835287726767,0.006622215673195378,12.034952353450766,0.0012112184550534299,12.868609031605805,211.8069037242472,1.026177722794133,3.4160063391442157,0.0,0.004031981818203074,0.03146355557945489,0.045038940387777594,0.00047790250031620334,758.8369410929737,0.665226391931252,14.974683544303797,-0.9816022214580749,-0.6415935375101333,-0.47593208627444494,-0.0074881482545611265,14.974683544303797,-0.03925964246709203,1.0610327099793744,-0.6253681792082086,-0.4066161019586089,REIT—Industrial,Real Estate,FR
2011Q4,2011,Q4,2012-02-29,2011-12-31,79000.0,85239000.0,17397000.0,0.0009125036095870633,55688000.0,0.6533159703891411,2666657000.0,1026676000.0,13215000.0,71470000.0,1594062000.0,0.0,-633854000.0,885662250.0,2354992250.0,11.858804504764654,0.18490275640128725,0.5548081361794936,1.4410417697501452,0.006934044960484742,11.858804504764654,7.694735242666625e-05,10.390340689121176,2802.7286392405063,0.8626501934398,0.0,0.0,0.0,0.03196474087218566,0.18490275640128725,2.9625107391014293e-05,-144.08040507564667,0.6533159703891411,1.0196519887648663,-0.9985202013766018,-0.5623593443166132,-0.4851805285772256,0.08447906523855891,1.0197994987468673,0.30285329139519207,1.000597379652294,-0.7123817258248821,-0.3942019874197579,REIT—Industrial,Real Estate,FR
2011Q3,2011,Q3,2011-11-04,2011-09-30,-3990000.0,76793000.0,13353000.0,-0.04643314325613872,51350000.0,0.6686807391298686,2699732000.0,1029202000.0,51365000.0,66332000.0,1624153000.0,0.0,-629170000.0,687440000.0,2153383000.0,11.977214011404632,0.7743622987396731,0.560743066348808,1.4709026993729122,0.005110727493232442,11.977214011404632,-0.0038767899790322987,8.951857591186696,-43.07268170426065,0.6679349632045021,-1.3483709273182958,0.0,0.007826137553822879,0.028444675249246962,0.7743622987396731,-0.0014779244754664538,204.65614766299493,0.6686807391298686,-18.817060397998368,-1.0696109823926423,-0.618331279277575,-0.4865327351261188,0.03827567381765978,-21.357142857142858,-0.18135000919624794,-1.2272469734201703,-0.7177001619052669,-0.44811082252739937,REIT—Industrial,Real Estate,FR
2011Q2,2011,Q2,2011-08-05,2011-06-30,196000.0,73323000.0,16311000.0,0.0026061057334326137,49457000.0,0.6745086807686538,2735741000.0,1037027000.0,38766000.0,101488000.0,1651809000.0,0.0,-620252000.0,861131600.0,2375774600.0,13.788785767471545,0.3819761942298597,0.566278386733247,1.493877208597269,0.006074655939466645,13.788785767471545,0.0001890018292677047,11.744358523246458,1098.3821428571428,0.8303849369399253,22.933673469387756,0.0,0.005219875800632563,0.02680187927146612,0.38181854012297023,7.164420900955171e-05,128.642306543173,0.6745086807686538,1.0493546120385915,-0.9964487431440691,-0.5730913220775778,-0.3910006348204105,0.060216943920425314,1.0525469168900805,0.16507142857142856,-0.9975663405492924,-0.6785983654240696,-0.3816048868050259,REIT—Industrial,Real Estate,FR
2011Q1,2011,Q1,2011-05-02,2011-03-31,-3730000.0,71897000.0,14000000.0,-0.05280369201149507,46648000.0,0.6488170577353715,2704016000.0,937575000.0,17595000.0,100350000.0,1720235000.0,0.0,-615284000.0,839897710.0,2444582710.0,13.272767168278147,0.17533632286995515,0.5984424648374862,1.725939791483348,0.005365702258437415,13.272767168278147,-0.003978348398794763,11.681957661654867,-56.29341219839142,0.8958192251286564,-1.4420911528150133,0.0,0.006404351310828077,0.026588969887752143,0.1752167414050822,-0.0013794297075165236,-121.79491154292343,0.6488170577353715,0.8376425524505963,-1.1010066526308018,-0.5387193047979463,-0.4136280121660731,1.1671544715447155,0.8376425524505964,0.4201663623453033,-1.0423319823455641,-0.6396608572398711,-0.39473897198665403,REIT—Industrial,Real Estate,FR
2010Q4,2010,Q4,2011-02-24,2010-12-31,-22974000.0,26638000.0,9858000.0,-0.3252311046305865,21525000.0,0.8080561603724004,2750054000.0,846878000.0,29144000.0,67326000.0,1857910000.0,0.0,-606511000.0,618797640.0,2335616640.0,11.988816376222767,0.4328788283872501,0.6337264650075962,2.0578902746322374,0.0037771831904607205,11.988816376222767,-0.027127874380961602,23.229883624896765,-6.7336732828414725,0.7306809717574432,-0.1916079045877949,0.0,0.007113795715187279,0.00968635524975146,0.4311410153581083,-0.008354017775650951,125.18665587699778,0.8080561603724004,0.8667085636759891,-1.5605111913969192,-0.8307704047798312,-0.4958103262639991,-0.6179039301310044,0.8462094587810021,-0.3859474274324156,-1.2894894245602935,-0.844971770982058,-0.4422375953784266,REIT—Industrial,Real Estate,FR
2010Q3,2010,Q3,2010-11-04,2010-09-30,-149385000.0,84825000.0,16054000.0,-2.44,56334000.0,0.6641202475685234,2883119000.0,833037000.0,127943000.0,116368000.0,2002360000.0,0.0,-578683000.0,319917000.0,2081810000.0,13.201854199683043,1.0994689261652688,0.6541498980791289,2.263995476791547,0.005895420675098705,13.201854199683043,-0.17932576824318727,3.771494252873563,-0.5353900994075711,0.3840369635442364,-0.035719784449576596,0.0,0.016679326200233182,0.029421262181685875,1.0983775608414685,-0.0518136781728399,63.60178926441352,0.6641202475685234,-14.249999999999998,-5.269319246226268,-0.4406626910210678,-0.3192276737029635,-0.037798691649444036,-10.026350752878654,0.03340843257161249,-4.066019329193837,-0.4539732031371189,-0.3836156816331331,REIT—Industrial,Real Estate,FR
2010Q2,2010,Q2,2010-08-06,2010-06-30,-13548000.0,87521000.0,15535000.0,-0.16,58547000.0,0.6689480239028347,3029501000.0,984087000.0,89510000.0,123608000.0,1985017000.0,0.0,-424414000.0,302879160.0,2078089160.0,15.660698940131768,0.7241440683450909,0.614427590550391,1.891508575969401,0.00628196837202724,15.660698940131768,-0.01376707547198571,3.46064555935147,-5.589001328609389,0.30777681241597543,-0.3341452612931798,0.0,0.014946554923092098,0.02888957620413395,0.7226797618277134,-0.004472023610488988,-14.150586806204448,0.6689480239028347,0.5479779074202251,-1.4189277368402655,-0.31881351823417625,-0.20031207059690553,0.029796140924841258,0.19900673997871585,0.15347490347490347,-1.2562755625196609,-0.46156530024727077,-0.28521011952053615,REIT—Industrial,Real Estate,FR
2010Q1,2010,Q1,2010-05-04,2010-03-31,-16914000.0,89747000.0,13468000.0,-0.353965,56853000.0,0.6334807848730319,3086196000.0,996082000.0,133196000.0,119315000.0,2027923000.0,0.0,-405893000.0,479544720.0,2280960720.0,16.118614172209007,1.1163391023760634,0.6184338259786482,1.916115339901735,0.004658851051702529,16.118614172209007,-0.016980529715425036,5.343295263351421,-7.087985101099681,0.4814309665268522,-0.31997162114224903,0.0,0.011285704490709439,0.02908013619355349,0.932414197711939,-0.0054805333167433305,98.1868796068796,0.6334807848730319,-2.3504120943943696,-1.7040118671534936,-0.3041446461018504,-0.17989476509770577,0.011943327044249047,-2.044202988023213,0.035681328821900955,-1.345443850667451,-0.4576332854247376,-0.2981070258284263,REIT—Industrial,Real Estate,FR
2009Q4,2009,Q4,2010-03-03,2009-12-31,16198000.0,88066000.0,13004000.0,0.26211628396200465,56182000.0,0.637953353166943,3204586000.0,1009441000.0,185288000.0,132007000.0,2130339000.0,0.0,-384013000.0,323198310.0,2138587310.0,16.33478971471107,1.4036225351685896,0.6235850746399066,1.9796421980086008,-0.01117760435598007,16.33478971471107,0.016046504946797286,3.6699556014807078,4.988244073342388,0.3201755327948835,0.2759599950611187,0.0,0.013830517863784622,0.02748124094656845,1.4028498488716508,0.0050546310818308515,2.605093419525406,0.637953353166943,3.0099813290106336,-0.4431135262172962,-0.22675587715880674,-0.18551513695805136,-0.06100414493916299,4.463069139966273,-0.0974458634092171,-0.5749284582525972,-0.36654948610342664,-0.2908671524730041,REIT—Industrial,Real Estate,FR
2009Q3,2009,Q3,2009-11-09,2009-09-30,2965000.0,105098000.0,14408000.0,0.06536596119929454,59832000.0,0.5692972273497117,3123617000.0,915338000.0,22311000.0,142979000.0,2133945000.0,0.0,-395290000.0,238140000.0,2210034000.0,20.17940917107584,0.15604389455794207,0.6373912038511764,2.175115640342693,-0.0006265373082239613,20.17940917107584,0.003239240586537432,2.2658851738377512,20.079258010118043,0.26016618997572477,1.809443507588533,0.0,0.022528764592256657,0.03364625048461447,0.155330503080872,0.0009492200868416326,17.42700329308452,0.5692972273497117,2.0065134960968294,-0.9275284198412602,0.14877489746234449,0.011948765117134327,0.007798682814263336,2.0273735273735274,0.31917231276323016,-0.9020055836189664,-0.010465016584641572,-0.13490182074252832,REIT—Industrial,Real Estate,FR
2009Q2,2009,Q2,2009-08-07,2009-06-30,-2886000.0,108038000.0,10922000.0,-0.06494295551205023,59369000.0,0.5495196134693349,3198798000.0,893959000.0,62422000.0,139473000.0,2227350000.0,0.0,-393338000.0,193309649.99999997,2226224650.0,20.116541776367605,0.447556157822661,0.65270673546751,2.335539996800748,0.002885976433156308,20.116541776367605,-0.0032283359751397993,1.7892746070826928,-16.745465176715175,0.21623995060176138,-1.5148995148995148,0.0,0.02261656363249326,0.033774561569689616,0.4474629498182444,-0.000902213894093969,15.513173100072223,0.5495196134693349,0.7280883291928603,-1.0971758947240453,0.23392229088291133,-0.10464651380016955,-0.0361549451263069,0.7262898330804249,-0.10986145069274654,-1.088495686513386,0.0645622340027738,-0.11152719477902026,REIT—Industrial,Real Estate,FR
2009Q1,2009,Q1,2009-05-11,2009-03-31,-10544000.0,113092000.0,12270000.0,-0.23883842616712347,61596000.0,0.5446539100908995,3212339000.0,895385000.0,49691000.0,159079000.0,2236805000.0,0.0,-385627000.0,108160150.00000001,2148084150.0,20.281899109792285,0.31236681145845774,0.6467953724684723,2.3204833674899623,0.0037446899568380873,20.281899109792285,-0.011775939958788678,0.9563908145580591,-2.5644952105462826,0.1207973664959766,-1.7738050075872533,0.0,0.17291950871000084,0.03520549979314139,0.3116816173096386,-0.0032823434886542174,-13.501454250405693,0.5446539100908995,0.8436420256543338,-1.337715115552059,0.20211092921074106,-0.12124427521036266,-0.20744229136107464,0.8436420256543338,-0.22839894352911583,-1.4568671058360523,0.1609933732194603,-0.10397452563775524,REIT—Industrial,Real Estate,FR
2008Q4,2008,Q4,2009-03-02,2008-12-31,-67435000.0,151123000.0,15902000.0,-1.5275103631050808,77718000.0,0.5142698331822423,3223876000.0,864200000.0,13705000.0,199609000.0,2237128000.0,0.0,-366962000.0,333309850.0,2367105850.0,19.575509094615715,0.06865922879228893,0.6318412991070376,2.3570678083776904,0.005700493354327575,19.575509094615715,-0.07803170562369822,2.2055534233703673,-1.235670831170757,0.38568601018282805,-0.5939052420849708,0.0,0.12015846516387078,0.046876182582704796,0.06811316123020505,-0.020917367789579998,-4.334271986059999,0.5142698331822423,-17.972337367834232,-3.0843595976476617,0.7209980721792447,-0.12712690621078915,0.2120711166562695,-8.648293070205286,1.3033024333719583,-3.6325484903040524,0.5362030160096614,-0.17675196333768395,REIT—Industrial,Real Estate,FR
2008Q3,2008,Q3,2008-11-10,2008-09-30,8817000.0,136602000.0,6904000.0,0.09,64120000.0,0.4693928346583505,3314386000.0,936472000.0,42044000.0,241163000.0,2231725000.0,0.0,-283505000.0,1237570680.0,3221274680.0,21.702208523556813,0.17433851793185523,0.6005824306523139,2.1255969212106716,0.002090368970959309,21.702208523556813,0.009415123997300507,9.059681995871218,35.090469547465126,1.3215244876515262,4.821254394918907,0.0,0.03434874523691851,0.04121487358442861,0.06661469628425587,0.0026602212295127967,-7.353972879502751,0.4693928346583505,-0.90625,-0.7373057934105262,0.4431881465779521,-0.02650666934600743,-0.018881782293356183,-0.8090897280443443,3.40809208231601,-0.6315224991350621,0.31718104644936973,0.11910514681489615,REIT—Industrial,Real Estate,FR
2008Q2,2008,Q2,2008-08-11,2008-06-30,46184000.0,130824000.0,-2867000.0,0.96,65354000.0,0.4995566562710206,3290607000.0,961655000.0,127971000.0,215845000.0,2178017000.0,0.0,-255383000.0,1184726160.0,3132485160.0,22.297695232795398,0.5928837823438116,0.5962948477287017,2.0404115821162474,-0.0008651512405223722,22.297695232795398,0.04802553930463628,9.05587782058338,6.413076823142214,1.2319658921338734,0.867140135111727,0.0,0.033803592215774156,0.039756798669667935,0.1155597766916074,0.014035100514889806,-11.057635825687646,0.4995566562710206,-0.15044247787610615,0.7888236815702947,0.38364762653405216,-0.0034367586730230373,0.0,-0.1386314042188112,-2.501833420639078,1.0807433110648879,0.48355690200413265,0.13859526955604523,REIT—Industrial,Real Estate,FR
2008Q1,2008,Q1,2008-05-07,2008-03-31,53617000.0,121412000.0,1909000.0,1.13,0.0,0.0,85936153.0,942596000.0,18153.0,350300000.0,2174080000.0,0.0,-264756000.0,1327775760.0,3221825760.0,21.928996836032013,5.1821296031972594e-05,22.111008390147507,2.0158530271717683,0.0006131946405065118,21.928996836032013,0.05688226981654919,10.936116364115573,6.19102038532555,1.408637167991377,0.7864669787567377,0.0,0.031758374621931644,1.41281632655816,0.13908078789608908,0.6239166884745236,-8.303736436920344,0.0,0.005817233024787219,0.5779124152731592,0.1321973094567957,-0.03800605443747102,0.0,0.1102897020148682,2.7874531835205993,2.2084607357625132,0.35338453905004064,0.11573395263676298,REIT—Industrial,Real Estate,FR
2007Q4,2007,Q4,2008-02-26,2007-12-31,48291000.0,104557000.0,-1068000.0,1.123464544946957,0.0,0.0,102441000.0,923919000.0,15422000.0,387400000.0,2183755000.0,0.0,-281587000.0,1487246400.0,3354609400.0,21.494486320491344,0.03980898296334538,18.284866410909693,2.02736387064234,-0.00031231151204260814,21.494486320491344,0.052267568910261616,14.224264276901595,7.699397403242841,1.6097151373659382,0.9533660516452341,0.0,0.030955865820216477,1.0206557921144854,0.12412751677852349,0.471403051512578,-12.598551448974579,0.0,0.7022190074953891,0.4492072003686071,0.14893603807407196,-0.05855182342278957,0.0,0.4136709601873536,-1.144754676063974,1.3868879849757498,0.3198422765614523,0.07175752199220105,REIT—Industrial,Real Estate,FR
2007Q3,2007,Q3,2007-11-05,2007-09-30,34160000.0,108917000.0,7378000.0,0.66,0.0,0.0,90527320.0,947542000.0,13320.0,374800000.0,2157770000.0,0.0,-293577000.0,1768272800.0,3679450800.0,21.418218806509945,3.553895410885806e-05,20.464131711841244,1.9551249443296446,0.002307599310573874,21.418218806509945,0.036051172401856596,16.235048706813444,12.941106557377049,1.8661682542831874,1.184923887587822,0.0,0.022890698765484604,1.2031395605216193,0.2835592315901814,0.37734465131630984,-12.399360493654022,0.0,-0.01492537313432837,0.07489411345323453,0.06666472161863995,-0.22360376823502043,0.0,-0.08694838692433111,-0.2829931972789116,-0.14391118562116353,0.22065823026409834,0.0740720844950681,REIT—Industrial,Real Estate,FR
2007Q2,2007,Q2,2007-08-09,2007-06-30,37413000.0,115036000.0,10290000.0,0.67,0.0,0.0,91353123.0,974338000.0,15123.0,360600000.0,2190073000.0,0.0,-291140000.0,1723695960.0,3680081960.0,21.909514065345956,4.193843594009983e-05,20.767095176373992,1.947105624536865,0.0036045760005261737,21.909514065345956,0.03839837920721557,14.983969887687334,11.51802822548312,1.7690944620860523,1.1988079009969796,0.0,0.026020250114179074,1.2592454009481426,0.30446478092068774,0.4095426491330789,-11.44886925795053,0.0,0.015151515151515164,0.08661418742959993,0.13725025307361774,-0.20110194741000872,0.0,0.06326200017051752,-0.2283464566929134,0.25884464669796436,0.3129023578142753,-0.02484432874058971,REIT—Industrial,Real Estate,FR
2007Q1,2007,Q1,2007-05-04,2007-03-31,35187000.0,118916000.0,13335000.0,0.66,0.0,0.0,94883910.0,1019853000.0,11910.0,373300000.0,2065349000.0,0.0,-288638000.0,2011772999.9999998,3811647000.0,22.964489979734296,3.1904634342351994e-05,18.434463756816093,1.7150844288343516,0.004410511491679034,22.964489979734296,0.03450203117508111,16.91759729556998,14.29343933839202,1.9726107586093287,1.1741836473697673,0.0,0.020537108311921876,1.2532788752065551,0.22776051433163674,0.3708426433944385,-11.594565154746123,0.0,0.07031586635019169,0.01023809127836909,0.1761666994302843,-0.23897221671476282,0.0,0.2849004929706043,3.1297615360792816,0.12033464562960679,0.256531489625874,-0.005015411657254374,REIT—Industrial,Real Estate,FR
