Quarters,Year,Quarter,FillingDate,Date,NetIncome,Revenue,OperatingIncome,EPSDiluted,GrossProfit,GrossProfitRatio,TotalAssets,CommonStockEquity,CurrentAssets,CurrentLiability,TotalLiability,Inventory,RetainedEarnings,MarketCap,EnterpriseValue,bookValuePerShare,currentRatio,debtToAssets,debtToEquity,roic,shareholdersEquityPerShare,roe,priceToSalesRatio,peRatio,pbRatio,payoutRatio,inventoryTurnover,dividendYield,assetTurnover,quickRatio,returnOnAssets,priceToFreeCashFlowsRatio,grossProfitMargin,epsdilutedGrowth,fiveYNetIncomeGrowthPerShare,fiveYRevenueGrowthPerShare,fiveYShareholdersEquityGrowthPerShare,grossProfitGrowth,netIncomeGrowth,operatingIncomeGrowth,threeYNetIncomeGrowthPerShare,threeYRevenueGrowthPerShare,threeYShareholdersEquityGrowthPerShare,Industry,Sector,Symbol
2024Q1,2024,Q1,2023-06-09,2023-04-30,-24403000.0,79458000.0,-24042000.0,-0.69,60889000.0,0.766304211,219190000.0,-151169000.0,147013000.0,230666000.0,370359000.0,15694000.0,-1354437000.0,549463200.0,612262200.0,-4.291891431491681,0.6373414374029983,0.5875587389935673,-0.8519405433653725,7.194914832707973,-4.291891431491681,0.16142859977905524,6.915140074001359,-5.629053804860058,-3.6347610951980895,0.0,1.1831910284185039,0.0,0.36250741365938227,0.5327096321087633,-0.11133263378803777,-199.95021834061134,0.7663042110297263,-0.2105263157894737,0.6200838150213754,0.7622094206566479,-0.4862066852780342,-0.008871309047107465,-0.2316660778276889,-0.4946844886540255,0.20822944413781083,0.32165549510658037,-0.9082376574660611,Software—Application,Technology,DOMO
2023Q4,2023,Q4,2023-03-27,2023-01-31,-19813000.0,79624000.0,-16085000.0,-0.57,61434000.0,0.7715512911,242116000.0,-146400000.0,168813000.0,248604000.0,388516000.0,15908000.0,-1330034000.0,537902310.0,600185310.0,-4.221331564833771,0.6790437804701452,0.5319061937253218,-0.8796653005464481,-6.486003389127574,-4.221331564833771,0.13533469945355192,6.755529865367226,-6.787239564932115,-3.6741961065573765,0.0,1.1434498365602213,0.0,0.32886715458705745,0.5850991938987306,-0.08183267524657602,-93.4831960375391,0.7715512910680197,0.17391304347826086,0.6540411659823375,0.9050764991447005,0.8540948178433573,0.021992281075326057,0.164396271772595,0.13110414866032843,0.4634720462105887,0.39441512107919063,-1.4069658345072917,Software—Application,Technology,DOMO
2023Q3,2023,Q3,2022-12-09,2022-10-31,-23711000.0,79026000.0,-18512000.0,-0.69,60112000.0,0.7606610483,217331000.0,-146125000.0,146999000.0,225748000.0,363456000.0,-3700000.0,-1310221000.0,607706640.0,663349640.0,-4.248807862293557,0.6511641299147722,0.5830967510387381,-0.8672369546621044,188.31623746812332,-4.248807862293557,0.16226518391787853,7.689958241591375,-6.4074336805701995,-4.158813618477331,0.0,-5.111891891891892,0.0,0.3636204683179114,0.551039211864557,-0.10910086457983445,-74.66600810910431,0.7606610482625972,0.1976744186046512,0.607966638525431,1.025966387618283,0.0,0.05057848928658814,0.18627955660798243,0.27803127803127803,0.34522643419479304,0.4186357178597218,-3.6633792024966967,Software—Application,Technology,DOMO
2023Q2,2023,Q2,2022-09-08,2022-07-31,-29139000.0,75531000.0,-25641000.0,-0.86,57218000.0,0.7575432604,224006000.0,-140946000.0,153346000.0,228592000.0,364952000.0,0.0,-1286510000.0,979781320.0,1026426320.0,-4.148765195890855,0.6708283754462099,0.5648911189878842,-0.8977835483092815,-4.3919261325704175,-4.148765195890855,0.2067387510110255,12.971909811865327,-8.406099385703008,-6.951465951499156,0.0,0.0,0.0,0.33718293260001964,0.5645079442850144,-0.13008133710704178,-255.350878290331,0.7575432603831539,0.13131313131313133,0.5078945510664714,1.1417958086622466,0.0,0.007305952150414591,0.11399294575529069,0.10455735987427973,0.2452918021775731,0.4632139803658434,-22.186066885637068,Software—Application,Technology,DOMO
2023Q1,2023,Q1,2022-06-08,2022-04-30,-32888000.0,74464000.0,-28635000.0,-0.99,56803000.0,0.7628249893,231872000.0,-131954000.0,161181000.0,228990000.0,363826000.0,5160000.0,-1257371000.0,1379078900.0,1420738900.0,-3.9631776543024477,0.703877898598192,0.5419153670990892,-0.952263667641754,-2.0186184452090954,-3.9631776543024477,0.24923837094745138,18.520075472711646,-10.48314658842131,-10.451209512405839,0.0,3.422674418604651,0.0,0.3211426994203699,0.5704572252063409,-0.1418368755175269,-1192.9748269896195,0.7628249892565535,0.01980198019801982,0.48624850480507875,1.3017811859337323,0.0,0.10367808498649621,0.011006194743489505,0.0435871743486974,0.2504399465057937,0.4782401673783276,-5.960364289901127,Software—Application,Technology,DOMO
2022Q4,2022,Q4,2022-03-23,2022-01-31,-33254000.0,69993000.0,-29940000.0,-1.01,51467000.0,0.7353163888,244589000.0,-125978000.0,173102000.0,236520000.0,370567000.0,0.0,-1224483000.0,1540381920.0,1581004920.0,-3.8405585025303335,0.7318704549298156,0.507725204322353,-0.9857594183111337,-1.6005253939576958,-3.8405585025303335,0.2639667243486958,22.00765676567657,-11.580425813435978,-12.227388274143104,0.0,0.0,0.0,0.2861657719684859,0.6245137831895823,-0.13595868988384596,-2395.617293934681,0.7353163887817353,-0.14772727272727273,0.386083416591327,0.7705749853759607,0.8672557747979228,0.07363831695767362,-0.16627503244134254,-0.052335594530947945,0.1020110717142706,0.43276888799300073,-3.2823235011443654,Software—Application,Technology,DOMO
2022Q3,2022,Q3,2021-12-10,2021-10-31,-28513000.0,65081000.0,-28451000.0,-0.88,47937000.0,0.7365744226,211133000.0,-112557000.0,144249000.0,190426000.0,323690000.0,0.0,-1191229000.0,2868332690.0,2907621690.0,-3.4779532181812565,0.7575068530557802,0.5851003869598783,-1.097523921213252,-0.9006285732335195,-3.4779532181812565,0.25332053981538244,44.07327315191838,-25.149341440746323,-25.483378999084906,0.0,0.0,0.0,0.3082464607617,0.6466553936962389,-0.1350475766460004,-1889.5472266139657,0.7365744226425531,-0.25714285714285723,0.49901499306136043,0.7730668575962618,0.0,0.030748059431913475,-0.2820593525179856,-0.5299526779952678,0.2869948638734365,0.4375450511943666,-2.3700822904987797,Software—Application,Technology,DOMO
2022Q2,2022,Q2,2021-09-09,2021-07-31,-22240000.0,62825000.0,-18596000.0,-0.7,46507000.0,0.7402626343016315,206796000.0,-101538000.0,139290000.0,177787000.0,308334000.0,0.0,-1162716000.0,2816225390.0,2852835390.0,-3.1847065834457235,0.7834656077215995,0.5947068608677151,-1.2112017175835648,-0.43838626188546054,-3.1847065834457235,0.21903129862711498,44.82650839633904,-31.65720986960432,-27.735679154602217,0.0,0.0,0.0,0.30380181434844,0.6610269592264901,-0.10754560049517399,5323.677485822306,0.7402626343016315,-0.20689655172413793,0.5997853028322098,0.8982790158810742,0.0,0.03569837876358454,-0.2284577993813522,-0.24354687708974188,0.8419593534341135,-0.3956916076558593,-1.3541670880381713,Software—Application,Technology,DOMO
2022Q1,2022,Q1,2021-06-09,2021-04-30,-18104000.0,60062000.0,-14954000.0,-0.58,44904000.0,0.7476274516333122,192376000.0,-92949000.0,141404000.0,171891000.0,285325000.0,0.0,-1140476000.0,1993247160.0000002,2013371160.0000002,-2.9979680041284995,0.8226376017359839,0.545546221981952,-1.1291138151029059,-0.9117266556847484,-2.9979680041284995,0.19477347792875663,33.186493290266725,-27.52495525850641,-21.444525062130847,0.0,0.0,0.0,0.3122115024743211,0.6854750975909152,-0.0941073730610887,-442.35400798934756,0.7476274516333122,0.10769230769230778,0.6962953320986005,0.9937869772144681,0.0,0.060782877796413975,0.07703288299770583,0.11346929096514109,0.6798043695129684,0.5132684003613084,-0.03814370915641772,Software—Application,Technology,DOMO
2021Q4,2021,Q4,2021-04-01,2021-01-31,-19615000.0,56843000.0,-16868000.0,-0.65,42331000.0,0.7447003149024506,216438000.0,-83459000.0,165176000.0,185922000.0,299897000.0,0.0,-1122372000.0,1999109899.9999998,2013288899.9999998,-2.760800529275554,0.8884155721216425,0.4850026335486375,-1.2577792688625553,-0.6263948807168688,-2.760800529275554,0.23502558142321378,35.16897243284133,-25.479351261789446,-23.95319737835344,0.0,0.0,0.0,0.2626294828080097,0.7479803358397608,-0.09062641495486005,948.794447081158,0.7447003149024506,0.1333333333333333,0.6070692999105932,0.5602668576020644,0.9045762935378503,0.08078229121454286,0.11727645020476127,0.10633112582781457,0.6070692999105932,0.5602668576020644,0.9045762935378503,Software—Application,Technology,DOMO
2021Q3,2021,Q3,2020-12-10,2020-10-31,-22221000.0,53645000.0,-18875000.0,-0.75,39167000.0,0.7301146425575543,193142000.0,-78516000.0,143726000.0,157911000.0,271658000.0,0.0,-1102757000.0,938263410.0,959860410.0,-2.6585853113466293,0.9101709190620033,0.54576425635025,-1.3425289113047023,-0.5624758304624925,-2.6585853113466293,0.28301237964236586,17.490230403579083,-10.55604394491697,-11.949964465841356,0.0,0.0,0.0,0.2777490136790548,0.7700603504505703,-0.11505006679023723,-331.8936717368235,0.7301146425575543,-0.20967741935483872,0.5721548413869532,0.6015531353649028,0.0,0.04495491169094499,-0.24118862760431212,-0.2275624349635796,0.5721548413869532,0.6015531353649028,0.0,Software—Application,Technology,DOMO
2021Q2,2021,Q2,2020-09-09,2020-07-31,-17903000.0,51131000.0,-15376000.0,-0.62,37482000.0,0.7330582229958342,195135000.0,-72868000.0,140915000.0,148937000.0,268003000.0,0.0,-1080536000.0,933252180.0,969107180.0,-2.512603013689183,0.9461383000866138,0.585799574653445,-1.5687270132294011,-0.2936966343361253,-2.512603013689183,0.24569083822802876,18.252179304140345,-13.032064179187845,-12.807435088104517,0.0,0.0,0.0,0.2620288518205345,0.794208289410959,-0.09174673943680016,-141.7670028862221,0.7330582229958342,0.29545454545454547,0.6458149157207784,0.6984706326137211,0.0,0.08794845001741554,0.2808596103635268,0.30000910498042427,0.6458149157207784,0.6984706326137211,0.0,Software—Application,Technology,DOMO
2021Q1,2021,Q1,2020-06-09,2020-04-30,-24895000.0,48561000.0,-21966000.0,-0.88,34452000.0,0.7094582072033113,197218000.0,-63988000.0,142778000.0,141653000.0,261206000.0,0.0,-1062633000.0,553352500.0,591641500.0,-2.249138840070299,1.007941942634466,0.5771886947438875,-1.7789585547290117,-0.35943496829034455,-2.249138840070299,0.38905732324810904,11.394998043697617,-5.556863828077927,-8.647754266424954,0.0,0.0,0.0,0.2462300601364987,0.831313138443944,-0.12623087142147268,-38.48070236439499,0.7094582072033113,0.16981132075471703,0.5448814740367601,0.7567179717300133,0.0,0.08616286768183108,0.16624803241903613,0.19165378670788252,0.5448814740367601,0.7567179717300133,0.0,Software—Application,Technology,DOMO
2020Q4,2020,Q4,2020-04-13,2020-01-31,-29859000.0,46171000.0,-27174000.0,-1.06,31719000.0,0.6869896688397479,216738000.0,-49180000.0,172262000.0,154061000.0,265918000.0,0.0,-1037738000.0,679177240.0,699408240.0,-1.7537978746166465,1.1181415153737806,0.4663418505292104,-2.055185034566897,-0.5276201898097242,-1.7537978746166465,0.6071370475803172,14.710039635268892,-5.6865370575036,-13.8100292801952,0.0,0.0,0.0,0.21302678810360898,0.9527200264830165,-0.1377654126179996,-40.07181780636026,0.6869896688397479,-0.009523809523809532,0.35518954497298705,0.36621904793336557,0.9393821133375124,0.04672804672804673,-0.026047214872341157,-0.019700551615445233,0.35518954497298705,0.36621904793336557,0.9393821133375124,Software—Application,Technology,DOMO
2020Q3,2020,Q3,2019-12-12,2019-10-31,-29101000.0,44766000.0,-26649000.0,-1.05,30303000.0,0.6769199839163651,217864000.0,-25181000.0,172550000.0,133942000.0,243045000.0,0.0,-1007879000.0,444419039.99999994,473420039.99999994,-0.9111006585136406,1.2882441653850174,0.4593966878419565,-3.9746634367181604,-0.3568005471460505,-0.9111006585136406,1.1556729280012707,9.927602198096768,-3.817901790316484,-17.64898296334538,0.0,0.0,0.0,0.20547681122167957,1.1197981215750101,-0.13357415635442293,-20.961184793887366,0.6769199839163651,0.07894736842105252,0.4012688019980364,0.42810896561580547,0.0,0.10397464388502313,0.06607830551989731,0.060761992034680856,0.4012688019980364,0.42810896561580547,0.0,Software—Application,Technology,DOMO
2020Q2,2020,Q2,2019-09-12,2019-07-31,-31160000.0,41660000.0,-28373000.0,-1.14,27449000.0,0.6588814210273644,234529000.0,-4906000.0,189968000.0,130495000.0,239435000.0,0.0,-978778000.0,760575320.0,797676320.0,-0.17893354730469035,1.4557492624238477,0.42260445403340313,-20.202405218100285,-0.304154315122425,-0.17893354730469035,6.35140644109254,18.256728756601056,-6.102176829268292,-155.02962087240113,0.0,0.0,0.0,0.17763261686188062,1.2644315874171423,-0.1328620341194479,-37.197404020149655,0.6588814210273644,0.13636363636363646,0.3479526917113008,0.4637611705478233,0.0,-0.019468457526612845,0.12314272850067537,0.14205799643191921,0.3479526917113008,0.4637611705478233,0.0,Software—Application,Technology,DOMO
2020Q1,2020,Q1,2019-06-13,2019-04-30,-35536000.0,40798000.0,-33071000.0,-1.32,27994000.0,0.6861610863277612,260978000.0,21545000.0,216582000.0,130297000.0,239433000.0,0.0,-947618000.0,1033067460.0000001,1103698460.0,0.7989690721649485,1.6622178561286907,0.3761083309704266,4.555859828266419,-0.2773728209927643,0.7989690721649485,-1.6493850081225343,25.321522133437917,-7.267752842188204,47.949290322580644,0.0,0.0,0.0,0.15632735326349348,1.4598033722956016,-0.13616473419215414,-36.69605924978688,0.6861610863277612,-0.16814159292035416,0.31459595158522907,0.557109079247902,0.0,0.0420249395123767,-0.18956917617915844,-0.19183364566815628,0.31459595158522907,0.557109079247902,0.0,Software—Application,Technology,DOMO
2019Q4,2019,Q4,2019-04-15,2019-01-31,-29873000.0,39408000.0,-27748000.0,-1.13,26865000.0,0.6817143727161997,292632000.0,44527000.0,246754000.0,139707000.0,248105000.0,0.0,-912082000.0,714447000.0,634719000.0,1.6827406371641283,1.766225028094512,0.33231157221356517,2.1839558020976035,-0.19796927293813332,1.6827406371641283,-0.6708963101039819,18.129491473812426,-5.979036253473036,16.045253441731983,0.0,0.0,0.0,0.13466743213319118,1.6133336196468322,-0.10208384592252386,-23.042960812772133,0.6817143727161997,0.08870967741935491,0.3163428144034622,0.23577151919885228,1.0581618798279555,0.12325960613789355,0.08210170533108005,0.0742952460383653,0.3163428144034622,0.23577151919885228,1.0581618798279555,Software—Application,Technology,DOMO
2019Q3,2019,Q3,2018-12-13,2018-10-31,-32545000.0,36844000.0,-29975000.0,-1.24,23917000.0,0.6491423298230377,296530000.0,66859000.0,252662000.0,123712000.0,229671000.0,0.0,-882209000.0,427465740.0,319560740.0,2.5384995064165845,2.042340274185204,0.3308063265099653,1.4671771937958988,-0.1828364022781329,2.5384995064165845,-0.48677066662678176,11.602044837694061,-3.2836514057458905,6.393540734979584,0.0,0.0,0.0,0.12425049742015985,1.906072167615106,-0.10975280747310559,-13.295979471228616,0.6491423298230377,0.7188208616780045,0.2973612929911474,0.23339915929809021,0.0,0.09968274403420847,0.29835719213521905,0.3089974411581641,0.2973612929911474,0.23339915929809021,0.0,Software—Application,Technology,DOMO
2019Q2,2019,Q2,2018-09-13,2018-07-31,-46384000.0,34267000.0,-43379000.0,-4.41,21749000.0,0.634692269530452,325769000.0,94498000.0,281712000.0,124954000.0,231271000.0,0.0,-849664000.0,174554490.0,32855490.0,8.992102007802835,2.2545256654448838,0.2980731745500646,1.027566720988804,-0.22692626525732587,8.992102007802835,-0.4908463671188808,5.093953074386436,-0.9408119718006209,1.847176554001143,0.0,0.0,0.0,0.10518803201041228,2.12932759255406,-0.14238309968106236,-4.6320584332873365,0.634692269530452,-1.4182271817508845,-1.5323529475750557,2.141242186820475,0.0,0.06722606604838315,-0.01927176038851166,-0.009165988135396068,-1.5323529475750557,2.141242186820475,0.0,Software—Application,Technology,DOMO
2019Q1,2019,Q1,2018-04-30,2018-04-30,-45507000.0,31945000.0,-42985000.0,-1.82365,20379000.0,0.6379402097354828,159750000.0,-72062000.0,118418000.0,125714000.0,231812000.0,0.0,-807681000.0,681238903.8000001,705430903.8000001,-2.8878159908753,0.9419635044625101,0.6017402190923318,-1.3339624212483694,-1.8101151177971604,-2.8878159908753,0.6314978768282867,21.325368721239634,-3.742495131518228,-9.453510918375843,0.0,0.0,0.0,0.19996870109546167,0.7982722688006109,-0.2848638497652582,-17.692678781425307,0.6379402097354828,-0.1043514041764748,0.05150277210388089,0.3175369133052873,0.0,0.13601650036233903,-0.1043512024656005,-0.062118554026339846,0.05150277210388089,0.3175369133052873,0.0,Software—Application,Technology,DOMO
2018Q4,2018,Q4,2018-01-31,2018-01-31,-41207000.0,30073000.0,-40471000.0,-1.6513312638561028,17939000.0,0.5965151464769062,155355000.0,-721964000.0,113261000.0,128261000.0,877319000.0,0.0,-757773000.0,681238903.8000001,665598903.8000001,-28.932019428218684,0.8830509663888477,0.2982330790769528,-0.06417494501110858,0.060030607737791536,-28.932019428218684,0.05707625310957333,22.652841545572443,-4.133028998713811,-0.9435912369591837,0.0,0.0,0.0,0.1935760033471726,0.759825667973897,-0.2652441183096778,-19.284348745966145,0.5965151464769062,0.061001471130818295,0.0,0.0,0.0,0.12767161176766406,0.06100173183848327,0.07412321841184141,0.0,0.0,0.0,Software—Application,Technology,DOMO
2018Q3,2018,Q3,2017-10-31,2017-10-31,-43884000.0,28302000.0,-43711000.0,-1.758609,15908000.0,0.5620804183449933,,,,,,,,681238903.8000001,,,0.0,0.0,0.0,0.0,,0.0,24.070344986220057,-3.880907072053596,0.0,0.0,0.0,0.0,0.0,0.0,0.0,-19.070036217562915,0.5620804183449933,-0.008989403542632834,0.0,0.0,0.0,0.043147540983606555,-0.008989952406134321,-0.0015810457815865452,0.0,0.0,0.0,Software—Application,Technology,DOMO
2018Q2,2018,Q2,2017-07-31,2017-07-31,-43493000.0,25903000.0,-43642000.0,-1.742941,15250000.0,0.5887348955719415,,,,,,,,681238903.8000001,,,0.0,0.0,0.0,0.0,,0.0,26.29961409103193,-3.915796241923988,0.0,0.0,0.0,0.0,0.0,0.0,0.0,-14.85539935889049,0.5887348955719415,0.09348027459687633,0.0,0.0,0.0,0.051144196305486625,0.0934803451581975,0.08997643722501407,0.0,0.0,0.0,Software—Application,Technology,DOMO
2018Q1,2018,Q1,2017-04-30,2017-04-30,-47978000.0,24246000.0,-47957000.0,-1.922673,14508000.0,0.5983667409057164,,,,,,,,681238903.8000001,,,0.0,0.0,0.0,0.0,,0.0,28.09696048007919,-3.549746257659761,0.0,0.0,0.0,0.0,0.0,0.0,0.0,-17.314057434046664,0.5983667409057164,0.0,0.0,0.0,0.0,0.0,0.0,0.0,0.0,0.0,0.0,Software—Application,Technology,DOMO
