Quarters,Year,Quarter,FillingDate,Date,NetIncome,Revenue,OperatingIncome,EPSDiluted,GrossProfit,GrossProfitRatio,TotalAssets,CommonStockEquity,CurrentAssets,CurrentLiability,TotalLiability,Inventory,RetainedEarnings,MarketCap,EnterpriseValue,bookValuePerShare,currentRatio,debtToAssets,debtToEquity,roic,shareholdersEquityPerShare,roe,priceToSalesRatio,peRatio,pbRatio,payoutRatio,inventoryTurnover,dividendYield,assetTurnover,quickRatio,returnOnAssets,priceToFreeCashFlowsRatio,grossProfitMargin,epsdilutedGrowth,fiveYNetIncomeGrowthPerShare,fiveYRevenueGrowthPerShare,fiveYShareholdersEquityGrowthPerShare,grossProfitGrowth,netIncomeGrowth,operatingIncomeGrowth,threeYNetIncomeGrowthPerShare,threeYRevenueGrowthPerShare,threeYShareholdersEquityGrowthPerShare,Industry,Sector,Symbol
2023Q1,2023,Q1,2023-04-26,2023-03-31,48033000.0,655140000.0,503538000.0,1.0,655140000.0,1.0,1509586000.0,584792000.0,1067395000.0,186860000.0,924794000.0,571668000.0,1202268000.0,1138446660.0,1499635660.0,12.22033685794291,5.712271219094509,0.4047685921835523,1.0448723648750324,0.2943946353080564,12.22033685794291,0.08213689653757233,1.7377150837988826,5.925336018986946,1.9467548461675261,0.0,0.0,0.0,0.4339865367060903,2.3657765171786362,0.031818657565716696,7.309871260618591,1.0,0.36986301369863017,0.3468443679515368,0.005190466014999171,-0.512179354292647,0.07032055376843867,0.3311071082167105,7.065383136852896,1.2395384033911345,-0.16930813946675874,-0.4355181482265061,Rental & Leasing Services,Industrials,PRG
2022Q4,2022,Q4,2023-02-22,2022-12-31,36085000.0,612097000.0,62432000.0,0.73,612097000.0,1.0,1491909000.0,570461000.0,1042755000.0,172099000.0,921448000.0,648043000.0,1154235000.0,828099810.0,1308307810.0,11.635175100450754,6.059041598149902,0.4102716720657895,1.0729708078203417,0.034833830699504575,11.635175100450754,0.06325585798152722,1.352889836088071,5.7371470832756,1.4516326444752579,0.0,0.0,0.0,0.4102777046053077,2.0118129681171886,0.024187132056982027,-19.322393307977695,1.0,1.28125,-0.7073312874339107,-0.0035516684582457213,-0.5245816512476091,-0.02192959328625917,1.254607935020306,0.20910235305509828,1.459977568551002,-0.16769427837567089,-0.5518881780891859,Rental & Leasing Services,Industrials,PRG
2022Q3,2022,Q3,2022-10-26,2022-09-30,16005000.0,625821000.0,51635000.0,0.32,625821000.0,1.0,1491491000.0,566464000.0,1023014000.0,171527000.0,925027000.0,566148000.0,1118150000.0,755905780.0,1147002780.0,11.225778323854065,5.964157246381037,0.41098672402314196,1.0821217235340639,0.02514469808640968,11.225778323854065,0.02825422268670207,1.2078625996890484,11.807338019368949,1.334428630945656,0.0,0.0,0.0,0.419594218134739,2.445871495449696,0.010730872663663408,6.027283875803339,1.0,-0.13513513513513511,-0.1145216104556361,0.04591110862006998,-0.49542495895731536,-0.036374190846323935,-0.17855676452473826,0.39792078403768577,-0.46288690796670634,-0.13271137752605003,-0.5948837129835199,Rental & Leasing Services,Industrials,PRG
2022Q2,2022,Q2,2022-07-27,2022-06-30,19484000.0,649444000.0,36937000.0,0.37,649444000.0,1.0,1478390000.0,556771000.0,979683000.0,162161000.0,921619000.0,615256000.0,1102145000.0,872520000.0,1359069000.0,10.528952344931922,6.041421796856211,0.4152415803678326,1.1025879580653446,0.022050949545291052,10.528952344931922,0.03499463872938784,1.3434876602139676,11.195339765961815,1.5671074822503326,0.0,0.0,0.0,0.43929139131081785,2.0583740850142758,0.013179201699145692,16.07531735357518,1.0,-0.24489795918367346,-0.2832050841399176,0.06434646712730732,-0.5173707564727106,-0.0858875326547158,-0.2819605675327068,-0.253269988881027,-0.4152463991997631,-0.1413485340663353,-0.614679184231364,Rental & Leasing Services,Industrials,PRG
2022Q1,2022,Q1,2022-04-27,2022-03-31,27135000.0,710464000.0,49465000.0,0.49,710464000.0,1.0,1572721000.0,632534000.0,1077566000.0,173654000.0,940187000.0,645225000.0,1082661000.0,1593915540.0,2024073540.0,11.417169055268763,6.205247215727827,0.39051300262411454,0.970964406656401,0.026512372660755474,11.417169055268763,0.04289887974401376,2.2434852997477703,14.68505196241017,2.519889112680109,0.0,0.0,0.0,0.4517419173521559,2.2324219424833287,0.01725353702277772,16.60830396682331,1.0,-0.16949152542372878,-0.3446454341262664,0.08290003084649265,-0.45723672708534324,0.09886581402938396,-0.2825035035299717,-0.12895329999295627,-0.41225599162776594,-0.14735496918319693,-0.5763421091027687,Rental & Leasing Services,Industrials,PRG
2021Q4,2021,Q4,2022-02-23,2021-12-31,37819000.0,646543000.0,56788000.0,0.59,646543000.0,1.0,1621761000.0,679408000.0,1119576000.0,181024000.0,942353000.0,714055000.0,1055526000.0,2856320090.0,3301225090.0,10.729923087856726,6.184682694007424,0.37925686953872983,0.9052940206768245,0.030784279847000356,10.729923087856726,0.05566463744907331,4.417834683849334,18.881515177556253,4.204130787391376,0.0,0.0,0.0,0.3986672512164246,2.044458193388722,0.023319712337391267,-55.28111807853839,1.0,-0.313953488372093,0.9721388315521361,-0.08259847922767986,-0.4827454567946292,-0.005937838731252066,-0.34128159127723684,-0.2749326489702634,-0.34259160435296604,-0.3013162672794126,-0.5858513489302853,Rental & Leasing Services,Industrials,PRG
2021Q3,2021,Q3,2021-11-03,2021-09-30,57413000.0,650405000.0,78321000.0,0.86,650405000.0,1.0,1454258000.0,1076456000.0,948538000.0,156578000.0,377802000.0,588733000.0,1442116000.0,2776524920.0,2723799920.0,16.287235974096713,6.057926400899232,0.05230364900863533,0.0706605750722742,0.0489913545545533,16.287235974096713,0.053335203668333865,4.268916936370415,12.090140386323654,2.5793203995332834,0.0,0.0,0.0,0.4472418236654019,2.094221410415256,0.03947923958472293,51.4028495788207,1.0,-0.15686274509803924,1.1406916487896508,-0.0708126746978329,-0.1883969006796984,-0.014494576276836407,-0.1659572613565379,-0.15154371140721482,0.36738103091374086,-0.2894116554936304,-0.3644074403481691,Rental & Leasing Services,Industrials,PRG
2021Q2,2021,Q2,2021-07-29,2021-06-30,68837000.0,659971000.0,92310000.0,1.02,659971000.0,1.0,1425920000.0,1063335000.0,911529000.0,146134000.0,362585000.0,587730000.0,1384703000.0,3225239430.0,3164927430.0,15.86806643685365,6.237624372151587,0.0541664328994614,0.07263656326557481,0.059225160042740664,15.86806643685365,0.06473688912713303,4.886941138322745,11.713320706887284,3.0331357756492547,0.0,0.0,0.0,0.46283872868043086,2.0370208165108736,0.048275499326750446,46.85396347841246,1.0,-0.12068965517241372,0.9413439451211999,-0.09216661648801569,-0.20900355290322847,-0.08464620714811769,-0.1339950684380032,-0.13003732046594035,0.8582056191911321,-0.2607578667283014,-0.3666189517187959,Rental & Leasing Services,Industrials,PRG
2021Q1,2021,Q1,2021-04-29,2021-03-31,79488000.0,721001000.0,106108000.0,1.16,721001000.0,1.0,1398798000.0,1036956000.0,902146000.0,150952000.0,361842000.0,574581000.0,1315866000.0,2932031700.0,2859303700.0,15.310143215709434,5.976376596533997,0.05606456400423793,0.07562808836633376,0.06983150139843824,15.310143215709434,0.07665513290824297,4.06661252897014,9.221617413949275,2.827537233980998,0.0,0.0,0.0,0.5154432591410626,1.9642999099051355,0.05682593197874175,17.745797825981697,1.0,-0.7632653061224489,0.7156064888838115,-0.09505999115449133,-0.21572770411218734,2.031334797130576,-0.7633651871036885,-0.9278625398901635,0.5747674946355806,-0.21839508609011216,-0.388838128099143,Rental & Leasing Services,Industrials,PRG
2020Q4,2020,Q4,2021-02-26,2020-12-31,335910000.0,605652000.0,1470914000.0,4.9,-699095000.0,1.0,1317404000.0,986136000.0,813979000.0,174814000.0,331268000.0,610263000.0,1236378000.0,3648022530.0,3690893530.0,14.562176051034422,4.65625750797991,0.060358098199185674,0.08063390850754866,0.9955949674910917,14.562176051034422,0.3406325293874273,6.02329808206693,2.715029717781549,3.699309760519847,0.01709684141585544,0.0,0.0015742775579842706,0.4597314111692389,1.012773576487009,0.25497873089803885,-33.357923646671544,-1.15428496892605,2.0625,15.574686143434665,-0.2093634277177681,-0.22644386902492514,-1.6884956100827757,2.072019753989666,9.386930486116995,0.97249095116266,-0.2861611370728885,-0.40498311089824596,Rental & Leasing Services,Industrials,PRG
2020Q3,2020,Q3,2020-10-29,2020-09-30,109345000.0,1052297000.0,141612000.0,1.6,1015395000.0,0.9649319536,2884932000.0,1638682000.0,1904431000.0,410101000.0,1246250000.0,1185662000.0,1912494000.0,3238419577.212,3373247577.212,24.31351078667023,4.643809695660337,0.20970962227185944,0.36919792857918743,0.04304117883551869,24.31351078667023,0.0667274065376931,3.077476774344125,7.404132738607161,1.9762343012323318,0.02454616123279528,0.031123541110367036,0.0008287993374566654,0.36475625768648967,1.5459533139397368,0.037902106531453775,18.599955069594333,0.9649319536214586,0.5841584158415842,3.867400783938346,0.4762368465929133,0.313734119292674,0.023854082429028634,0.5991488365971014,-0.7925557861923589,3.5292892913595435,0.31671510972605993,0.09284099054469883,Rental & Leasing Services,Industrials,PRG
2020Q2,2020,Q2,2020-06-30,2020-06-30,68377000.0,1030119000.0,682651000.0,1.01,991738000.0,0.9627411979,2715702000.0,1521199000.0,1716400000.0,338617000.0,1194503000.0,1119640000.0,1805869000.0,2583718269.37,2892167269.37,22.671639566597612,5.0688536015616465,0.22885647983467994,0.40856324517699527,0.20352614406757696,22.671639566597612,0.044949411615442816,2.508174559803285,9.44659121257879,1.6984748671081167,0.039238340377612355,0.034279768497016895,0.0010384259119142305,0.37931960134064785,1.5041979581651246,0.025178388497707038,21.057713467892448,0.9627411978616063,1.2410501193317423,0.82401336265836,0.44876976859844947,0.24921415836524485,-0.07386132825814717,1.24419921072838,-0.0529035784695255,0.9825090641669411,0.3305066681355787,0.039229345435993525,Rental & Leasing Services,Industrials,PRG
2020Q1,2020,Q1,2020-03-31,2020-03-31,-280005000.0,1101274000.0,720783000.0,-4.19,1070831000.0,0.9723565616,3152955000.0,1446614000.0,2115564000.0,485313000.0,1706341000.0,1277573000.0,1740193000.0,1291098533.298,2100532533.298,21.6487683696986,4.35917438848743,0.43148443285743054,0.9404381542000838,0.1538946143676475,21.6487683696986,-0.19355888993193762,1.1723681239164823,-1.1527459628381636,0.8924969157619103,-0.009528401278548598,0.023828775341996112,0.002066457308401415,0.3492831328071603,1.5708707576347636,-0.08880716661037028,6.323551759037679,0.9723565615823129,-1.6187500000000001,-7.170802437181227,0.454260505590657,0.23149312075995912,0.10459516026378306,-1.6154758679955539,0.5430856017383672,-6.606841291498127,0.3917064769291656,0.029165489100512258,Rental & Leasing Services,Industrials,PRG
2019Q4,2019,Q4,2019-12-31,2019-12-31,-107057000.0,1003604000.0,467105000.0,-1.6,969433000.0,0.96595171,3297800000.0,1737259000.0,1770832000.0,542400000.0,1560541000.0,1433417000.0,2029613000.0,3240980297.432,3893641297.432,25.964892090631913,3.2648082595870207,0.2154211898841652,0.40892923853035157,0.20620692967104973,25.964892090631913,-0.06162408713956871,3.229341749765844,-7.568352133517659,1.865571165515332,-0.021960264158345556,0.023838841035093067,0.000725397806911329,0.30432530778094485,0.4717127581120944,-0.03246315725635272,-54.48032909331137,0.9659517100370265,-3.758620689655173,-6.249196609730186,0.4310287795925772,0.5381732790145672,0.03887894053815398,-3.6898067887741512,-0.22337756481344467,-6.283217762425368,0.34766026752300544,0.2516826344185152,Rental & Leasing Services,Industrials,PRG
2019Q3,2019,Q3,2019-09-30,2019-09-30,39801000.0,963808000.0,601457000.0,0.58,933153000.0,0.9681938726,3219620000.0,1867655000.0,1687494000.0,333305000.0,1351965000.0,1281872000.0,2139353000.0,3673557400.6,4619289400.6,27.710014836795253,5.062912347549542,0.3404106695821246,0.5868284024619108,0.1388046329541203,27.710014836795253,0.021310681041198723,3.8115033290862907,23.074529538202558,1.9669357566574126,0.0595211175598603,0.023914244167904438,0.000644878993754956,0.2993545822177773,0.9943205172439658,0.01236201787788621,42.16131343149969,0.9681938726385338,-0.06451612903225812,3.5958219776115232,0.46198664781528953,0.6687193741280043,-0.0004166925537362004,-0.06679953106682297,-0.030913101412567288,0.45521397132224334,0.350202570098707,0.3808072750663167,Rental & Leasing Services,Industrials,PRG
2019Q2,2019,Q2,2019-06-30,2019-06-30,42650000.0,968141000.0,620643000.0,0.62,933542000.0,0.964262437,3180198000.0,1849558000.0,1628447000.0,307593000.0,1330640000.0,1292724000.0,2101915000.0,3610547499.592,4632050499.592,27.325158449923915,5.294161440604955,0.3527280376882194,0.6064935514322881,0.13872312263268277,27.325158449923915,0.023059563420017106,3.7293612186572,21.163818872168815,1.952113693970127,0.05512309495896835,0.026764413749570674,0.0006511477830621723,0.30442790040117,0.8693110701478902,0.013411114653867464,64.88072561217632,0.9642624369797375,-0.2439024390243902,4.35245788081143,0.5365560498936969,0.6606269556667826,-0.04180852428729055,-0.23945219159028497,0.02717879716196557,0.19080436824455993,0.31844112761812404,0.36211323139203,Rental & Leasing Services,Industrials,PRG
2019Q1,2019,Q1,2019-03-31,2019-03-31,56078000.0,1012103000.0,604221000.0,0.82,974275000.0,0.9626243574,3237966000.0,1813508000.0,1655735000.0,330389000.0,1424458000.0,1301066000.0,2061651000.0,3045067900.916,4142317900.916,26.949029631170685,5.011471326224541,0.377213349368091,0.673503508117968,0.14003592785064428,26.949029631170685,0.0309223890934035,3.0086541596220937,13.575144891561752,1.6791036493448057,0.04219123363886016,0.029074620349774722,0.0007769941679422891,0.31257369595604156,0.8903323052522935,0.017318897110099363,21.60679978795297,0.9626243574023593,-0.0786516853932585,0.5751273562026669,0.8617393155390735,0.6563956610238596,0.031872033146151904,-0.09175129164439694,-0.026002978953884245,0.2181853110251134,0.27853719322782894,0.380482013982752,Rental & Leasing Services,Industrials,PRG
2018Q4,2018,Q4,2018-12-31,2018-12-31,61743000.0,993184000.0,620352000.0,0.89,944182000.0,0.9506617102,2826692000.0,1760708000.0,1602508000.0,430240000.0,1065984000.0,1318470000.0,2005344000.0,2423813257.503,2833287257.503,25.908385938580615,3.724683897359613,0.15026469102399553,0.2412393196373277,0.21358336123086533,25.908385938580615,0.03506714344456889,2.440447346617545,9.814121671699624,1.376612849775772,0.033315517548548015,0.037165805820382716,0.0008486627398511348,0.3513591151777413,0.5084092599479361,0.02184284669146833,-74.7744333642758,0.950661710216838,0.435483870967742,2.014299129838574,1.006324978759075,0.7097135161418432,0.03417599509299218,0.41223696248856356,0.04118049867744404,2.0358035496807396,0.2919538931175463,0.3762771934784982,Rental & Leasing Services,Industrials,PRG
2018Q3,2018,Q3,2018-09-30,2018-09-30,43720000.0,953071000.0,595816000.0,0.62,912980000.0,0.9579349282,2698898000.0,1763506000.0,1512872000.0,362496000.0,935392000.0,1196812000.0,1945961000.0,3168942696.043,3431296696.043,25.62527790290472,4.173486052259887,0.1101708919714639,0.16860730839588864,0.23663748581001443,25.62527790290472,0.02479152324970825,3.3249807160673237,18.120669579385865,1.7969560047105029,0.047461116193961574,0.03349816011203096,0.0006547925283063699,0.3531333899984364,0.6485119835805084,0.016199204267815976,41.65660215901831,0.9579349282477381,0.14814814814814806,1.2871690509097988,0.9536628718718185,0.5721540154505477,0.04145967249767577,0.13555492065141164,0.058597990530084305,0.9059740513289386,0.30942797607955785,0.38461295009107144,Rental & Leasing Services,Industrials,PRG
2018Q2,2018,Q2,2018-06-30,2018-06-30,38501000.0,927859000.0,562835000.0,0.54,876635000.0,0.9447933361,2618950000.0,1744813000.0,1523694000.0,315760000.0,874137000.0,1137428000.0,1904309000.0,2566645571.28,2745263571.28,25.0529542680738,4.825481378261971,0.10421772084232231,0.15642994406850477,0.21487635943405461,25.0529542680738,0.022065974978407427,2.7662021614059897,16.66609679800525,1.47101469973,0.0,0.04503493847522656,0.0,0.3542866415930048,0.9630763871294654,0.01470092976192749,46.94539482523366,0.9447933360564482,-0.26027397260273966,0.6229375935933599,0.8316821447176206,0.5643771940268506,-0.02717929881137731,-0.26308234123186464,-0.030941484764275853,-0.01052883435810073,0.2572079598892813,0.38042531457073286,Rental & Leasing Services,Industrials,PRG
2018Q1,2018,Q1,2018-03-31,2018-03-31,52246000.0,954809000.0,580806000.0,0.73,901127000.0,0.9437772371,2719009000.0,1756192000.0,1597785000.0,333626000.0,962817000.0,1132096000.0,1867895000.0,2754846991.3650002,2923955991.3650002,25.050880821624705,4.789150126189206,0.1318564962455071,0.2041456742770722,0.2149655338090748,25.050880821624705,0.029749594577358283,2.8852335821771686,13.182095238702486,1.5686479561260958,0.04040500708188187,0.0474182401492453,0.0007662857525724214,0.3511606618440763,1.1522543207064198,0.019215089026921206,15.362571192408073,0.9437772371228172,-0.7032520325203252,0.10706683951663538,0.7337545186341838,0.5963383445312292,0.10695811226977964,-0.7057558008560486,0.13255958161247675,0.09748698410691314,0.20180443998668895,0.4250227483605303,Rental & Leasing Services,Industrials,PRG
2017Q4,2017,Q4,2017-12-31,2017-12-31,177560000.0,884627000.0,512826000.0,2.46,814057000.0,0.9202262649,2692264000.0,1728004000.0,1567556000.0,440150000.0,964260000.0,1152135000.0,1819524000.0,2363747537.0680003,2681508537.0680003,24.47355078108403,3.561413154606384,0.1369843373458175,0.2134242744808461,0.7149855463605845,24.47355078108403,0.10275439177224127,2.6720273483264703,3.3280968926954273,1.367906287872019,0.011905834647443117,0.061251502645089335,0.0008943425500602371,0.32858107525859276,0.7657821197319096,0.0659519274484226,-63.87471050824192,0.920226264855131,6.0285714285714285,4.186874075098571,0.6652490189210194,0.6275691277337063,0.03866524274867209,6.006826881338542,0.059382746653445714,7.2499856995975165,0.19529874591804078,0.44982546904755416,Rental & Leasing Services,Industrials,PRG
2017Q3,2017,Q3,2017-09-30,2017-09-30,25341000.0,838883000.0,484080000.0,0.35,783753000.0,0.9342816579,2595004000.0,1573956000.0,1473232000.0,457432000.0,1021048000.0,1048269000.0,1644089000.0,2618021948.256,2864459948.256,22.247985751844627,3.2206579338568355,0.14361866108876903,0.23678616174785064,0.16067008429594956,22.247985751844627,0.016100195939403643,3.120842773373641,25.827926564223983,1.6633387135701379,0.07675308788129909,0.052591462687535354,0.0007429273086482966,0.3232684805110127,0.7126654890781581,0.009765302866585177,53.01571318002511,0.9342816578712407,-0.3137254901960785,-0.061492111621662716,0.6980674565596632,0.5442780139293434,0.04516286475544283,-0.3025732764552085,0.029029131166777206,1.7877316736094293,0.21230607018977726,0.3397915908052475,Rental & Leasing Services,Industrials,PRG
2017Q2,2017,Q2,2017-06-30,2017-06-30,36335000.0,815644000.0,470424000.0,0.51,749886000.0,0.9193790428,2548130000.0,1542073000.0,1533663000.0,313719000.0,1006057000.0,994236000.0,1620699000.0,2332218407.9040003,2472996407.9040003,21.815819256995727,4.888651946487143,0.15741465309854677,0.26011284809474,0.15433467227092254,21.815819256995727,0.023562438354085703,2.859358259122853,16.046638281987065,1.5123917012385277,0.0535571762763176,0.06613922650155496,0.0008343986967107852,0.32009512858449135,1.4074028031454902,0.014259476557318504,-809.516976016661,0.9193790428176999,-0.3108108108108108,0.07684172969218132,0.6239025216166452,0.5339172155601438,-0.034992626222850216,-0.3182926829268293,-0.04450813162528918,3.3664777046870626,0.23960208961980203,0.3258088726004244,Rental & Leasing Services,Industrials,PRG
2017Q1,2017,Q1,2017-03-31,2017-03-31,53300000.0,844554000.0,492337000.0,0.74,777078000.0,0.9201045759,2624484000.0,1500193000.0,1603292000.0,340290000.0,1124291000.0,984555000.0,1586319000.0,1798980004.224,1935206004.224,21.035264589584678,4.711546034264892,0.1846900190666051,0.32310242748766327,0.16001036768191765,21.035264589584678,0.03552876196596038,2.130094705873159,8.437992515121952,1.1991657101612927,0.03671669793621013,0.06853451559333912,0.0010878386615776547,0.3217981134577311,1.5706133004202298,0.020308754025553214,19.625165045479836,0.9201045759063363,1.4666666666666668,-0.2028549729702046,0.5329562520485897,0.5175013850964136,0.09370430161252412,1.4640562156164763,0.16908833160385536,0.41262717044941205,0.4658811809524186,0.2929118959584337,Rental & Leasing Services,Industrials,PRG
2016Q4,2016,Q4,2016-12-31,2016-12-31,21631000.0,794954000.0,421129000.0,0.3,710501000.0,0.8937636643,2615736000.0,1481598000.0,1584758000.0,474849000.0,1134138000.0,999381000.0,1534983000.0,1937931900.949,2127199900.949,20.743990031222435,3.3373935714300758,0.19032081219205607,0.336008147959163,0.14253158410258182,20.743990031222435,0.014599776727560377,2.4377912444606857,22.397622635904487,1.3080011588494316,0.09088807729647265,0.08450530878613861,0.0010144835321804935,0.30391216850630187,1.0551269982668174,0.008269565430150443,-295.9126432965338,0.8937636643126521,-0.25000000000000006,-0.24646635000574516,0.6152665279848069,0.6137783129883237,0.00841360653899596,-0.26584985066521855,-0.007143547584750058,0.004810373003925371,0.5279968404999383,0.3689112173629935,Rental & Leasing Services,Industrials,PRG
2016Q3,2016,Q3,2016-09-30,2016-09-30,29464000.0,768982000.0,424159000.0,0.4,704573000.0,0.9162412124,2551390000.0,1457096000.0,1533450000.0,326558000.0,1094294000.0,957981000.0,1515318000.0,1565475239.552,1742159239.552,20.067981489643014,4.695796765046332,0.19447046511901356,0.34051977357703267,0.14129714979885066,20.067981489643014,0.020221042402147834,2.035776181434676,13.282949018734728,1.0743803013336115,0.061702416508281295,0.06723411007107656,0.0011613086902097962,0.30139727756242674,1.5416036354950728,0.011548214894626067,12.921153220244975,0.9162412124080928,-0.24528301886792453,0.11607148006560312,0.6836646990799968,0.6495646351396565,-0.023429714322147483,-0.23472117607334875,-0.004169650298754505,0.4609444459108793,0.494047570435276,0.23120450831689215,Rental & Leasing Services,Industrials,PRG
2016Q2,2016,Q2,2016-06-30,2016-06-30,38501000.0,789353000.0,425935000.0,0.53,721477000.0,0.9140105884,2541447000.0,1459648000.0,1520018000.0,292448000.0,1081799000.0,1027635000.0,1487672000.0,1350923072.902,1602191072.902,20.060856777669358,5.197566746908852,0.19418347106982756,0.33810000767308285,0.13736208092270377,20.060856777669358,0.026376907309159467,1.711430846404587,8.771999901963586,0.9255129133201977,0.047271499441572946,0.06605068920385156,0.0013472269713258708,0.31059195804594786,1.4497414925046503,0.015149243718243976,11.962375901231725,0.9140105884186163,-0.22058823529411767,2.9045576225933734,0.7909247278153378,0.596760303761199,-0.07023404044192032,-0.22512930947732807,-0.0912708148875116,0.5534350641938613,0.491525472326783,0.2526565330308162,Rental & Leasing Services,Industrials,PRG
2016Q1,2016,Q1,2016-03-31,2016-03-31,49687000.0,854427000.0,468715000.0,0.68,775977000.0,0.9081840813,2548767000.0,1417922000.0,1513229000.0,306133000.0,1130845000.0,1102233000.0,1450991000.0,1546321786.552,1945457786.552,19.52146377729438,4.943044363070952,0.20325161146546547,0.36535225491952306,0.1508841793999951,19.52146377729438,0.03504212502521295,1.809776360709575,7.780313696500092,1.0905549011525317,0.036548795459576955,0.07117369920878798,0.0011743998020291304,0.3352315060576349,1.0366082715682399,0.019494524215042018,8.569110995949083,0.908184081261477,1.2666666666666668,0.23424200808414714,0.7686981095636388,0.5365752024433874,0.10482320880923295,1.2869833379361133,-0.19514561439659317,0.016184588106795912,0.49745954210462456,0.24398265238528885,Rental & Leasing Services,Industrials,PRG
2015Q4,2015,Q4,2015-12-31,2015-12-31,21726000.0,821199000.0,582360000.0,0.3,702354000.0,0.855278684,2658875000.0,1366618000.0,1595426000.0,425401000.0,1292257000.0,1138938000.0,1403120000.0,1378646606.724,1974154606.724,18.824976582731832,3.7504049120711986,0.22958958206008181,0.44668663810955217,0.18527082774296563,18.824976582731832,0.01589763928178906,1.6788215849313017,15.864017844103838,1.008801732981711,0.0834944306361042,0.10434720766187448,0.0013157831681829659,0.30885205208969957,0.9246569707170411,0.008171125005876545,-19.78312775117667,0.8552786839730686,-0.09090909090909098,-0.2214749652388159,0.8701586784625824,0.5393581585110424,0.018509549152394902,-0.10200876250309994,0.8016111667965995,-0.382729658383021,0.5034966858739413,0.25192094070982113,Rental & Leasing Services,Industrials,PRG
2015Q3,2015,Q3,2015-09-30,2015-09-30,24194000.0,767694000.0,323244000.0,0.33,689590000.0,0.8982615469,2335674000.0,1343362000.0,1285815000.0,335387000.0,992312000.0,1052615000.0,1383208000.0,2223138675.486,2650387675.486,18.50717769266801,3.8338248053740904,0.21157104972697388,0.36785393661574467,0.11642512052563489,18.50717769266801,0.018010037502921773,2.895865638504404,22.972004169277508,1.654906626423853,0.1380507563858808,0.07419996864950623,0.0015023804123554475,0.3286819992858592,0.49236553593311605,0.010358466121556347,-102.76133287815476,0.8982615469184336,-0.41071428571428575,0.032195429820677114,0.8963256516693774,0.5500738120321585,0.0026943439134436563,-0.40329502293691116,-0.06252555807229056,-0.12668507949554045,0.5145747666077404,0.2846209058858802,Rental & Leasing Services,Industrials,PRG
2015Q2,2015,Q2,2015-06-30,2015-06-30,40546000.0,769049000.0,344803000.0,0.56,687737000.0,0.8942694159,2354707000.0,1317089000.0,1301923000.0,344622000.0,1037618000.0,1038133000.0,1360685000.0,2228865155.124,2632579155.124,18.14872126991126,3.7778290416746465,0.2101569324761,0.37572100290868726,0.11989415616161614,18.14872126991126,0.03078455594117026,2.8982095485775288,13.742817757140038,1.6922661681359423,0.0,0.07832522422464173,0.0,0.32660071932516443,0.571394165201293,0.017219127475307967,-126.03139129906701,0.8942694158629684,-0.1764705882352941,0.8629974952529381,0.940312024364621,0.5593387622966909,-0.05434247543512756,-0.17661393497552952,-0.08874124229282125,0.17041274668984777,0.49134333159320426,0.27607566181097504,Rental & Leasing Services,Industrials,PRG
2015Q1,2015,Q1,2015-03-31,2015-03-31,49243000.0,821814000.0,378381000.0,0.68,727258000.0,0.8849423349,2404660000.0,1274797000.0,1349103000.0,372018000.0,1129863000.0,1048279000.0,1321808000.0,1741268994.341,2132099994.341,17.579284857343794,3.626445494572843,0.21652458143770845,0.4084320876186561,0.13333674528492198,17.579284857343794,0.038628110985513775,2.118811549013524,8.840185378332961,1.3659186477070469,0.03387283471762484,0.09020117735831777,0.0009579220702952162,0.3417589181006878,0.6511405362106135,0.020478154915871682,8.090985099929837,0.8849423348835624,1.2666666666666668,0.49491176902745404,0.8625658261799819,0.5470784840581402,0.10933355298582478,1.228795148003983,0.3163733901100048,-0.27570754397629627,0.4670171792629249,0.2681841488807402,Rental & Leasing Services,Industrials,PRG
2014Q4,2014,Q4,2014-12-31,2014-12-31,22094000.0,759742000.0,287442000.0,0.3,655581000.0,0.8628995106,2456844000.0,1223521000.0,1387975000.0,370531000.0,1233323000.0,1087032000.0,1274233000.0,1879367874.946,2481900874.946,16.880342705775227,3.745907899743881,0.24669128361426285,0.4953588863615745,0.10074444286475137,16.880342705775227,0.018057720300673222,2.4736922204458884,21.26559105352132,1.536032381091947,0.07549560966778311,0.09582146615739003,0.0008875324635672655,0.30923493717956857,0.6342978050419533,0.00899283796610611,-38.824299686946105,0.8628995106233431,1.3076923076923075,-0.010050891224494362,0.9118741021298342,0.5486362688585056,0.03936412409314596,1.3769768692845616,0.05966666298012586,-0.24158253915364414,0.5211647398487109,0.31320594222178166,Rental & Leasing Services,Industrials,PRG
2014Q3,2014,Q3,2014-09-30,2014-09-30,9295000.0,707564000.0,271257000.0,0.13,630752000.0,0.8914416222,2287928000.0,1201246000.0,1212365000.0,345565000.0,1086682000.0,1036407000.0,1253807000.0,1492204273.34,2039040273.34,16.605557091512303,3.5083558809485913,0.24355530418789403,0.46388250200208786,0.10863034164179722,16.605557091512303,0.007737798918789324,2.1089318751943287,40.134595840236685,1.2422137291945197,0.32641204948897257,0.07411374103030952,0.0020332336893855688,0.3092597319496068,0.290023584564409,0.004062627844932183,447.4375632203898,0.8914416222419456,0.08333333333333341,-0.5756309909327079,0.9165102069468485,0.5680520835457027,0.06761452594341619,0.09288653733098177,0.15168768309769456,-0.6466088506696627,0.5549310298280439,0.3649573943990366,Rental & Leasing Services,Industrials,PRG
2014Q2,2014,Q2,2014-06-30,2014-06-30,8505000.0,672510000.0,235530000.0,0.12,590805000.0,0.8785073828,2369487000.0,1188788000.0,1206358000.0,356216000.0,1180699000.0,1038148000.0,1246029000.0,2183924911.968,2779016911.968,16.45472413697644,3.386591281694253,0.2585635624926408,0.5153677527027527,0.08199254300652815,16.45472413697644,0.007154345434173292,3.247423699228264,64.19532369100529,1.8371020837760812,0.0,0.07870265125974331,0.0,0.28382092832752404,0.272449861881555,0.003589384537665748,-23.821430338114506,0.878507382789847,-0.7735849056603774,-0.655632231766689,0.8107192566929796,0.5970640145166329,0.197165974674926,-0.77816322804455,0.09336774720658073,-0.13132165136404378,0.5367020407640789,0.30972722663133145,Rental & Leasing Services,Industrials,PRG
2014Q1,2014,Q1,2014-03-31,2014-03-31,38339000.0,585423000.0,215417000.0,0.53,493503000.0,0.8429853286,1861230000.0,1179015000.0,1282755000.0,340341000.0,682215000.0,871861000.0,1239041000.0,1858695575.285,1710068575.285,16.2696813722108,3.769028709441413,0.07632210957270193,0.12048447220773273,0.10297584126436743,16.2696813722108,0.03251782208029584,3.174961652147251,12.120135992625004,1.5764817031886786,0.0814053574688959,0.10542964990979066,0.0016791345723849624,0.3145355490723876,1.0329140479695365,0.02059874384143819,46.208621103942924,0.8429853285572996,0.7666666666666668,0.21381841738126806,0.3746365268823853,0.639343378222498,0.1099108703132696,0.6908794213636764,0.24582588730618643,-0.04545148138180642,0.21464175880825756,0.2806206150007822,Rental & Leasing Services,Industrials,PRG
2013Q4,2013,Q4,2013-12-31,2013-12-31,22674000.0,547968000.0,172911000.0,0.3,444633000.0,0.8114214699,1827176000.0,1139963000.0,1240776000.0,332005000.0,687213000.0,869725000.0,1202219000.0,1875889509.622,1787502509.622,15.153641644622276,3.7372208249875754,0.07810085071169937,0.12518301032577372,0.08860858940022362,15.153641644622276,0.019890119240712198,3.4233559434529024,20.683266181772073,1.6455705225713466,0.0,0.11881341803443617,0.0,0.29989886031778,0.9029231487477598,0.012409313607446683,38.43484560866269,0.8114214698668535,0.07142857142857129,0.15317522892757215,0.4508784252343494,0.6047704591391633,-0.02653512949011829,0.07266534203803576,-0.06533078914793213,-0.21592086178590558,0.2042708987662152,0.23914533408768013,Rental & Leasing Services,Industrials,PRG
2013Q3,2013,Q3,2013-09-30,2013-09-30,21138000.0,539458000.0,184997000.0,0.28,456753000.0,0.8466887135,1917481000.0,1240406000.0,1336151000.0,291937000.0,677075000.0,898413000.0,1181149000.0,1787954031.288,1619811031.288,16.29947044059868,4.57684705946831,0.07358664831620235,0.11375388380901091,0.09621279277117176,16.29947044059868,0.017041194576614432,3.3143526118585696,21.146206255180243,1.441426461406991,0.12233891569684928,0.09205677121769164,0.0014463459097643055,0.28133681637523394,1.2637726632800912,0.011023838045852866,15.543371566443538,0.8466887134864994,-0.1764705882352941,0.054675002615462265,0.4621394843538409,0.7632564967443575,-0.022754114354668925,-0.18240891158041309,-0.0836969711978999,-0.13983721301407262,0.2709981316654206,0.36516667746555814,Rental & Leasing Services,Industrials,PRG
2013Q2,2013,Q2,2013-06-30,2013-06-30,25854000.0,552064000.0,201895000.0,0.34,467388000.0,0.8466192326,1875212000.0,1215528000.0,1310749000.0,263826000.0,659684000.0,965909000.0,1161308000.0,1828962943.591,1759645943.591,16.01465066336412,4.968232850439304,0.07537707736511925,0.11628526862400537,0.0952514406184206,16.01465066336412,0.021269769186723794,3.312954555252652,17.685492995194167,1.5046654158448016,0.0498568886826023,0.08766457295666569,0.0007047709766438282,0.2944008464109658,1.0201344825756369,0.013787241122603738,1266.594836281856,0.8466192325527475,-0.4925373134328358,0.1690273065628827,0.4132111618052179,0.789527512270654,-0.07256557094043552,-0.49305882352941177,-0.1472011962288379,0.13583067549406816,0.33176803013284306,0.3759793416093491,Rental & Leasing Services,Industrials,PRG
2013Q1,2013,Q1,2013-03-31,2013-03-31,51000000.0,595141000.0,236744000.0,0.67,503958000.0,0.846787568,1861826000.0,1188880000.0,1298055000.0,270105000.0,672946000.0,961690000.0,1136743000.0,1819139498.48,1750689498.48,15.692713833157338,4.805742211362248,0.07600441716895134,0.11902546934930354,0.1119852991535103,15.692713833157338,0.04289751699078124,3.0566529586770192,8.917350482745098,1.5301287753852366,0.0,0.09481537709656958,0.0,0.3196544682478384,1.0260491290424094,0.02739246309805535,21.398871892813872,0.8467875679880902,0.3958333333333335,1.1821392613509327,0.4412845665551611,0.8218031106461754,0.12578577013291634,0.39222537671980784,-0.6412045526878135,0.48197574918981906,0.29109389801848917,0.3810493501171704,Rental & Leasing Services,Industrials,PRG
2012Q4,2012,Q4,2012-12-31,2012-12-31,36632000.0,568463000.0,659830000.0,0.48,447650000.0,0.7874742947,1812929000.0,1136126000.0,1256249000.0,284832000.0,676803000.0,964067000.0,1087032000.0,1812318629.5240002,1824312629.5240002,15.036873312509927,4.410491096506011,0.07806593639353775,0.12457069022273938,0.32738142709454865,15.036873312509927,0.032242902635799195,3.188103059520145,12.368411699634201,1.5951739767631408,0.06628084734658223,0.12531597907614306,0.0013397202679739087,0.3135605420841081,0.7151268115942029,0.020205976075179998,-38.82513827468455,0.7874742947210285,0.26315789473684204,1.5111015681773157,0.55345347233507,0.7917500383871984,0.005654489781705693,0.2657475553712726,13.139719275688417,0.5745641541475096,0.3723237129481582,0.37951271415931687,Rental & Leasing Services,Industrials,PRG
2012Q3,2012,Q3,2012-09-30,2012-09-30,28941000.0,529510000.0,46665000.0,0.38,445133000.0,0.8406507904,1769476000.0,1092433000.0,1231683000.0,535429000.0,677043000.0,908607000.0,1051687000.0,1768033704.36,1879003704.36,14.406723110196761,2.300366621905052,0.1506739848407099,0.24405524183176452,0.021582277979153738,14.406723110196761,0.026492242544851722,3.3389996494117202,15.272741995438995,1.61843674107245,0.03945959020075326,0.09286413157723857,0.000645915288370244,0.29924678266334215,0.6033965287647849,0.016355689480953683,78.88077560274827,0.8406507903533456,-0.1914893617021276,0.9498216627933861,0.5802150517383585,0.7470099355675406,-0.002469550797225677,-0.20149541993157488,-0.20353302611367127,0.2605402069867611,0.36825951671531604,0.3604176039090474,Rental & Leasing Services,Industrials,PRG
2012Q2,2012,Q2,2012-06-30,2012-06-30,36244000.0,539515000.0,58590000.0,0.47,446235000.0,0.827103973,1771067000.0,1079856000.0,1240516000.0,537506000.0,691211000.0,904624000.0,1023888000.0,1823149481.2710001,2004242481.2710001,14.22229246513098,2.3079109814588117,0.16414116461997202,0.2692071905883747,0.026444645659697015,14.22229246513098,0.033563734423849106,3.379237799266008,12.575526164820385,1.6883264817447883,2.7590773645293013e-05,0.10311466421408232,5.485013764767411e-07,0.30462709767614665,0.624908373115835,0.020464499649081598,-30.20659886790046,0.8271039730127985,-0.48913043478260876,0.9739723624336115,0.6089754044882888,0.7664267434105394,-0.05911189828578658,-0.4911408755229832,-0.27843938964765574,0.396374361006073,0.3822081956476624,0.3803884714754889,Rental & Leasing Services,Industrials,PRG
2012Q1,2012,Q1,2012-03-31,2012-03-31,71226000.0,586876000.0,81199000.0,0.92,474270000.0,0.8081264185,1816405000.0,1053093000.0,1297977000.0,609751000.0,763312000.0,856423000.0,988785000.0,1668913454.67,1725339454.67,13.861776204077872,2.1287000759326347,0.15996487567475315,0.27591200397305843,0.0374191951907938,13.861776204077872,0.06763505217487914,2.8437241507064526,5.857809840051386,1.5847730966495839,0.03192654367787044,0.13148409138941855,0.001362563165655373,0.32309754707788185,0.7241546139325725,0.03921262053341628,21.045036123553,0.8081264185279343,1.3,1.607844519577866,0.6177767719106314,0.7761129043955128,0.15147336245177612,1.3326783258007466,0.6659964299636841,1.1510174663870716,0.3144887942586972,0.3967213315788114,Rental & Leasing Services,Industrials,PRG
2011Q4,2011,Q4,2011-12-31,2011-12-31,30534000.0,523489000.0,48739000.0,0.4,411881000.0,0.7867997226,1735149000.0,976554000.0,1224136000.0,604806000.0,758595000.0,862276000.0,918699000.0,1719174120.937,1696706120.937,12.85429966697819,2.0240143120273277,0.08863158149530674,0.15748130671729366,0.02701303940485322,12.85429966697819,0.031267088148735245,3.284069237246628,14.075899988021549,1.7604496227930047,0.030654352525054038,0.1294341950837087,0.0005444474696314371,0.3016968571575121,0.598307556472654,0.017597336021286932,-161.59170231572517,0.786799722630275,0.11111111111111122,0.7148417111894693,0.6471232480790523,0.7203900832678082,0.025051329591976406,0.08875022285612409,0.0808790916348798,0.5377182318618886,0.37249030503556896,0.361270172692088,Rental & Leasing Services,Industrials,PRG
2011Q3,2011,Q3,2011-09-30,2011-09-30,28045000.0,485195000.0,45092000.0,0.36,401815000.0,0.8281515679,1667045000.0,938371000.0,1159474000.0,533380000.0,728674000.0,802284000.0,889248000.0,1651915346.3820002,1723766346.3820002,12.165623014792631,2.1738235404402113,0.17443680284575402,0.30989235600844445,0.02281630212379949,12.165623014792631,0.02988689974434419,3.4046421467286354,14.725578056534143,1.7604075002126025,0.03701194508825102,0.10392828474704718,0.0006283614970182411,0.2910509314385634,0.6696726536428063,0.016823181137881702,21.899978077449294,0.8281515679262976,1.769230769230769,0.6938971353940329,0.6034045753604952,0.6810214482613479,0.0025974738880266686,1.5969997221964998,1.558121064276394,0.3805760785335466,0.2974708951432079,0.3160620092506444,Rental & Leasing Services,Industrials,PRG
2011Q2,2011,Q2,2011-06-30,2011-06-30,10799000.0,482700000.0,17627000.0,0.13,400774000.0,0.8302755335,1555593000.0,1001133000.0,1075247000.0,471829000.0,554460000.0,803734000.0,862186000.0,1910030787.99,1798782787.99,12.563474135983736,2.2788912932439507,0.04186892072669394,0.06505729009032765,0.010127885776880773,12.563474135983736,0.010786778579869009,3.9569728361093848,44.21776988586906,1.907869172217877,0.09667561811278823,0.10193173363326673,0.0005465880479856777,0.31029967350071647,0.5754478847209477,0.006942047180721436,53.64802932309075,0.8302755334576342,-0.7636363636363637,-0.48922306402508786,0.4654047092691279,0.7229302098917108,-0.07463010510371834,-0.7567190069611841,-0.7549048234819727,-0.5349004459540511,0.17695646995742903,0.40388217568030627,Rental & Leasing Services,Industrials,PRG
2011Q1,2011,Q1,2011-03-31,2011-03-31,44389000.0,532665000.0,71919000.0,0.55,433096000.0,0.8130738832,1548758000.0,1017493000.0,1084080000.0,489802000.0,531265000.0,822248000.0,852428000.0,1722694688.1060002,1591940688.1060002,12.704528711808113,2.2133025181603996,0.04226806253785291,0.06433754335410662,0.04098873823128548,12.704528711808113,0.04362585295427094,3.234105278375715,9.702261191432564,1.6930776802454663,0.023767149519024984,0.1210936359833043,0.0006124126389220538,0.3439304268323392,0.534567029126055,0.02866103032236153,13.396801369515515,0.8130738832098974,0.4473684210526317,0.9350793490676295,0.44164374241969684,1.0688946242325952,0.13597461016904697,0.4418098548088479,0.4438666934350532,0.796613850414647,0.22025647870943132,0.47489785212051594,Rental & Leasing Services,Industrials,PRG
2010Q4,2010,Q4,2010-12-31,2010-12-31,30787000.0,484429000.0,49810000.0,0.38,381255000.0,0.7870193568,1502072000.0,979417000.0,956168000.0,440652000.0,522655000.0,814484000.0,809084000.0,1385084554.213,1354852554.213,12.229107617775226,2.169893702967421,0.027821569139162436,0.04266824039198829,0.030147658603985286,12.229107617775226,0.031434006148555724,2.8592106463754234,11.247316677599311,1.4141928863936402,6.496248416539448e-05,0.12667406603444634,1.4439551678752152e-06,0.3225071767531783,0.32153263800005444,0.020496354369164728,-58.50409943877508,0.7870193568097699,0.1875,0.980929082376825,0.5374740012503197,1.1188448681202532,0.02618659259378886,0.1760189464838229,0.18355708684804561,0.9909809622232911,0.24888447927595164,0.45718485407206727,Rental & Leasing Services,Industrials,PRG
2010Q3,2010,Q3,2010-09-30,2010-09-30,26179000.0,452150000.0,42085000.0,0.32,371526000.0,0.8216874931,1403145000.0,967939000.0,878319000.0,360158000.0,435206000.0,716696000.0,779349000.0,1265214577.22,1207259577.22,11.93954607129641,2.4387046796128367,0.030012578885289833,0.04350687388358151,0.02591849322459955,11.93954607129641,0.027046125840574663,2.7982186823399315,12.082342499904502,1.3071222228053627,0.07471637572099775,0.11249400024557134,0.0015459828200034117,0.32224039568255597,0.4487558238328733,0.01865737325793129,35.53075282147772,0.8216874930885768,0.06666666666666674,1.7311496567013391,0.49688716087340595,1.129140810695495,0.0009025003300187774,0.0713730304890526,0.0700755167942231,0.6496956886702233,0.26210065294942386,0.4478313668677392,Rental & Leasing Services,Industrials,PRG
2010Q2,2010,Q2,2010-06-30,2010-06-30,24435000.0,444999000.0,39329000.0,0.3,371191000.0,0.8341389531,1341001000.0,948312000.0,876762000.0,306125000.0,392689000.0,737473000.0,754146000.0,946787365.143,915878365.143,11.638728997655837,2.8640653327888934,0.040587590911565316,0.057394612743485264,0.02436823104693141,11.638728997655837,0.02576683623111381,2.1276168376625564,9.686795223480665,0.9983922645110471,4.092490280335584e-05,0.10008230809805918,1.0562033639400784e-06,0.33184091585315745,0.45500694160881994,0.01822146292210073,-30.620548678622253,0.834138953121243,-0.33333333333333337,0.38948046623287697,0.5033273384333712,1.1219593790324547,-0.06956615464827144,-0.33914807302231237,-0.3396964507571942,0.24013178788095704,0.2366746739957173,0.44554488744847187,Rental & Leasing Services,Industrials,PRG
2010Q1,2010,Q1,2010-03-31,2010-03-31,36975000.0,495269000.0,59562000.0,0.45,398944000.0,0.8055097331,1373729000.0,924928000.0,924775000.0,358771000.0,448801000.0,746967000.0,730688000.0,1249636878.207,1193529878.207,11.362891436012728,2.5776191498198013,0.0411726039124165,0.061150705784666484,0.03767239130789169,11.362891436012728,0.0399760846249654,2.5231477807151266,8.449201340141988,1.3510639511475488,0.026396213657876946,0.1289548266523153,0.0007810268863066695,0.3605288961651097,0.4956030448391871,0.026915789067567183,-64.45081634983754,0.8055097330945405,0.4516129032258065,0.8407086622440373,0.6259576525896233,1.1567227484765386,0.13457556935817805,0.4752234280242579,0.4633319411345601,0.263514109091424,0.27421339060694194,0.4559301646213541,Rental & Leasing Services,Industrials,PRG
2009Q4,2009,Q4,2009-12-31,2009-12-31,25064000.0,446268000.0,40703000.0,0.31,351624000.0,0.7879211595,1321456000.0,887260000.0,858182000.0,340954000.0,434196000.0,682402000.0,694689000.0,1035610661.754,980969661.754,10.900133908278972,2.517002293564528,0.041654054315845554,0.062038184973964794,0.02713599547315508,10.900133908278972,0.028248765863444762,2.3206025566565383,10.329662681076444,1.167200890104366,0.03894031279923396,0.13869244228475297,0.000942439119298909,0.3377093145742272,0.5155534177631,0.01896695765882481,69.87926192672064,0.7879211594826427,0.03333333333333337,0.6696472282322655,0.6908260422870619,1.1688383815681607,0.014866959330164256,0.01737295015424582,0.1303562998139354,0.3137704603446148,0.3105182001114763,0.4588490052296008,Rental & Leasing Services,Industrials,PRG
2009Q3,2009,Q3,2009-09-30,2009-09-30,24636000.0,415259000.0,36009000.0,0.3,346473000.0,0.8343539815,1261023000.0,861660000.0,798676000.0,314082000.0,399363000.0,658093000.0,670601000.0,967098294.114,934351294.114,10.589926996534178,2.542890073292962,0.04388341846262915,0.06422254717638047,0.027662539270008862,10.589926996534178,0.028591323723974653,2.3289038747239674,9.813872931015588,1.1223664718264745,0.07489040428641013,0.10452322088215496,0.001907768849587604,0.3293032720259662,0.44759967142338625,0.019536519159444356,32.93146368760854,0.8343539814910694,-0.11764705882352951,1.1205266440698363,0.642824954474891,1.1876611444740546,-0.0072406876790830944,-0.11221621621621622,-0.20883684141143385,0.41058428569024497,0.30089759948011424,0.46329492497423663,Rental & Leasing Services,Industrials,PRG
2009Q2,2009,Q2,2009-06-30,2009-06-30,27750000.0,417310000.0,45514000.0,0.34,349000000.0,0.8363087393,1257455000.0,836360000.0,801568000.0,308604000.0,421095000.0,670494000.0,646888000.0,1078667918.0235,1076501918.0235,10.303108696589488,2.5973999040841984,0.06450568807631286,0.09698335644937586,0.031124964831744952,10.303108696589488,0.03317949208474819,2.5848120534458796,9.717728991202703,1.2897172485813526,3.603603603603604e-05,0.10188010630967614,9.270693818653221e-07,0.3318687348652636,0.42473201902762114,0.022068384156888318,22.014978835918527,0.8363087393065107,-0.20930232558139528,0.6542210758717396,0.6619552219150864,1.1880211892873074,-0.08214173940715298,-0.21054877528377572,-0.22214246650259775,0.2884506222528078,0.24364414801216466,0.41294812541611287,Rental & Leasing Services,Industrials,PRG
2009Q1,2009,Q1,2009-03-31,2009-03-31,35151000.0,473950000.0,58512000.0,0.43,380233000.0,0.8022639519,1232144000.0,800387000.0,757723000.0,319688000.0,431757000.0,692401000.0,620061000.0,1067091589.9200001,1139999589.92,9.924510989181314,2.3701953154325466,0.06399008557441338,0.09850859646645935,0.041113498899835926,9.924510989181314,0.04391750490700124,2.251485578478743,7.589340203123667,1.3332195424463416,0.051975761713749256,0.1353507577256532,0.0017121304462131223,0.3846547156825826,0.20433047221040515,0.028528321365035254,62.42857251038437,0.8022639518936596,0.6538461538461537,1.5160214639255682,0.7930663591931374,1.1702497884637069,0.19488212483266187,0.667583851226339,0.6455368693402329,0.5217491344761576,0.2738499644258345,0.6161770262733585,Rental & Leasing Services,Industrials,PRG
2008Q4,2008,Q4,2008-12-31,2008-12-31,21079000.0,404894000.0,35558000.0,0.26,318218000.0,0.7859291568,1233270000.0,761544000.0,747975000.0,356909000.0,471726000.0,681086000.0,585827000.0,1000968382.0799999,1108409382.08,9.442871756719056,2.0957022658436744,0.0930996456574797,0.15076870148015084,0.024981986456933603,9.442871756719056,0.027679293645541163,2.4721739074424414,11.87163032022392,1.314393366739151,9.488116134541487e-05,0.12726146184182321,1.9980651095532353e-06,0.32830929155821514,0.1874119173234634,0.017091958776261483,-242.30655581699344,0.7859291567669563,0.0,0.8837002061539865,0.7739788823061902,1.1820048095370614,0.0038391046085028122,4.744283138817725e-05,-0.45203495091769275,0.3468943217048676,0.27614772203697713,0.6360948801333546,Rental & Leasing Services,Industrials,PRG
2008Q3,2008,Q3,2008-09-30,2008-09-30,21078000.0,388019000.0,64891000.0,0.26,317001000.0,0.8169728802,1169583000.0,739831000.0,685493000.0,247573000.0,429752000.0,630444000.0,565660000.0,998784463.068,1145645463.0679998,9.24395881750256,2.768852015365165,0.13119205734009473,0.20739871673395682,0.04438909644909664,9.24395881750256,0.028490290350093466,2.574060711119816,11.846290718616569,1.3500170485800136,0.08084258468545402,0.11264759439379231,0.0017060737957073997,0.3317584130412292,0.22235461863773515,0.018021807772513793,17.347236054397666,0.8169728801940112,-0.10344827586206887,1.2410824333307633,0.894318523648659,1.1968506375233154,-0.07267078746676106,-0.09454873491129344,0.6204924582958745,1.2274475971821437,0.3012033428704234,0.6484454143570393,Rental & Leasing Services,Industrials,PRG
2008Q2,2008,Q2,2008-06-30,2008-06-30,23279000.0,411191000.0,40044000.0,0.29,341843000.0,0.8313484488,1190983000.0,714970000.0,743278000.0,231178000.0,476013000.0,687745000.0,545434000.0,904414964.904,1112611964.904,8.949094413778429,3.2151761845850384,0.17984051829455164,0.2995748073345735,0.0266335206345723,8.949094413778429,0.032559408087052606,2.1995008764880555,9.712777233815887,1.2649691104577814,0.03672838180334207,0.10083388465201491,0.0009453625085590605,0.3452534586975633,0.2402174947443096,0.019546038860336377,-18.935868784891756,0.8313484487744138,-0.06451612903225812,1.4366631796520253,1.121489281561666,1.188808192631773,-0.018856931285572007,-0.05954833757524341,-0.06469846311954033,0.3500236715490343,0.41669082601415697,0.6315883657905251,Rental & Leasing Services,Industrials,PRG
2008Q1,2008,Q1,2008-03-31,2008-03-31,24753000.0,437331000.0,42814000.0,0.31,348413000.0,0.7966803177,1151002000.0,691157000.0,717555000.0,247210000.0,459845000.0,657274000.0,523005000.0,862042409.184,1036909409.184,8.613836336897728,2.902613162897941,0.15808747508692425,0.2632672460815705,0.030059803719481023,8.613836336897728,0.03581385994788449,1.971144074360153,8.706443756150769,1.2472454293076682,0.035106855734658424,0.13528300221825296,0.001008071053978175,0.3799567681029225,0.24384531370090207,0.02150560989468307,-177.083485863599,0.7966803176541338,0.631578947368421,1.5809059338975806,1.0856393898277716,1.1757969616382573,0.12648565109993146,0.5977924089852827,0.557382416063439,0.2500969333554357,0.45652291879626244,0.6349409729078697,Rental & Leasing Services,Industrials,PRG
2007Q4,2007,Q4,2007-12-31,2007-12-31,15492000.0,388611000.0,27491000.0,0.19,309292000.0,0.7958910067,1113176000.0,673380000.0,680726000.0,224192000.0,439796000.0,623452000.0,499109000.0,783097444.554,963680444.554,8.392282958199356,3.0363527690550955,0.166938561377536,0.27596899224806204,0.019845288572876606,8.392282958199356,0.02300632629421723,2.015119089665501,12.637126332203719,1.1629354072796938,0.05247869868319133,0.12722551214848937,0.0010381849738547294,0.3491011304591547,0.25546852697687694,0.013916936764716451,-24.747106704398938,0.7958910066879219,0.0,0.7440878560006517,0.87231356753229,1.18932778636713,0.0382514761813647,-0.026823292920409574,-7.274578983741316e-05,0.046937610554123335,0.49367889906157,0.6698423654133798,Rental & Leasing Services,Industrials,PRG
2007Q3,2007,Q3,2007-09-30,2007-09-30,15919000.0,359381000.0,27493000.0,0.19,297897000.0,0.8289169433,1077507000.0,670651000.0,670020000.0,227595000.0,406856000.0,614232000.0,484486000.0,981792177.039,1124560177.039,8.246503249288354,2.9439135306135897,0.1415220504367953,0.2273775779056469,0.021004847556933166,8.246503249288354,0.023736637983094038,2.7318978383359167,15.418559222297255,1.4639390339222635,0.051071047176330174,0.10009898539965355,0.0008280774883050479,0.33353008379527926,0.24511962037830357,0.014773917942064414,111.71963780598544,0.8289169432997292,-0.2083333333333333,1.128664244002175,1.1138081266561464,1.2129609234265908,-0.0015886262404858382,-0.19016126570687286,-0.18104911977599714,0.3708992703503368,0.4224715020812578,0.7035579888465142,Rental & Leasing Services,Industrials,PRG
2007Q2,2007,Q2,2007-06-30,2007-06-30,19657000.0,358985000.0,33571000.0,0.24,298371000.0,0.8311517194,1023931000.0,654474000.0,712619000.0,217254000.0,369457000.0,619532000.0,469380000.0,1199648114.355,1312196114.355,8.051447657360079,3.2801191232382374,0.12026982286892378,0.18816331894009541,0.026791458281458444,8.051447657360079,0.030034806577495823,3.3417778301461065,15.257263498435671,1.8329958323096103,0.041257567278831966,0.0978383683167294,0.0006760315715046494,0.35059491313379515,0.24030397599123607,0.019197582649612133,-199.47590860575323,0.831151719431174,-0.3142857142857143,1.4807647266845685,1.0068617627096936,1.0802005872193383,-0.04824926554321094,-0.3269764097647824,-0.3116323894277102,0.17018451815374178,0.4277210963712915,0.7098468624884989,Rental & Leasing Services,Industrials,PRG
2007Q1,2007,Q1,2007-03-31,2007-03-31,29207000.0,387934000.0,48769000.0,0.35,313497000.0,0.8081194224,1017257000.0,634054000.0,693957000.0,234800000.0,383203000.0,637816000.0,450535000.0,1103432776.878,1212214776.878,7.804558015300062,2.955523850085179,0.11619679196112684,0.1864226075381592,0.04039034268084288,7.804558015300062,0.04606389992019607,2.844382747781839,9.444934235611326,1.740282021528135,0.027801554421885165,0.11670607197059966,0.0007358853362118117,0.38135299142694523,0.23910136286201022,0.028711525209460343,-316.805276163652,0.8081194223759711,0.5217391304347825,3.0803988543593035,1.0483404108324352,1.330557844301508,0.15034639151047247,0.533900530434326,0.49446878926240306,1.0752794401963475,0.4569164778759858,0.7066675023305015,Rental & Leasing Services,Industrials,PRG
