Quarters,Year,Quarter,FillingDate,Date,NetIncome,Revenue,OperatingIncome,EPSDiluted,GrossProfit,GrossProfitRatio,TotalAssets,CommonStockEquity,CurrentAssets,CurrentLiability,TotalLiability,Inventory,RetainedEarnings,MarketCap,EnterpriseValue,bookValuePerShare,currentRatio,debtToAssets,debtToEquity,roic,shareholdersEquityPerShare,roe,priceToSalesRatio,peRatio,pbRatio,payoutRatio,inventoryTurnover,dividendYield,assetTurnover,quickRatio,returnOnAssets,priceToFreeCashFlowsRatio,grossProfitMargin,epsdilutedGrowth,fiveYNetIncomeGrowthPerShare,fiveYRevenueGrowthPerShare,fiveYShareholdersEquityGrowthPerShare,grossProfitGrowth,netIncomeGrowth,operatingIncomeGrowth,threeYNetIncomeGrowthPerShare,threeYRevenueGrowthPerShare,threeYShareholdersEquityGrowthPerShare,Industry,Sector,Symbol
2023Q1,2023,Q1,2023-05-01,2023-03-31,5168000.0,445923000.0,-70372000.0,0.0269,217131000.0,0.4869248727,16272418000.0,5691632000.0,1857788000.0,1054620000.0,9909221000.0,0.0,-3961392000.0,2949026530.0,11076567530.0,29.66415627329063,1.761570992395365,0.5542199075761205,1.5845188163957191,-0.001483685060481135,29.66415627329063,0.0009079996739072379,6.613308867225956,142.658017124613,0.518133732117607,16.92705108359133,0.0,0.02966368702013678,0.027403610207161592,1.8527118772638487,0.0003175926282129675,32.09929608585858,0.48692487267981244,1.0098175182481752,-0.44840665384254724,-0.14115850537274974,0.34869277269545246,-0.06995541049331157,1.0098437720237257,0.8509459379315604,1.0492389403007645,-0.001215499027113304,-0.17113372725646764,REIT—Office,Real Estate,VNO
2022Q4,2022,Q4,2023-02-13,2022-12-31,-525002000.0,446940000.0,-472124000.0,-2.74,233463000.0,0.5223587059,16493375000.0,5839728000.0,2312860000.0,1065763000.0,9980263000.0,0.0,-3894580000.0,3992003109.9999995,12227326110.0,30.442045341993733,2.1701447695219294,0.5532531698333422,1.562574832252461,-0.030475057727784572,30.442045341993733,-0.08990178994638107,8.931854633731596,-1.9009466202033514,0.6835940149952189,-0.2232277210372532,0.0,0.029357442058706214,0.02709815304629889,2.0058802942117526,-0.031831083692694793,26.216092872669478,0.5223587058665593,-69.5,-13.237748553705,-0.13869047665090736,0.39121997603324166,-0.010057879449615196,-23.534208944973816,-5.9146307187841565,-4.259596191640008,-0.03309542340296503,-0.1349290148108438,REIT—Office,Real Estate,VNO
2022Q3,2022,Q3,2022-10-31,2022-09-30,23298000.0,457431000.0,96065000.0,0.04,235835000.0,0.515564096,17175674000.0,6438046000.0,1829375000.0,1092030000.0,10001098000.0,0.0,-3299630000.0,4441925880.0,12719114880.0,33.56767973805092,1.6752058093642117,0.531135604925897,1.4169845943940134,0.004977837845917665,33.56767973805092,0.0036187998656735288,9.710592154882375,47.664240278135466,0.6899493852637897,5.029830886771396,0.0,0.026381574831680892,0.026632491976734073,1.8903555763120061,0.0013564533188042576,20.560093128315266,0.5155640960057364,-0.8461538461538461,-0.3804939846363102,-0.14481386247872344,0.3922745821230147,0.020113761705993036,-0.6467163024853291,-0.07432211065929195,-0.9308990744814647,-0.023317271113778116,-0.09468295989970862,REIT—Office,Real Estate,VNO
2022Q2,2022,Q2,2022-08-01,2022-06-30,65947000.0,453494000.0,103778000.0,0.26,231185000.0,0.5097862375,17152421000.0,6396819000.0,1931941000.0,1082237000.0,9995599000.0,494045000.0,-3205751000.0,5482132500.0,13614106500.0,33.36020338983051,1.785136712198899,0.5317250550228448,1.4257667756427062,0.006074183685287093,33.36020338983051,0.01030934281554629,12.088654976692084,20.78234225969339,0.8570091634607764,1.7764720154063112,0.44997722879494784,0.021369968711993006,0.026439066531774143,2.076249472158132,0.003844763371887852,21.11671886014075,0.509786237524642,-0.07142857142857148,-0.5069146772223501,-0.284510452988532,-0.08648651588131266,0.024751663334825643,0.23554098360655737,0.0715775561200256,-0.972805153752652,-0.0256977638465716,-0.0723062652206725,REIT—Office,Real Estate,VNO
2022Q1,2022,Q1,2022-05-02,2022-03-31,53375000.0,442130000.0,96846000.0,0.28,225601000.0,0.510259426,17492361000.0,6184858000.0,1953080000.0,1116825000.0,10307230000.0,0.0,-3154549000.0,8688931680.0,17052574680.0,32.25917464688823,1.7487789044836926,0.5338044990038795,1.509735712606498,0.005234499328153358,32.25917464688823,0.008629947526685333,19.65243634225228,40.697572271662764,1.4048716526717349,2.1947540983606557,0.0,0.013482094728589234,0.02527560459105549,1.5531627605041076,0.0030513319499866254,50.80830622054335,0.5102594259606903,0.6470588235294118,-0.17541812105202564,-0.29719911082219214,-0.10786029934668012,0.03314664114341715,0.6698995713794075,0.009012200331315574,-0.7263874138443723,-0.17753968451273705,0.3842216084638475,REIT—Office,Real Estate,VNO
2021Q4,2021,Q4,2022-02-14,2021-12-31,31963000.0,421080000.0,95981000.0,0.17,218363000.0,0.5185784174,17266588000.0,6236346000.0,2723472000.0,1188497000.0,10062667000.0,0.0,-3079320000.0,8023682940.0,15249610940.0,32.535363811372136,2.2915261881182705,0.520435942526688,1.4409323985551796,0.004682480376265763,32.535363811372136,0.005125276884893814,19.055008406953547,62.75758642805744,1.2866000282857943,3.694052498201045,0.0,0.014715561529902626,0.024386983693593663,2.100303156002918,0.0018511474299380977,28.281981297342643,0.5185784174028688,-0.15,-0.9527186952616018,-0.3487667936221527,-0.10763220529656849,0.11118857276617831,-0.4968199993702969,0.03945287963785224,-0.7202596826900267,-0.2334841799555585,0.3815798805235083,REIT—Office,Real Estate,VNO
2021Q3,2021,Q3,2021-11-01,2021-09-30,63522000.0,409212000.0,92338000.0,0.2,196513000.0,0.4802229651,17488800000.0,6294304000.0,3091598000.0,1074832000.0,10218287000.0,0.0,-2988999000.0,8048149770.0,14923834770.0,32.85521748435355,2.876354630305015,0.5148808952015004,1.4306028116849774,0.009115018851733448,32.85521748435355,0.010091981575723066,19.667433433037154,31.67465511948616,1.2786401435329464,1.8575139321809766,0.0,0.014660885218591057,0.023398517908604363,2.674564024889471,0.0036321531494442156,1492.0559454949944,0.48022296511343754,-0.19999999999999996,-0.3234531506989785,-0.36276385592488614,-0.01732908337606408,0.04516516772062695,-0.015345982142857142,-0.04007568118262243,-0.6888803823256893,-0.24873584841806065,0.4307450180769947,REIT—Office,Real Estate,VNO
2021Q2,2021,Q2,2021-08-02,2021-06-30,64512000.0,378941000.0,96193000.0,0.25,188021000.0,0.4961748663,16656793000.0,6282367000.0,3131681000.0,974497000.0,9338792000.0,0.0,-2925161000.0,8938565090.0,15276707090.0,32.80146924454515,3.2136384206416233,0.5109229009449778,1.3546386258555096,0.0061055201256390084,32.80146924454515,0.010268741065270462,23.588276512702507,34.639156629774305,1.4228021206019963,1.8289465525793651,0.0,0.01319999337835554,0.022749937517984403,2.971831621852094,0.0038730144512211925,35.96660720896171,0.4961748662720582,11.5,-0.7359752106629308,-0.39925147655140275,-0.06097990945077507,-0.005169366871607107,2.1392700729927006,0.2762262348586364,-0.4867771490445252,-0.3096911708073469,0.44815343404115326,REIT—Office,Real Estate,VNO
2021Q1,2021,Q1,2021-05-03,2021-03-31,20550000.0,379977000.0,75373000.0,0.02,188998000.0,0.4973932633,16145137000.0,6337907000.0,2629953000.0,1007035000.0,8657322000.0,0.0,-2871681000.0,8688463020.0,14845882020.0,33.11029788212185,2.611580530964664,0.48271575521471266,1.2296665129355795,0.004831437895085231,33.11029788212185,0.003242395320726543,22.86576034865268,105.69906350364964,1.370872595637645,5.738880778588808,0.0,0.013573632036935342,0.023535074369452548,2.3628592849305137,0.0012728290877928134,38.755773223007786,0.4973932632764615,1.0183486238532111,1.2193762789439198,-0.3891099181901439,-0.042667381590139,0.008301234515210039,1.0984544330845223,-0.31797781276580345,1.1985197819585092,-0.2664453181424352,0.5053729842847021,REIT—Office,Real Estate,VNO
2020Q4,2020,Q4,2021-02-16,2020-12-31,-208726000.0,376431000.0,110514000.0,-1.09,187442000.0,0.4979451745,16221822000.0,6533198000.0,2610317000.0,1002202000.0,8667400000.0,0.0,-2774182000.0,7142357860.000001,13317879860.0,34.155333308936164,2.604581711072219,0.48083402715182055,1.19390289411097,0.007436339201837347,34.155333308936164,-0.03194851893360648,18.97388328803951,-8.554705523030194,1.0932406854958323,-0.553495970794247,0.0,0.016175190639355616,0.023205223186396694,2.3709940710555357,-0.012866988677350793,62.13069112798699,0.497945174547261,-4.892857142857142,-1.8198335073410068,-0.4301967749189062,-0.03791183680152666,0.11362488637511363,-4.176955859969558,3.0024642591820836,-5.879424654823511,-0.2724767046278623,0.5609194932088454,REIT—Office,Real Estate,VNO
2020Q3,2020,Q3,2020-11-02,2020-09-30,65700000.0,363962000.0,-55189000.0,0.28,168317000.0,0.4624576192,17562898000.0,6468840000.0,2452811000.0,1005446000.0,9983462000.0,0.0,-2463635000.0,6444071020.0,12915802020.0,33.83957062596123,2.4395253449712864,0.44883128057795474,1.218576746371838,-0.002774733045439437,33.83957062596123,0.010156380432967889,17.70534017287519,24.520818188736683,0.9961710322097933,1.7327397260273973,0.0,0.017666006418408466,0.020723345315790138,2.1806034337000693,0.003740840492269556,-37.8004588329149,0.4624576192020046,1.2456140350877194,-0.7044870846482865,-0.4281332046833336,-0.04538250635967815,-0.0016844502701644712,1.3547133138969873,0.7863293197568625,0.752763993689398,-0.3173119691463332,0.40355170271348784,REIT—Office,Real Estate,VNO
2020Q2,2020,Q2,2020-08-03,2020-06-30,-185220000.0,343026000.0,-258290000.0,-1.14,168601000.0,0.4915108476,18042447000.0,6496417000.0,3101168000.0,1460956000.0,10394622000.0,0.0,-2415500000.0,7302083840.0,13915550840.0,33.99414454956464,2.122697740383694,0.4645670290731629,1.2902382959714562,-0.017020697979828532,33.99414454956464,-0.028511100811416508,21.28726055750876,-9.855960263470468,1.1240171066604867,-0.8163427275672174,0.0,0.020706828805734444,0.019012166143539178,1.7657362713182327,-0.010265791552553818,55.296195798688416,0.49151084757423635,-1.0727272727272723,-1.9814496198666558,-0.4513773164354051,-0.020563203747540015,-0.21407295187041137,-0.7723893093978164,-4.12046198639653,-2.3895702476577307,-0.45696930096214483,-0.06912709541292603,REIT—Office,Real Estate,VNO
2020Q1,2020,Q1,2020-05-04,2020-03-31,-104503000.0,444532000.0,82773000.0,-0.55,214525000.0,0.4825861805,18209659000.0,6837027000.0,2908327000.0,1482598000.0,10292648000.0,0.0,-2091612000.0,6917485980.0,13789035980.0,35.78883258828087,1.961642333255542,0.4644945849892082,1.237129530130567,0.005973585453689909,35.78883258828087,-0.015284859925227734,15.561277883256999,-16.548534443987254,1.0117681237766063,-4.889974450494244,0.0,0.07387322525516705,0.024411879431679637,1.6419420503737359,-0.005738877372717413,-146.10497148650362,0.48258618052243707,-1.6547619047619049,-1.9881201807947493,-0.27907215108301603,0.07037446960867247,-0.09480448789626698,-1.6506185368040294,-0.3619889622001603,-2.6202475557426665,-0.29084353582455186,-0.010246271284545838,REIT—Office,Real Estate,VNO
2019Q4,2019,Q4,2020-02-18,2019-12-31,160621000.0,460968000.0,129736000.0,0.84,236993000.0,0.514120286,18287013000.0,6732030000.0,2853988000.0,1413341000.0,10087120000.0,0.0,-1954266000.0,12721713340.0,19111564340.0,35.19022815837163,2.0193201782160144,0.43226649426016156,1.1742168409825862,0.007502353405284732,35.19022815837163,0.02385922225539696,27.597823146075214,19.80082514117083,1.8897291515337868,0.862701639262612,0.0,0.010892243544296056,0.025207397184001563,1.6648147899197716,0.008783337114705391,71.53299149816694,0.5141202860068378,-0.5029585798816568,0.2838967461350706,-0.2902266329920454,-0.019227591623463373,-0.01088889074381683,-0.5211603932768499,-0.05526306207900965,-0.7619354016032641,-0.2856792336453223,-0.034815578554542474,REIT—Office,Real Estate,VNO
2019Q3,2019,Q3,2019-10-28,2019-09-30,335438000.0,465961000.0,137325000.0,1.69,239602000.0,0.5142104168,18216099000.0,7075072000.0,2376836000.0,1108331000.0,9651510000.0,0.0,-1649035000.0,12149127380.0,18994762380.0,37.07836951167105,2.144518198985682,0.4379711594672383,1.1276388424033,0.008290291304820735,37.07836951167105,0.047411248959727904,26.073270896062116,9.05467432133509,1.7171736739922931,0.41283038892433177,0.0,0.011398267189787255,0.025579626022014922,1.7825324745044575,0.018414370716803855,-294.10364278970684,0.5142104167516166,-0.8654458598726115,1.1772974599908193,-0.31691793401370666,0.06783216107294579,-0.01134305201959142,-0.8609714236214873,-0.948824157457251,2.5868986438908337,-0.27149130199149835,0.10898171263989999,REIT—Office,Real Estate,VNO
2019Q2,2019,Q2,2019-07-29,2019-06-30,2412727000.0,463103000.0,2683395000.0,12.56,242351000.0,0.5233198662,17913857000.0,6860554000.0,2240047000.0,472581000.0,9555651000.0,0.0,-1845995000.0,12251955820.0,19339966820.0,35.96036292922251,4.740027635474131,0.4471742182601994,1.1676338383168472,0.1729735512717213,35.96036292922251,0.35168107415232064,26.456222093141267,1.2695132748131055,1.785855168547613,0.05738693188247158,0.0,0.011300971210978462,0.025851663324095976,3.7177859456897338,0.13468495366464073,83.64023251686191,0.5233198662068698,12.22105263157895,13.501941674459413,-0.3171315290856678,0.044838630657808284,-0.15783968614150737,11.435326921689294,21.972895460032362,8.913049349591535,-0.262955695025312,0.029450937158768044,REIT—Office,Real Estate,VNO
2019Q1,2019,Q1,2019-04-29,2019-03-31,194022000.0,534668000.0,116807000.0,0.95,287773000.0,0.5382274608,17637955000.0,4443992000.0,4997469000.0,2069846000.0,11679978000.0,0.0,-4120265000.0,12894390180.0,21711042180.0,23.304920577484804,2.414415855092601,0.5172764643066614,2.0530412746017546,0.007294793518039515,23.304920577484804,0.043659394526362784,24.116629721621642,16.614598061044624,2.9015331665763577,0.7133727103112019,0.0,0.010734125310918736,0.030313491558403453,0.5541885724831702,0.011000254848138574,-217.0224721030043,0.5382274607793995,0.7924528301886791,1.304011109717967,-0.2050091022708052,-0.3356229060430408,-0.004579777721664355,0.7165986888088687,-0.1326491969317819,3.0791506078140594,-0.137126582650361,-0.32617457210120326,REIT—Office,Real Estate,VNO
2018Q4,2018,Q4,2019-02-11,2018-12-31,113027000.0,543417000.0,134671000.0,0.53,289097000.0,0.5319984469,17180794000.0,4465231000.0,1824985000.0,510976000.0,11289349000.0,0.0,-4167184000.0,11761590241.630001,21027295241.63,23.5493902813957,3.5715669620490984,0.5725358793080226,2.20293664538296,0.007054242061075719,23.5493902813957,0.025312688190151863,21.643765729872275,26.01500137495908,2.6340384722828447,1.1716227096180558,0.0,0.011259106743175202,0.03162932982026326,3.090886851828657,0.006578683150499331,37.38549931701224,0.5319984468649306,-0.47,1.6454214794843056,-0.20416863576521044,-0.3479949179219007,-0.05669667474785707,-0.44370727289729744,-0.1419824664237111,-0.5521481802470488,-0.17019552826880466,-0.3366602680951073,REIT—Office,Real Estate,VNO
2018Q3,2018,Q3,2018-10-29,2018-09-30,203179000.0,542048000.0,156956000.0,1.0,306473000.0,0.5653982673,16678020000.0,4377917000.0,2234452000.0,495531000.0,10715929000.0,0.0,-4135602000.0,13779820600.0,22799955600.0,22.963712659655382,4.50920729480093,0.5871595669030256,2.236830666273481,0.01097882967199415,22.963712659655382,0.04640997076920371,25.42177187260169,16.95527170622948,3.147574657080068,0.6516273827511702,0.0,0.009608035100253773,0.032500740495574415,3.591327283257758,0.012182441320972154,55.83893458898281,0.56539826731212,0.7241379310344829,0.9275767651676148,-0.22210735098160372,-0.3887573277167031,0.0020795391008936134,0.6376422606957475,0.0031060267143861444,-0.08364013129563595,-0.14601010858753602,-0.3521914900711286,REIT—Office,Real Estate,VNO
2018Q2,2018,Q2,2018-07-30,2018-06-30,124068000.0,541818000.0,156470000.0,0.58,305837000.0,0.5644644512,16866083000.0,4281875000.0,2214346000.0,474079000.0,10984455000.0,0.0,-4206381000.0,13973886917.76,22664624917.760002,22.650548259248204,4.67083756082847,0.5799526185184788,2.2844032112100425,0.011076613364783355,22.650548259248204,0.028975156911399794,25.790739543093807,28.15771777928233,3.263497163686469,1.0739997420769256,0.0,0.009535571654773322,0.0321247085052291,4.415251466527731,0.0073560648314134345,-578.4372430565444,0.5644644511625675,10.885245901639344,0.036781668361221896,-0.21883049132291627,-0.4066987482576137,0.023430990345843023,11.816942148760331,0.16974671810053527,-0.3354090488279122,-0.12397870986063325,-0.34739406699722597,REIT—Office,Real Estate,VNO
2018Q1,2018,Q1,2018-04-30,2018-03-31,9680000.0,536437000.0,133764000.0,0.0488,298835000.0,0.5570738036,16864483000.0,4360092000.0,2416990000.0,511094000.0,10982579000.0,0.0,-4198088000.0,13341103310.9,21788196310.9,21.994746968210436,4.7290517986906515,0.579589484006121,2.2418052187889614,0.002908063952002592,21.994746968210436,0.00222013663931862,24.869841772472814,344.55328798811985,3.0598215154405,14.0900826446281,0.0,0.010223442306197006,0.031808683373216955,4.551620641212771,0.0005739873555566453,50.26450094153373,0.5570738036339775,-0.7781818181818181,-0.9653153745860004,-0.29908976570826357,-0.42104451048570135,-0.03977957360667063,-0.7816475683479203,-0.1613962936028287,-0.9117937318659299,-0.16160133584309483,-0.342179838858888,REIT—Office,Real Estate,VNO
2017Q4,2017,Q4,2018-02-12,2017-12-31,44332000.0,536226000.0,159508000.0,0.22,311215000.0,0.5803802874,17397934000.0,4337652000.0,2900223000.0,415794000.0,11405296000.0,0.0,-4183253000.0,15497881973.94,23409713973.940002,21.881547035280892,6.975143941471017,0.5592323203433235,2.243030791773983,0.006518467146706586,21.881547035280892,0.01022027585431012,28.901772711394077,87.3966997537896,3.5728735209601883,2.933952900839123,0.0,0.008392630697453492,0.030821245786999768,6.741477751001698,0.0025481186444321494,78.0682862119617,0.5803802874161268,0.15789473684210525,-0.11092353455114416,-0.26571112949047143,-0.403523362587329,0.025322127374978996,0.1924897783516247,0.368697442938047,-0.6580265621739824,-0.2032096496063882,-0.390148381868577,REIT—Office,Real Estate,VNO
2017Q3,2017,Q3,2017-10-30,2017-09-30,37176000.0,528755000.0,116540000.0,0.19,303529000.0,0.5740446899,16842120000.0,4571079000.0,2358379000.0,412100000.0,10583843000.0,0.0,-4098127000.0,14575909840.0,22645280840.0,24.10995659122436,5.722831836932784,0.5552508235305295,2.04581915998389,0.008111309062833735,24.10995659122436,0.00813287191054891,27.56647188206258,98.01962179901011,3.1887241152471875,3.4931945341080266,0.0,0.008909426679055255,0.03139480065454943,5.471550594515894,0.002207323068592315,42.19910899573837,0.5740446898847292,-0.6885245901639344,-0.6587805284385654,-0.27069012969573936,-0.3505312651245682,-0.17821211202321904,-0.718578966094125,-0.364544482976728,-0.7571399374932688,-0.2198722278234628,-0.3056494287841265,REIT—Office,Real Estate,VNO
2017Q2,2017,Q2,2017-07-31,2017-06-30,132101000.0,626039000.0,183396000.0,0.61,369352000.0,0.5899824132,20889290000.0,6916434000.0,2703913000.0,543031000.0,12067976000.0,0.0,-1524806000.0,17784190500.0,27150472500.0,36.51856701602471,4.979297682821055,0.5188105962433381,1.5669324683789363,0.010347308073464427,36.51856701602471,0.01909958224136889,28.407480204907362,33.65642671137993,2.571294759698423,1.1401427695475432,0.0,0.00846898260564629,0.02996937665186323,4.820216525391737,0.006323862610936035,1191.0119541923386,0.5899824132362361,1.44,2.38159502179676,-0.12397383023436166,0.042235301989682436,0.026145951697639336,1.067923169643556,0.1721065783839404,-0.20018289754941238,-0.0701188004919345,0.06105741006306419,REIT—Office,Real Estate,VNO
2017Q1,2017,Q1,2017-05-01,2017-03-31,63881000.0,620848000.0,156467000.0,0.25,359941000.0,0.579757042,20731448000.0,6841707000.0,2718698000.0,566786000.0,11902047000.0,0.0,-1506236000.0,18979655100.0,28110278100.0,36.15933090217219,4.796692225990056,0.5120451306633285,1.5515772598855813,0.008694486097407,36.15933090217219,0.00933699733122158,30.57053433368554,74.27738725129538,2.774111066141827,2.355332571500133,0.0,0.00792748862965376,0.029947160468482472,4.623450473370902,0.0030813573658723696,62.99568548052508,0.5797570419812901,-0.9287749287749287,-0.7511766731035384,-0.16388127354759094,-0.020289182543427174,-0.04331312444017999,-0.9042708786021489,-0.5525231292808831,-0.2354835167302954,-0.06965333336333761,0.030830854125398217,REIT—Office,Real Estate,VNO
2016Q4,2016,Q4,2017-02-13,2016-12-31,667310000.0,638260000.0,349665000.0,3.51,376237000.0,0.5894729421,20814847000.0,6898519000.0,2726525000.0,574324000.0,11917905000.0,0.0,-1419382000.0,19747847700.0,28858505700.0,36.459589873685324,4.747363857334884,0.5098132597371482,1.538255529918813,0.020011681156637148,36.459589873685324,0.09673235661161475,30.94013051107699,7.398303524598762,2.8626213394498152,0.20264794473333234,0.0,0.006847784227138839,0.030663689240665568,4.576214819509545,0.03205932765203607,46.310791473195444,0.589472942061229,9.028571428571428,6.489083157643349,-0.15705860561292564,-0.010222406976324983,0.010382118908293074,6.207928278245841,0.8485828932134304,4.818642706003478,-0.06328896499853456,0.009446002808237274,REIT—Office,Real Estate,VNO
2016Q3,2016,Q3,2016-10-31,2016-09-30,92580000.0,633197000.0,189153000.0,0.35,372371000.0,0.5880808027,20859369000.0,6315831000.0,2586014000.0,576864000.0,12542060000.0,0.0,-1951411000.0,19118670210.0,28966211210.0,33.434608604507126,4.482883313918012,0.5369404031349174,1.7733593568288955,0.010286277859016615,33.434608604507126,0.014658403620996192,30.193873644379238,51.62743089760207,3.027102880048563,1.537157053359257,0.0,0.007443509325536925,0.030355520341962407,4.288832376435347,0.004438293411464172,76.18396283781091,0.588080802656993,-0.6982758620689655,0.6809845013351337,-0.1501905926289592,-0.08686740507082134,-0.011150649281674058,-0.6155730693529768,0.012520474910873918,-0.11357661803255183,-0.08291005395678462,-0.11004549599377621,REIT—Office,Real Estate,VNO
2016Q2,2016,Q2,2016-08-01,2016-06-30,240826000.0,621708000.0,186814000.0,1.16,376570000.0,0.6057023554,21073730000.0,6594107000.0,2826271000.0,595724000.0,12480658000.0,0.0,-1898505000.0,18899852640.0,28334556640.0,34.9315947280317,4.744262443681974,0.5257147643060816,1.680101793919935,0.010487481049410597,34.9315947280317,0.03652139705952603,30.399886506205487,19.61982161394534,2.866173181599874,0.5785421839834569,0.0,0.007371909329341734,0.029501564269827887,4.585417072335511,0.011427782362211151,405.1589058480535,0.6057023554466083,3.36734693877551,1.165019838765567,-0.16883716354581432,-0.047848279766217666,0.05574059121697394,3.608487500541571,0.21494767922061875,1.015341229854787,-0.10237281010642679,-0.08501292594377,REIT—Office,Real Estate,VNO
2016Q1,2016,Q1,2016-05-02,2016-03-31,-92324000.0,613037000.0,153763000.0,-0.49,356688000.0,0.5818376379,20873374000.0,6524924000.0,2853767000.0,447700000.0,12396134000.0,0.0,-1999994000.0,17814974940.0,27201240940.0,34.585991582652206,6.374284118829573,0.5298535828467406,1.695013152643617,0.00902071667614294,34.585991582652206,-0.014149436836352423,29.060195290006966,-48.24036799748711,2.7302961597713633,-1.5080694077379664,0.0,0.007815391291254884,0.029369329558316733,6.130489166852803,-0.00442305110807673,64.3965187876159,0.5818376378587263,-1.368421052631579,-1.2181892521100495,-0.1889118294131975,-0.04275533136566235,-0.09487510023447254,-1.3676679662454652,-0.259697741486642,-1.3475983614527103,-0.15834943267810223,-0.08961218258102022,REIT—Office,Real Estate,VNO
2015Q4,2015,Q4,2016-02-16,2015-12-31,251107000.0,651581000.0,207703000.0,1.33,394076000.0,0.6047997102,21143293000.0,6697595000.0,2972813000.0,993955000.0,12437994000.0,0.0,-1766780000.0,18858253680.0,28113556680.0,35.50125094085594,2.9908929478698734,0.5245639834816649,1.655969045605176,0.011694873786128018,35.50125094085594,0.03749211470684626,28.94230138693424,18.775117459887618,2.815675429762474,0.554229870135042,0.0,0.007379845576454246,0.030817384974043543,3.034353667922592,0.011876437601276206,82.485527304538,0.6047997102432391,0.26666666666666666,-0.04701602604797733,-0.06586770254766909,0.034215338909829966,0.062099262872774806,0.1453834715418229,0.08495089845382366,4.29153979032238,-0.06246185470054403,-0.032259156493715385,REIT—Office,Real Estate,VNO
2015Q3,2015,Q3,2015-11-02,2015-09-30,219234000.0,627596000.0,191440000.0,1.05,371035000.0,0.5912003901,19971926000.0,6682147000.0,1889548000.0,465045000.0,11413540000.0,0.0,-1878716000.0,17044531680.0,26263401680.0,35.448303484276195,4.063150877872034,0.5010536790492814,1.4975736092007554,0.01131004061977695,35.448303484276195,0.03280891605647107,27.158445369314016,19.436460220586223,2.5507567672486107,0.6347053832890883,0.0,0.008163850002595084,0.031423909742104995,3.8309905493016805,0.010977108567295913,65.8321328343163,0.5912003900598474,0.20689655172413798,1.035519996378768,-0.14080259359416844,0.0706621171053186,-0.0068603150980465636,0.17857603646998108,-0.01008837019302863,1.0238614714581473,-0.12935822936798444,-0.045101357594601967,REIT—Office,Real Estate,VNO
2015Q2,2015,Q2,2015-08-03,2015-06-30,186016000.0,616288000.0,193391000.0,0.87,373598000.0,0.6062068384,19585907000.0,6537744000.0,1611137000.0,837813000.0,11187703000.0,0.0,-1958546000.0,17881489450.0,27174929450.0,34.70784912271388,1.9230269761868102,0.5008589594548775,1.5004835001186954,0.019963280250279294,34.70784912271388,0.02845262830725706,29.014826590814685,24.0321927280449,2.7351161883977104,0.7476668673662481,0.0,0.007777763725381388,0.03146589024444975,1.7704189359678115,0.009497441195855775,-1806.2110555555555,0.6062068383612856,0.9333333333333332,1.4929553412492171,-0.14445164649908396,0.013822819026273489,0.06042706828380768,0.7872921010405757,0.15309992010207854,3.787778951460284,-0.13290296301195634,-0.00944235856925502,REIT—Office,Real Estate,VNO
2015Q1,2015,Q1,2015-05-04,2015-03-31,104077000.0,606802000.0,167714000.0,0.45,352309000.0,0.5805996025,19261051000.0,6285898000.0,2193378000.0,832970000.0,10912613000.0,0.0,-2006439000.0,21055888000.0,29552445000.0,33.435805509603775,2.6332016759307058,0.4965526024514446,1.5215208710036339,0.01048822364580012,33.435805509603775,0.016557220623051788,34.69976697505941,50.577668457007796,3.349702460968982,1.3252783996464157,0.0,0.006550709236295331,0.03150409601220619,2.3946912854004347,0.00540349537520045,108.24758888728948,0.5805996025062541,-0.3076923076923077,-0.5315709994923882,-0.15850246135983684,-0.023736695994574057,-0.06298305806005479,-0.15345322629185884,-0.16791196578652298,-0.591997618253793,-0.17753350689307737,-0.09408112565033468,REIT—Office,Real Estate,VNO
2014Q4,2014,Q4,2015-02-17,2014-12-31,122943000.0,638238000.0,201558000.0,0.65,375990000.0,0.5891062582,21248320000.0,6745426000.0,2386619000.0,499702000.0,12421158000.0,0.0,-1505385000.0,22129362290.0,31829744290.0,35.88011638359779,4.776084546389648,0.5129280338398519,1.6157406515170427,0.0111829168663045,35.88011638359779,0.018226128342376004,34.67258654295106,44.9992319408181,3.2806471066467853,1.280861862814475,0.0,0.00711602069397003,0.030037104109877862,4.402838091502535,0.005786010376349754,72.1434770376311,0.5891062581670161,0.10169491525423738,1.8127137278534893,-0.1428170341347967,0.04340687417892761,-0.06576819005165743,-0.18862358438267204,-0.08631498782859397,0.3886518364122063,-0.1516580209695198,-0.02595351855017814,REIT—Office,Real Estate,VNO
2014Q3,2014,Q3,2014-11-03,2014-09-30,151524000.0,670909000.0,220599000.0,0.59,402459000.0,0.5998712195,21000515000.0,6516506000.0,2853612000.0,586703000.0,12635544000.0,0.0,-1878125000.0,18759593160.0,28229788160.0,34.72303126215558,4.8638101390311625,0.5310982611616906,1.7115517119143295,0.012137308221476848,34.72303126215558,0.023252337986031164,27.961457008327507,30.95152114516512,2.878780923396679,1.0387463372139067,0.0,0.008390107325760364,0.031947264150426785,4.589654390722393,0.00721525162597203,49.247342423462825,0.5998712194947452,-0.32183908045977017,0.0346621415906468,-0.04025836272369554,-0.046437232265212736,-0.006649339879008671,-0.0734460513040022,0.27111231474865743,1.7692683884662799,-0.09367618365832489,-0.05167929389354608,REIT—Office,Real Estate,VNO
2014Q2,2014,Q2,2014-08-04,2014-06-30,163535000.0,666606000.0,173548000.0,0.87,405153000.0,0.6077848084,20736779000.0,6454144000.0,2517491000.0,540779000.0,12317467000.0,0.0,-1872250000.0,20014756710.0,29512325710.0,34.41714526441526,4.655304662348205,0.5241313031305392,1.684002557116792,0.00980266012384215,34.41714526441526,0.025337984401959425,30.02486732792684,30.59705370410004,3.1010706780016064,0.9618858348365793,0.0,0.007859301128622112,0.03214607244451995,4.358782423134034,0.007886229582713882,144.4983590591429,0.607784808417566,1.6363636363636365,5.05011309955229,-0.08411417413325652,-0.10441140324355015,0.04629325950928009,0.977042204141833,0.047780045159810186,0.4799362034620658,-0.1028962952486081,-0.06187094164493968,REIT—Office,Real Estate,VNO
2014Q1,2014,Q1,2014-05-05,2014-03-31,82717000.0,660618000.0,165634000.0,0.33,387227000.0,0.586158718,20369352000.0,6570327000.0,2363527000.0,545996000.0,11819194000.0,0.0,-1809609000.0,18460977920.0,27649188920.0,35.07785080109126,4.328835742386391,0.5078678006055372,1.574493628703716,0.009633665985203767,35.07785080109126,0.012589479945214295,27.945011973636806,55.79559800282892,2.809750248351414,1.8995974225370842,0.0,0.008511412595850176,0.03243195954392658,3.9438805412493863,0.004060855740526257,59.71894737182618,0.5861587180488573,1.358695652173913,-0.491565494330007,-0.16580710183983768,-0.07967915051160993,-0.03487372233119568,1.4781522951795738,3.0553949246137617,-0.803104978865039,-0.11965479916160841,-0.02914202745201666,REIT—Office,Real Estate,VNO
2013Q4,2013,Q4,2014-02-24,2013-12-31,-172993000.0,674531000.0,-80585000.0,-0.92,401219000.0,0.5948118026,20097224000.0,6765232000.0,1955701000.0,718146000.0,11498860000.0,0.0,-1734839000.0,16630988530.000002,26026416530.0,36.118415222068585,2.723263793156266,0.49652220625097276,1.4750001182516728,-0.004486572746187439,36.118415222068585,-0.025570889512732158,24.655632624742232,-24.034192900868824,2.458302764783233,-0.9072563629742244,0.0,0.009437141978475045,0.033563391640556925,2.3578227825539653,-0.008607805734762174,66.20695521841424,0.5948118025709715,-3.0909090909090913,0.30992654655643725,-0.16566499168086554,0.02856475451528448,-0.03487932954712197,-2.6734672161278463,-1.334972482250636,-1.6612665064553225,-0.02599069042748604,0.05219444526077897,REIT—Office,Real Estate,VNO
2013Q3,2013,Q3,2013-11-04,2013-09-30,103374000.0,683380000.0,240572000.0,0.44,415719000.0,0.608327724,20275321000.0,7024219000.0,2305695000.0,526605000.0,11496389000.0,0.0,-1527663000.0,15716614140.0,24845624140.0,37.56889644807428,4.378414561198621,0.4932761853684092,1.4238355894085877,0.013858741939544278,37.56889644807428,0.014716796273009142,22.998352512511342,38.00910804457601,2.237489198443272,1.5175576063613674,0.0,0.009981539191748585,0.03370501507719656,3.768889395277295,0.005098513606763611,45.582885159748486,0.6083277239603149,-0.30158730158730157,0.9003704257079973,-0.15212226039698462,-0.06068226401316157,0.014872066538582663,-0.1263996754865589,0.11135133137461427,-0.032324486197799394,-0.05675172438731387,0.1347114037840392,REIT—Office,Real Estate,VNO
2013Q2,2013,Q2,2013-08-05,2013-06-30,118331000.0,685858000.0,216468000.0,0.63,409627000.0,0.5972475352,20333231000.0,7136492000.0,2200721000.0,477344000.0,11471016000.0,0.0,-1471643000.0,15517142310.000002,24760224310.0,38.17714557778004,4.610345997854797,0.49302233373535176,1.404714949585875,0.012314380468188443,38.17714557778004,0.01658111576387951,22.624424166518438,32.783341453211754,2.174337519049976,1.3164175068240782,0.0,0.01003876853662754,0.03373089107186163,3.956580579204934,0.00581958666578863,519.4370270813109,0.5972475352040801,0.4318181818181818,-0.2896384885253113,-0.14730814941390796,-0.05757125206383512,-0.08783872555241576,-0.5499387651090437,-0.13941543158832134,0.5980178006900434,-0.040568578156959946,0.11516162281320223,REIT—Office,Real Estate,VNO
2013Q1,2013,Q1,2013-05-06,2013-03-31,262922000.0,721016000.0,251536000.0,0.44,449073000.0,0.6228336126,21126127000.0,7094782000.0,1901235000.0,426621000.0,12110435000.0,0.0,-1479296000.0,15728253440.0,25563609440.0,37.99039367717615,4.45649651564269,0.4932839322607499,1.4688511923269807,0.014174604733463195,37.99039367717615,0.037058502995581825,21.81401444628136,14.955246651098044,2.2168762112775275,0.6066552057264132,0.0,0.010141176870557855,0.034129114153294636,4.0618159912428125,0.012445347886055972,37.90607369489091,0.6228336125689306,0.76,-0.46601032721735564,-0.0749586072465869,-0.06935620480787573,0.17935957266326485,4.597062267163385,-0.47624600213219614,0.19125905289066758,0.006563148560883142,0.10924880338515716,REIT—Office,Real Estate,VNO
2012Q4,2012,Q4,2013-02-26,2012-12-31,46975000.0,687970000.0,480256000.0,0.25,380777000.0,0.5534790761,21965975000.0,6850935000.0,2330170000.0,2519015000.0,13117679000.0,0.0,-1573275000.0,14955100160.0,25290971160.0,36.684667366346815,0.9250322050484019,0.5142585293846506,1.648853769594953,0.032898632859854074,36.684667366346815,0.006856728315186175,21.738012064479555,79.59074060670568,2.182928338978548,7.1294731240021285,0.0,0.022394166298916985,0.03131980255827479,0.8522831344791516,0.0021385347110701894,47.566658587863344,0.5534790761225054,-0.5614035087719298,-0.5031296424901849,-0.02639470765395171,-0.06260461911248077,0.012545903701280916,-0.5603320791449056,1.3785411466381394,1.312601354645175,-0.06985500781288535,0.06680351027265845,REIT—Office,Real Estate,VNO
2012Q3,2012,Q3,2012-11-01,2012-09-30,106842000.0,710977000.0,201912000.0,0.57,376059000.0,0.5289327222,20397816000.0,6901979000.0,1926371000.0,1042644000.0,11713463000.0,0.0,-1319118000.0,14927837960.000002,24272531960.0,37.1225823454745,1.8475826840225427,0.4809621775193972,1.421415220185399,0.01174988194683059,37.1225823454745,0.015479908008992783,20.996231889357887,34.92970451695027,2.162834450814759,1.372980663035136,0.0,0.009826741179336863,0.03485554531916554,1.9369775302020633,0.005237913706055589,103.91305651656377,0.5289327221555691,4.181818181818182,-0.31921693072199164,-0.3051376447907233,-0.07285570037235388,-0.04719447864884997,1.7898268793900305,-0.05100486924479705,-0.2635880032572771,0.026615895162733532,0.019459162408843444,REIT—Office,Real Estate,VNO
2012Q2,2012,Q2,2012-08-06,2012-06-30,38297000.0,700591000.0,212764000.0,0.11,394686000.0,0.5633615048,20003765000.0,6505740000.0,1653153000.0,931346000.0,11493315000.0,0.0,-1420304000.0,15592818540.0,25339482540.0,35.0386970641935,1.775014870950216,0.5108051909228087,1.5706171780612197,0.010950212473742338,35.0386970641935,0.005886647791027616,22.256664073617845,101.78877288038227,2.3967786201108563,3.81055957385696,0.0,0.00935898789725799,0.03502295692835824,2.154973554404056,0.001914489597333302,-129.92932705607865,0.563361504786673,-0.9119999999999999,-0.807556654341381,-0.26383012624091284,-0.1266613410859692,-0.008025052842698409,-0.8477389651799843,-0.3694966083964783,1.9579354425947497,-0.027808711927810325,-0.08823764159370241,REIT—Office,Real Estate,VNO
2012Q1,2012,Q1,2012-05-07,2012-03-31,251522000.0,727466000.0,337451000.0,1.25,397879000.0,0.5469382762,20269729000.0,6841667000.0,1806126000.0,453578000.0,11509293000.0,0.0,-1312670000.0,15608154000.0,25296394000.0,36.90816744888601,3.981952387461473,0.5082751229678503,1.5058609254148148,0.01907745818632435,36.90816744888601,0.036763262520669304,21.455509948231256,15.513706554496228,2.2813378669262914,0.5795198829525847,0.0,0.009338836610658761,0.03588928100617428,5.3865332974703355,0.012408750013382024,64.38024723948902,0.5469382761531123,1.777777777777778,0.255268852708069,-0.17773844658429505,-0.08240985626884144,-0.11048140273688399,1.881254582111437,0.7123147260152329,0.5621789367422902,-0.0717961964227602,-0.03165800515458578,REIT—Office,Real Estate,VNO
2011Q4,2011,Q4,2012-02-27,2011-12-31,87296000.0,741815000.0,197073000.0,0.45,447297000.0,0.6029764834,20446487000.0,6828316000.0,1752120000.0,561512000.0,11777363000.0,0.0,-1401704000.0,14247538200.0,24202987200.0,36.8361439283595,3.1203607402869395,0.5165680539644781,1.5467945537377006,0.010741251079903338,36.8361439283595,0.012784411266262428,19.20632260064841,40.802379834127564,2.0865376177669575,1.6627565982404693,0.0,0.010187865297318521,0.03628080461939501,4.265933764550001,0.004269486489292758,-279.3799282310724,0.6029764833550144,1.0454545454545454,-0.39281321775796957,-0.14551638860531826,-0.07512744183760282,0.09560457056078772,0.6237491164763216,-0.12587214073124536,1.3518646948003865,-0.072852734028034,0.049003925117200094,REIT—Office,Real Estate,VNO
2011Q3,2011,Q3,2011-11-03,2011-09-30,53762000.0,727343000.0,225451000.0,0.22,408265000.0,0.5613101384,20188228000.0,6751785000.0,1750054000.0,769024000.0,11664539000.0,0.0,-1330405000.0,13759778760.0,23581145760.0,36.615283246022194,2.275681903295606,0.5154761477827574,1.5413035219575268,0.011792389843538335,36.615283246022194,0.007962635066134363,18.91786785601841,63.98468602358543,2.0379468185079945,2.6755143037833413,0.0,0.010453729126673836,0.03602807537144914,2.934148999250999,0.0026630370927057095,52.2619167821942,0.5613101384078764,-0.5510204081632654,-0.6708311223906734,-0.15995666562701477,-0.008664220702123025,-0.044007970795604354,-0.5048673340639707,-0.07226773876294684,0.002110833508012868,-0.08499465442576762,-0.08452501369831066,REIT—Office,Real Estate,VNO
2011Q2,2011,Q2,2011-08-01,2011-06-30,108581000.0,730151000.0,243013000.0,0.49,427059000.0,0.5848913444,20538864000.0,6760241000.0,1824039000.0,736229000.0,11749873000.0,0.0,-1244254000.0,17170092240.000002,27118625240.0,36.687004797360366,2.4775429927373143,0.5131758017385967,1.5591231141019972,0.01343704703171618,36.687004797360366,0.01606170549245212,23.51581007216316,39.53291146701541,2.539863924969539,1.2960002210331458,0.0,0.008195704369727951,0.035549726606106356,3.341888189680113,0.005286611761974762,-1207.4607763713082,0.584891344393146,-0.6993865030674846,-0.4791628106341943,-0.1380858779091905,-0.0028319031407862683,0.04655932951036612,-0.7368773066642756,-0.2976644981170901,-0.33874931927036106,-0.07912221755245218,-0.09435638852927311,REIT—Office,Real Estate,VNO
2011Q1,2011,Q1,2011-05-03,2011-03-31,412663000.0,737111000.0,346007000.0,1.63,408060000.0,0.5535936921,20492400000.0,6647629000.0,1906387000.0,843443000.0,11881036000.0,0.0,-1208993000.0,16098950000.0,26111985000.0,36.130774833141295,2.2602440236032546,0.5187970174308524,1.5992763735762028,0.01962266249596005,36.130774833141295,0.06207671938370809,21.840604739313346,9.753085447447432,2.421758193786085,0.3404594063436751,0.0,0.008726966665527875,0.0359699693544924,2.956968046447715,0.020137367999843843,103.98024892299146,0.5535936921304933,0.21641791044776104,1.163785442304151,-0.10947155396427691,-0.021615583368974383,-0.003051484330908922,0.605861316169403,0.7038049232072248,-0.1492984484941677,-0.040102369581005895,-0.11491095091894653,REIT—Office,Real Estate,VNO
2010Q4,2010,Q4,2011-02-23,2010-12-31,256973000.0,680259000.0,203079000.0,1.34,409309000.0,0.6016958247,20517471000.0,6315710000.0,1985162000.0,1312479000.0,12359092000.0,0.0,-1480876000.0,15331720040.0,25534570040.0,34.32674957062417,1.5125285814096836,0.5309445301518886,1.724847879335815,0.011555097500859337,34.32674957062417,0.04068790365612101,22.538062767269526,14.915691570709763,2.42755288637382,0.5172955913656299,0.0,0.008670325289868781,0.0331551096136556,1.3595188951594654,0.012524594283574228,-135.7305880998964,0.6016958246785415,1.576923076923077,0.6759838612953568,-0.23664334217857003,-0.06120851273046607,-0.03801553054873979,1.4649215362774815,-0.11028210172135061,1.7589228562696257,-0.02284494120445629,-0.12285598320827562,REIT—Office,Real Estate,VNO
2010Q3,2010,Q3,2010-11-02,2010-09-30,104252000.0,707032000.0,228251000.0,0.52,425484000.0,0.6017888865,20634128000.0,6041092000.0,2071298000.0,507755000.0,12729131000.0,0.0,-1604889000.0,15605974860.0,25869767860.0,33.10876785303241,4.079325659028468,0.5384306523638895,1.8390792591802938,0.01270664570914047,33.10876785303241,0.01725714490029286,22.07251561456907,37.423682183555236,2.5833036245764838,1.2683209914438092,0.0,0.008472716455471723,0.034265174665970864,3.7873620151450993,0.005052406382280851,1105.2390127478754,0.6017888865001867,0.6774193548387097,1.0523000931000317,-0.17919129400673944,-0.14096773383805794,-0.006296417394553692,0.44581588217346685,-0.05448151017178743,-0.32311614389250054,-0.2958821956694967,-0.17310156128251702,REIT—Office,Real Estate,VNO
2010Q2,2010,Q2,2010-08-03,2010-06-30,72106000.0,696105000.0,241403000.0,0.31,428180000.0,0.6151083529,19890877000.0,6231627000.0,1818256000.0,610846000.0,11981051000.0,0.0,-1581176000.0,13278869650.0,23296966650.0,34.234630027413516,2.9766193115777133,0.5364377850207409,1.7122684011735618,0.013423944803893797,34.234630027413516,0.011570974963681235,19.075957865551892,46.039406048040384,2.130883258898519,1.8387790197764402,0.0,0.009984810717680325,0.034996194486547776,2.748146013888934,0.003625078974647523,75.99302756126315,0.6151083529065299,-0.7155963302752293,-0.7095783839715438,-0.14641345293939542,0.05002649060612245,0.026131385461900518,-0.6639229650620828,-0.34792955349666405,-0.630408060486462,-0.25389288209800387,-0.1467026921182831,REIT—Office,Real Estate,VNO
2010Q1,2010,Q1,2010-05-04,2010-03-31,214552000.0,696331000.0,370210000.0,1.09,417276000.0,0.5992494949,20419693000.0,6217588000.0,2113286000.0,991681000.0,12455566000.0,0.0,-1520690000.0,13742729400.0,24044651400.0,34.24875786319419,2.1310139046729746,0.543145384213171,1.783788504481159,0.020884781296902254,34.24875786319419,0.03450727195176007,19.735914959983113,16.01328512435214,2.2102991385083732,0.6162841642119393,0.0,0.00962145117985078,0.034100953427654374,1.8205824251951988,0.01050711193356335,62.40936499502732,0.5992494948523044,2.3625,-0.2260367090294738,-0.15992436681559355,0.10087078664108352,-0.0639397549009711,2.4687395176582534,0.49414988719513425,0.09334110629727867,-0.19633445708311945,-0.14852660474611187,REIT—Office,Real Estate,VNO
2009Q4,2009,Q4,2010-02-23,2009-12-31,-146079000.0,719003000.0,247773000.0,-0.8,445779000.0,0.6199960223,20185472000.0,6242769000.0,1924716000.0,1327460000.0,12284438000.0,0.0,-1577591000.0,12697047480.0,23101183480.0,34.387464057903955,1.4499239148448917,0.5419548772503313,1.7523658171558165,0.01492743420738567,34.387464057903955,-0.02339971253141034,17.659241310536952,-21.72976177273941,2.033880715432527,-0.5652900143073268,0.0,0.006503637962295783,0.035619825981775405,1.2284859807451824,-0.007236838454904596,-1776.8048530646515,0.6199960222697263,-2.1594202898550727,-1.4388179353903603,0.042149041391446526,0.12140041451688126,0.09996372761660831,-2.038843098629611,0.110691231845078,-2.037476064828593,-0.15432953429260085,-0.13660827491050814,REIT—Office,Real Estate,VNO
2009Q3,2009,Q3,2009-11-03,2009-09-30,140617000.0,671219000.0,223080000.0,0.69,405267000.0,0.6037776046,22350373000.0,6561762000.0,3952881000.0,1196657000.0,14169700000.0,0.0,-1278727000.0,11560371918.7998,21728372918.7998,36.41399647412936,3.303269859282986,0.5694764915109023,1.9397247263768482,0.01104756020668461,36.41399647412936,0.02142976231079396,17.222950957585827,20.552941534095808,1.7617786074532726,0.5844385813948527,0.0,0.00710894083488381,0.03003166882270824,3.3246987231930287,0.0062914833680851765,-168.23896031085079,0.6037776046268059,3.9999999999999996,-0.07310250585011681,0.1518610854518889,0.34538475670695373,-0.006912724706435867,4.736335857579381,0.008777284875123791,-0.11898103681551175,-0.2067122534539773,-0.014113933532035721,REIT—Office,Real Estate,VNO
2009Q2,2009,Q2,2009-08-04,2009-06-30,-37635000.0,678385000.0,221139000.0,-0.23,408088000.0,0.6015581123,21831857000.0,6717048000.0,3482653000.0,1133956000.0,13773583000.0,0.0,-1288909000.0,7800361332.6775,18117617332.677498,38.42963765847814,3.071241741302132,0.5673248042985991,1.8439281660634255,0.013385402710193844,38.42963765847814,-0.0056029077058850855,11.498428374267561,-51.815871746230236,1.1612781883764265,-2.1610203268234356,0.0,0.010426440075191133,0.03107316981784921,3.0877212166962384,-0.0017238570223320903,267.1539602944551,0.6015581122813741,-1.2987012987012987,-1.1700693576880712,0.2413934965974496,0.4678703398525413,0.01353573184845941,-1.2686103775604882,-0.25070139058306906,-1.1903171081165833,-0.1557611983202489,0.04453358508163104,REIT—Office,Real Estate,VNO
2009Q1,2009,Q1,2009-05-05,2009-03-31,140110000.0,682014000.0,295128000.0,0.77,402638000.0,0.5903661802,21648927000.0,6148329000.0,3306083000.0,1156398000.0,14180839000.0,0.0,-1069607000.0,5261425220.1759,16367805220.1759,38.114806179378824,2.8589490815445893,0.5881044358457119,2.070778905943387,0.01514289281028839,38.114806179378824,0.022788305570505415,7.714541373308906,9.388025872842588,0.855748809176591,0.5237599029334095,0.0,0.013947551647906273,0.03150336273017134,2.770921430165047,0.006471914289331753,-3221.938285472076,0.5903661801663895,1.5789473684210527,0.3064559860181605,0.33384035941396895,0.4515210270546426,-0.041456772018702445,1.6489728803353483,5.322365038560411,-0.1620580907808735,-0.060202447891016156,0.03210995559969837,REIT—Office,Real Estate,VNO
2008Q4,2008,Q4,2009-02-24,2008-12-31,-215895000.0,696259000.0,46680000.0,-1.33,420052000.0,0.6032984852,21418210000.0,5664485000.0,3182757000.0,874075000.0,14162834000.0,0.0,-975998000.0,9552549985.6191,20674782985.619102,35.115353762135804,3.641285930841175,0.5905762432995101,2.233051371836981,0.002580399312701681,35.115353762135804,-0.03811379145676968,13.719822631548174,-11.06156926471097,1.6863933765592283,-0.7461173255517729,0.0,0.01686282722859369,0.03250780527411021,3.5937316591825645,-0.010079974003429791,-23.513853434860877,0.6032984851901376,-7.6499999999999995,-1.8089880942079624,0.4195396241342337,0.4148501103243391,0.04792150542731194,-5.724076059604823,-0.7773357565003363,-2.6060203262476636,-0.10885138004680663,-0.03964122450549096,REIT—Office,Real Estate,VNO
2008Q3,2008,Q3,2008-11-04,2008-09-30,45701000.0,677145000.0,209643000.0,0.2,400843000.0,0.591960363,21444140000.0,6282582000.0,3236226000.0,609223000.0,13791303000.0,0.0,57391000.0,14018569879.0495,24680354879.0495,39.99594067986457,5.312054863325908,0.568490832460523,1.9404119198125866,0.010335466621147853,39.99594067986457,0.007274238521677871,20.70246384312001,76.6863409939033,2.231338942977505,3.3470821207413404,0.0,0.010911598067403683,0.03157715814203787,4.671315757940852,0.0021311649709431107,72.22604565362738,0.5919603629946318,-0.6721311475409836,-0.5590755264999172,0.29456542994053114,0.6445948232717991,-0.04106151332393955,-0.6727695832736647,-0.11186284145597505,0.045038651518160056,-0.08686552273618643,0.037725224690167834,REIT—Office,Real Estate,VNO
2008Q2,2008,Q2,2008-08-05,2008-06-30,139660000.0,674365000.0,236048000.0,0.61,418007000.0,0.6198527504,21501573000.0,6348764000.0,3290892000.0,515863000.0,13769459000.0,0.0,164652000.0,13533047025.0904,24040347025.0904,40.50931771912157,6.379391427568947,0.5682994448824744,1.9246788823777352,0.012109872551781406,40.50931771912157,0.021997982599447703,20.067837187710513,24.224987514482315,2.1316034152616794,1.0935342975798368,0.0,0.011285189485919177,0.03136351931088949,5.634970912819877,0.006495338736379892,58.34693747586844,0.6198527503651583,-0.7479338842975207,0.15445288749664948,0.3061329903373066,0.6679169902362093,0.07204372223761016,-0.661181425386405,0.14176260036761149,-0.3466722160169029,-0.03956188399180579,0.24248039740452512,REIT—Office,Real Estate,VNO
2008Q1,2008,Q1,2008-05-06,2008-03-31,412197000.0,652521000.0,206740000.0,2.42,389916000.0,0.5975531822,21486198000.0,6382140000.0,3129215000.0,572462000.0,13709385000.0,0.0,177714000.0,13225512170.755201,23852941170.755203,40.82162678507229,5.466240553958166,0.566340447947096,1.9066493370562225,0.02963229350019121,40.82162678507229,0.06458601660258158,20.268331855611084,8.021353970768347,2.0722692029249123,0.36953689619283986,0.0,0.01151728553369908,0.030369309637749777,4.8054927663320886,0.019184268896712205,59.688647955569,0.597553182196435,4.1489361702127665,2.1976308802308115,0.23179685066496733,0.6657641367109427,-0.34086598440051524,4.207992722402618,-0.5951164867532549,0.7266078802032958,-0.08589044664212002,0.31214500012994084,REIT—Office,Real Estate,VNO
2007Q4,2007,Q4,2008-02-26,2007-12-31,79147000.0,591558000.0,510616000.0,0.47,591558000.0,1.0,22478935000.0,6118399000.0,1953905000.0,0.0,14866776000.0,0.0,-82178000.0,13492450720.1024,25289667720.1024,39.134679041851086,0.0,0.5761755172120031,2.1168629244349706,0.025575136917345673,39.134679041851086,0.012935900388320539,22.808331085206184,42.61832640561992,2.205225700400121,1.9172805033671523,0.0,0.011246807800002721,0.026316104388397404,0.0,0.0035209408274902705,64.17886297091974,1.0,-0.35616438356164387,1.118718037301682,0.12481125653332696,0.6573360573953108,0.4028034346936307,-0.3950902240123509,1.2902302717152416,-0.723921785688502,-0.004370950339575269,0.27621057562195556,REIT—Office,Real Estate,VNO
2007Q3,2007,Q3,2007-10-30,2007-09-30,130841000.0,853036000.0,222954000.0,0.73,421697000.0,0.4943484214,22253768000.0,6206359000.0,2665687000.0,741229000.0,14544014000.0,0.0,-35650000.0,17124764261.4227,28866974261.4227,40.0397029463304,3.5963069442776794,0.5651395305280437,2.0263868074663423,0.011579001424676993,40.0397029463304,0.021081764686831685,20.07507802885541,32.720562097168894,2.7592287622135134,1.0976681621204363,0.0,0.00838668479212503,0.038332205134878734,3.074481705383896,0.005879498698827093,-135.3821922447483,0.49434842140308266,-0.2234042553191489,0.4642925378755811,0.6599240362093015,0.6284605768601433,0.05240079860244572,-0.21142116682738668,0.0683604232155179,0.002637205955543939,0.7018030844226135,0.4793434179996964,REIT—Office,Real Estate,VNO
2007Q2,2007,Q2,2007-07-31,2007-06-30,165920000.0,793457000.0,208688000.0,0.94,400700000.0,0.5050053122,22138896000.0,6210848000.0,2507354000.0,646867000.0,14389932000.0,0.0,-22862000.0,16684954454.3099,28513910454.3099,40.12040083942124,3.876150738869041,0.5678901965120573,2.0242746240126954,0.010903071756459291,40.12040083942124,0.02671454848033634,21.028177272756935,25.1400591464409,2.6864213154644743,0.8644346673095468,0.0,0.008596187684704845,0.03583995335630105,3.32723728370747,0.007494501984200115,-10.312888676318366,0.5050053121971323,0.0,0.6847137707604043,0.5671067079287513,0.6496529748389855,0.09453959408888525,-0.006056394558230646,-0.2683749417155438,-0.1534367433118322,0.6393932779385438,0.5324512538615906,REIT—Office,Real Estate,VNO
2007Q1,2007,Q1,2007-05-01,2007-03-31,166931000.0,737056000.0,285239000.0,0.94,366090000.0,0.4966922459,20252419000.0,6211707000.0,4384499000.0,522169000.0,12934364000.0,0.0,-45361000.0,18084308345.4433,26832762345.4433,40.22293362786992,8.396704898222605,0.574406839992793,1.8727747461366095,0.0134530462397494,40.22293362786992,0.026873611392166437,24.535867485568666,27.083508074359013,2.9113266845077046,0.8576058371422923,0.0,0.007916310497773185,0.03639347971222598,8.145380135549985,0.008242521547672898,-20.43348479146348,0.496692245908045,0.3055555555555555,1.29952493536523,0.4483460777998755,0.6114756392565978,0.02739034041478405,0.39369322735773443,1.0539409824733212,0.6258811956780828,0.5056957118204861,0.531804560566389,REIT—Office,Real Estate,VNO
