Quarters,Year,Quarter,FillingDate,Date,NetIncome,Revenue,OperatingIncome,EPSDiluted,GrossProfit,GrossProfitRatio,TotalAssets,CommonStockEquity,CurrentAssets,CurrentLiability,TotalLiability,Inventory,RetainedEarnings,MarketCap,EnterpriseValue,bookValuePerShare,currentRatio,debtToAssets,debtToEquity,roic,shareholdersEquityPerShare,roe,priceToSalesRatio,peRatio,pbRatio,payoutRatio,inventoryTurnover,dividendYield,assetTurnover,quickRatio,returnOnAssets,priceToFreeCashFlowsRatio,grossProfitMargin,epsdilutedGrowth,fiveYNetIncomeGrowthPerShare,fiveYRevenueGrowthPerShare,fiveYShareholdersEquityGrowthPerShare,grossProfitGrowth,netIncomeGrowth,operatingIncomeGrowth,threeYNetIncomeGrowthPerShare,threeYRevenueGrowthPerShare,threeYShareholdersEquityGrowthPerShare,Industry,Sector,Symbol
2023Q1,2023,Q1,2023-05-15,2023-03-31,-941000.0,5175000.0,-1382000.0,-0.044,2948000.0,0.5696618357,44379000.0,40091000.0,31835000.0,3941000.0,4288000.0,6208000.0,14202000.0,39521550.0,20428550.0,1.8766559003885221,8.077899010403451,0.010410329209761374,0.011523783392781423,-0.028746133498911183,1.8766559003885221,-0.023471602105210647,7.637014492753623,-10.499880446333687,0.9857960639545036,0.0,0.3587306701030928,0.0,0.11660920705739201,5.95686374016747,-0.021203722481353795,-38.37043689320388,0.5696618357487923,-4.793103448275862,-3.4314102058359186,-0.6229698724372212,0.16155339569118882,-0.2672135222470793,-4.67578125,-15.853658536585366,0.1782548524669738,-0.4502621228084889,0.2837814244409717,Communication Equipment,Technology,WTT
2022Q4,2022,Q4,2023-03-23,2022-12-31,256000.0,6739000.0,-82000.0,0.0116,4023000.0,0.5969728446,44973000.0,41038000.0,32241000.0,3547000.0,3935000.0,5087000.0,15143000.0,37869240.0,17777240.0,1.9397806768765362,9.089653228080067,0.01367487158962044,0.014986110434231687,-0.0014959050738774158,1.9397806768765362,0.006238120766119207,5.619415343522778,36.9816796875,0.9227847360982504,0.0,0.5339099665814823,0.0,0.1498454628332555,7.180434169720891,0.00569230427145176,-18.067385496183206,0.5969728446357027,1.1054545454545455,1.0974747626734642,-0.45703451948829765,0.13368551162999145,0.5135440180586908,1.1128747795414462,0.9682293684618365,0.08802291387584836,-0.4181606155236984,0.25378745533636815,Communication Equipment,Technology,WTT
2022Q3,2022,Q3,2022-11-14,2022-09-30,-2268000.0,5330000.0,-2581000.0,-0.11,2658000.0,0.4986866792,39962000.0,33051000.0,22936000.0,6295000.0,6911000.0,5685000.0,7210000.0,27474200.0,17514200.0,1.5638781111005962,3.6435266084193803,0.019168209799309343,0.023176303288856615,-0.06487753057018479,1.5638781111005962,-0.06862122174820731,5.154634146341463,-3.028461199294533,0.831266830050528,0.0,0.4700087950747581,0.0,0.13337670787247885,2.391580619539317,-0.05675391622040939,-11.35297520661157,0.49868667917448406,-0.7684887459807075,-4.323585726544227,-0.5936805873381771,-0.16119261822354963,-0.22166910688140556,-0.6676470588235294,-0.5381406436233611,-3.8573525363515557,-0.5132805832353993,0.04165354697944386,Communication Equipment,Technology,WTT
2022Q2,2022,Q2,2022-08-09,2022-06-30,-1360000.0,6068000.0,-1678000.0,-0.0622,3415000.0,0.5627883982,43004000.0,35070000.0,24748000.0,7262000.0,7934000.0,5247000.0,9391000.0,28851240.0,16427240.0,1.604520290982294,3.407876618011567,0.021253836852385823,0.02606216139150271,-0.03757493235926014,1.604520290982294,-0.03877958368976333,4.754653922214898,-5.303536764705883,0.8226757912745937,0.0,0.5056222603392415,0.0,0.14110315319505162,2.38846047920683,-0.031624965119523764,-13.51979381443299,0.5627883981542519,-0.05782312925170069,0.10108275829286929,-0.5401691712820506,-0.11914000215498169,-0.2158438576349024,0.07671418873048201,-0.15247252747252749,-9.365407268457092,-0.568950347311635,0.04772312551731509,Communication Equipment,Technology,WTT
2022Q1,2022,Q1,2022-05-11,2022-03-31,-1473000.0,7596000.0,-1456000.0,-0.0588,4355000.0,0.5733280674,48497000.0,39015000.0,30156000.0,8479000.0,9482000.0,4976000.0,10751000.0,38877160.0,21195160.0,1.7260983055346635,3.5565514801273737,0.028661566694847103,0.03562732282455466,-0.02225542308141552,1.7260983055346635,-0.03775470972702807,5.11810953133228,-6.598295994568907,0.9964669998718442,0.0,0.6513263665594855,0.0,0.15662824504608533,2.706333294020521,-0.030373012763676103,-10.434020397208803,0.5733280674038967,-4.818181818181818,-0.07886923980881258,-0.28250571264095997,-0.04255099946723692,-0.3266852195423624,-4.8359375,-5.969283276450512,-2.9731848982796074,-0.4591605573307997,0.1259473675658901,Communication Equipment,Technology,WTT
2021Q4,2021,Q4,2022-03-17,2021-12-31,384000.0,13077000.0,293000.0,0.0154,6468000.0,0.4946088552,44351000.0,28620000.0,20525000.0,11241000.0,15731000.0,9074000.0,554000.0,49486800.00000001,49935800.00000001,1.2723392904774606,1.825905168579308,0.11095578453698902,0.17194269741439552,0.0333875687450907,1.2723392904774606,0.013417190775681341,3.784262445515027,32.217968750000004,1.729098532494759,0.0,0.7283447211813974,0.0,0.2948524272282474,0.8684280757939685,0.008658203873644337,12.637078651685394,0.49460885524202797,2.54,1.272507568626687,0.19491128462581175,-0.2573506658523758,-0.011009174311926606,3.053475935828877,-0.35033259423503327,1.499351012431767,0.008416094814377526,-0.16563154464436933,Communication Equipment,Technology,WTT
2021Q3,2021,Q3,2021-11-10,2021-09-30,-187000.0,12824000.0,451000.0,-0.01,6540000.0,0.5099812850904554,45747000.0,28007000.0,20416000.0,11274000.0,17740000.0,9655000.0,171000.0,46024123.31999999,49807123.31999999,1.2596544120332416,1.8108923186091892,0.11073950204384987,0.1808833505909237,0.0027414689790483085,1.2596544120332416,-0.006676902203020673,3.5889054366812223,-61.529576631016035,1.6433078630342413,0.0,0.6508544795442776,0.0,0.2803243928563622,0.771953166577967,-0.004087699739873653,1243.8952248648648,0.5099812850904554,-1.1666666666666665,-2.29236235872693,0.2940630539863485,-0.2765885533817546,0.06618845777632866,-1.121665582303188,1.7333333333333334,-1.3161055182666912,-0.13715826505562054,-0.1962800106738525,Communication Equipment,Technology,WTT
2021Q2,2021,Q2,2021-08-11,2021-06-30,1537000.0,12023000.0,165000.0,0.06,6134000.0,0.5101888047908176,47540000.0,27428000.0,22262000.0,10040000.0,20112000.0,9365000.0,358000.0,88575410.0,92844410.0,1.2603041860037678,2.2173306772908368,0.17841817416912073,0.3092460259588741,0.0035518146459886787,1.2603041860037678,0.0560376257838705,7.367163769441903,14.40719095640859,3.229379101647951,0.0,0.6288307528029898,0.0,0.25290281867900716,1.0702191235059761,0.03233066891039125,193.81927789934355,0.5101888047908176,6.999999999999999,7.027584667363773,0.3518624989520017,-0.272075293203428,0.03179142136248949,7.5965665236051505,14.75,9.186326904481103,-0.14070503704391943,-0.18770771200499753,Communication Equipment,Technology,WTT
2021Q1,2021,Q1,2021-05-13,2021-03-31,-233000.0,11321000.0,-12000.0,-0.01,5945000.0,0.5251302888437417,48099000.0,25790000.0,22058000.0,9807000.0,22309000.0,9261000.0,-1179000.0,36961400.0,43704400.0,1.18618342378806,2.2492097481390845,0.2208569824736481,0.41190383869716946,-0.0002580427237904593,1.18618342378806,-0.009034509499806127,3.264852928186556,-39.65815450643777,1.4331678945327646,0.0,0.5804988662131519,0.0,0.23536871868438014,1.0459875599061894,-0.004844175554585334,-98.30159574468085,0.5251302888437417,0.96,0.654017553915272,0.5213198909752929,-0.3179867251289299,0.13932541203526255,0.9576132435874113,0.9981057616416732,-1.5915443109691338,-0.18957423364280576,-0.2658135231246315,Communication Equipment,Technology,WTT
2020Q4,2020,Q4,2021-03-19,2020-12-31,-5497000.0,10344000.0,-6335000.0,-0.25,5218000.0,0.504447022428461,47918000.0,25851000.0,21398000.0,11513000.0,22067000.0,8796000.0,-946000.0,38469180.0,44700180.0,1.1894267047023097,1.8585946321549554,0.23250135648399348,0.4309697884027697,-0.13505974463595527,1.1894267047023097,-0.21264167730455302,3.7189849187935033,-1.7495533927596874,1.4881118718811652,0.0,0.5827648931332424,0.0,0.21586877582536834,0.9059324242161035,-0.11471680788012856,10.408327922077921,0.504447022428461,-5.25,-199.7082783265939,0.1168608281989931,-0.32741119084365483,-0.07711354793066855,-6.0929032258064515,-17.20402298850575,-1.0373791328753352,-0.1887416666659716,-0.3048513997788223,Communication Equipment,Technology,WTT
2020Q3,2020,Q3,2020-11-13,2020-09-30,-775000.0,10868000.0,-348000.0,-0.04,5654000.0,0.520242914979757,53036000.0,30655000.0,21391000.0,11172000.0,22381000.0,9074000.0,4552000.0,29950139.999999996,38986140.0,1.4124775376676035,1.9146974579305407,0.21191266309676446,0.36662860870983527,-0.00952597148220125,1.4124775376676035,-0.025281357038003587,2.75580971659919,-9.661335483870966,0.9770066873267003,0.0,0.5746087723165088,0.0,0.20491741458631874,0.9168456856426781,-0.014612715891092842,-82.28060439560439,0.520242914979757,-0.3333333333333334,-10.327352373729703,0.17855451523684165,-0.19012861010300933,-0.0024700070571630206,-0.1601796407185629,-4.898305084745763,-2.1059295697383846,-0.19322594104951296,-0.2423983833655702,Communication Equipment,Technology,WTT
2020Q2,2020,Q2,2020-08-13,2020-06-30,-668000.0,11108000.0,-59000.0,-0.03,5668000.0,0.5102628736046093,51785000.0,30704000.0,21499000.0,9783000.0,21081000.0,8651000.0,5327000.0,21552687.6774,30375687.6774,1.4144872350174411,2.1975876520494735,0.22626243120594766,0.3816115164147994,-0.0035629642647666115,1.4144872350174411,-0.021756122980719123,1.940285170813828,-8.06612562776946,0.7019504845427306,0.0,0.628829037105537,0.0,0.21450226899681374,1.1137687825820302,-0.012899488268803707,-40.21023820410448,0.5102628736046093,0.4000000000000001,-8.152369448264583,0.21645754542038034,-0.19020706893601536,0.2800361336946703,0.4176111595466434,0.9564254062038404,0.5554179828121799,-0.15241549043284272,-0.22346558669788838,Communication Equipment,Technology,WTT
2020Q1,2020,Q1,2020-05-13,2020-03-31,-1147000.0,9429000.0,-1354000.0,-0.05,4428000.0,0.4696150174992046,51242000.0,31280000.0,20334000.0,10434000.0,19962000.0,8600000.0,5995000.0,20328100.0,28649100.0,1.4618188615758483,1.948821161587119,0.2249326724171578,0.3684782608695652,-0.025786707800412777,1.4618188615758483,-0.036668797953964195,2.1559126100328774,-4.430710549258936,0.6498753196930945,0.0,0.5815116279069767,0.0,0.18400921119394248,0.9347326049453709,-0.022383981889855978,-112.93388888888889,0.4696150174992046,-6.0,-6.391050003018586,-0.004242647749990894,-0.15953602097067082,-0.20985010706638116,-5.8808510638297875,-1.4663023679417122,0.11259395297787878,-0.0592114370128092,-0.18914409249581968,Communication Equipment,Technology,WTT
2019Q4,2019,Q4,2020-03-19,2019-12-31,235000.0,11568000.0,-549000.0,0.01,5604000.0,0.48443983402489627,42351000.0,32691000.0,19593000.0,8062000.0,9660000.0,7325000.0,7142000.0,30215900.0,30124900.0,1.5471367723615712,2.430290250558174,0.09808505112039857,0.12706861215625095,0.003823239529549658,1.5471367723615712,0.007188522835031048,2.612024550484094,32.14457446808511,0.9242880303447432,0.0,0.81419795221843,0.0,0.2731458525182404,1.2896303646737781,0.005548865434110174,18.26837968561064,0.48443983402489627,1.5,-0.23942235526130912,0.14268212272570122,-0.10308191834395444,0.16145077720207254,1.509761388286334,0.1902654867256637,1.1775343525006214,0.12526034050514287,-0.09695463904250207,Communication Equipment,Technology,WTT
2019Q3,2019,Q3,2019-11-14,2019-09-30,-461000.0,10812000.0,-678000.0,-0.02,4825000.0,0.4462634110247873,42094000.0,31327000.0,19957000.0,8966000.0,10767000.0,8309000.0,6907000.0,30047040.0,31854040.0,1.5013418959072176,2.225853223287977,0.08119922079156175,0.10910715995786383,-0.013663558510708058,1.5013418959072176,-0.014715740415615922,2.7790455049944507,-16.29449023861171,0.95914195422479,0.0,0.7205439884462631,0.0,0.2568537083669882,1.1998661610528665,-0.010951679574286121,-17.810930646117367,0.4462634110247873,-3.7683173076923078,-1.4363747448694224,-0.11518995803027796,-0.12011857335881974,-0.2132724604598076,-3.9551282051282053,-5.6438356164383565,-4.394842225407748,0.16255616078962967,-0.13778898211158078,Communication Equipment,Technology,WTT
2019Q2,2019,Q2,2019-08-13,2019-06-30,156000.0,13508000.0,146000.0,0.007224605338566541,6133000.0,0.454027243115191,46235000.0,32119000.0,23435000.0,12175000.0,14116000.0,8490000.0,7368000.0,33137551.720000003,33292551.720000003,1.5314354068400078,1.9248459958932238,0.07189358710933276,0.10349014601949003,0.0029504486298601567,1.5314354068400078,0.004856938260842492,2.45317972460764,53.10505083333334,1.0317118129456087,0.0,0.8686690223792697,0.0,0.2921596193360009,1.1475975359342916,0.003374067265058938,10.297561131137353,0.454027243115191,1.3612302669283272,-0.794998630742056,0.21738532212690534,-0.05494155826439061,0.07089226471101799,1.4534883720930232,1.3668341708542713,1.6348183629021404,0.576036081943968,-0.11547570667311195,Communication Equipment,Technology,WTT
2019Q1,2019,Q1,2019-05-08,2019-03-31,-344000.0,13032000.0,-398000.0,-0.02,5727000.0,0.43945672191528545,47089000.0,32152000.0,23366000.0,12863000.0,14937000.0,7763000.0,7212000.0,33347070.0,36714070.0,1.5330186430172126,1.8165280261214336,0.09501157382828261,0.13915153023140084,-0.007397322652442,1.5330186430172126,-0.010699178900223935,2.558860497237569,-24.23478924418605,1.0371693829310775,0.0,0.9410021898750484,0.0,0.2767525324385738,1.133950089403716,-0.007305315466457135,-9.535907921075207,0.43945672191528545,0.3333333333333333,-1.8959444003118495,0.6258027888598774,-0.09635482695894447,0.08795592705167173,0.5202231520223152,0.4636118598382749,0.4704639629832043,0.8154561313367346,-0.1185688113701177,Communication Equipment,Technology,WTT
2018Q4,2018,Q4,2019-03-12,2018-12-31,-717000.0,12091000.0,-742000.0,-0.03,5264000.0,0.43536514763046896,44167000.0,31982000.0,22226000.0,11454000.0,12185000.0,6884000.0,7556000.0,37122210.0,34123210.0,1.5249129833595576,1.9404574821023224,0.04564493852876582,0.0630354574448127,-0.015401959726209,1.5249129833595576,-0.022418860609092615,3.070234885451989,-12.943587866108787,1.1607219686073416,0.0,0.991719930273097,0.0,0.27375642447981524,1.1919853326348875,-0.0162338397446057,15.34609756097561,0.43536514763046896,-2.0,-1.6094991934084106,0.4535121770691314,-0.09002113978642892,-0.18564356435643564,-2.28494623655914,-1.807399347116431,-27.858916253507257,0.3528569413840796,-0.1377027239340889,Communication Equipment,Technology,WTT
2018Q3,2018,Q3,2018-11-08,2018-09-30,558000.0,14019000.0,919000.0,0.03,6464000.0,0.46108852271916684,46596000.0,32869000.0,23809000.0,12307000.0,13727000.0,7456000.0,8349000.0,41734280.0,41040280.0,1.567280183101278,1.9345900706914765,0.06610009442870633,0.09370531503848611,0.019172995076358175,1.567280183101278,0.016976482399829625,2.9769798131107783,18.698154121863798,1.2697155374364903,0.0,1.0132778969957081,0.0,0.30086273499871236,1.232875599252458,0.011975276847798094,37.76857918552036,0.46108852271916684,4.0,-0.4146440013170011,0.8234330181205786,-0.027830432434497114,0.04764991896272285,4.1,26.848484848484848,5.949775918762165,0.5732473302066493,-0.10136951109169172,Communication Equipment,Technology,WTT
2018Q2,2018,Q2,2018-08-09,2018-06-30,-180000.0,13414000.0,33000.0,-0.01,6170000.0,0.4599671984493812,46020000.0,32372000.0,22537000.0,12099000.0,13648000.0,7565000.0,7791000.0,45901741.6,46267741.6,1.551540257897317,1.8627159269361104,0.06521077792264234,0.09270357098727296,0.0022389958442880164,1.551540257897317,-0.005560360805634499,3.421927955867005,-63.7524188888889,1.417945805016681,0.0,0.9575677461996034,0.0,0.2914819643633203,1.1252169600793454,-0.003911342894393742,59.61265142857143,0.4599671984493812,-1.5,-1.194507214243439,0.7616809588436313,-0.006567359321374738,-0.015634971282705808,-1.481283422459893,-0.9365384615384615,-3.0050971693775046,0.528300761009628,-0.11174431129387548,Communication Equipment,Technology,WTT
2018Q1,2018,Q1,2018-05-09,2018-03-31,374000.0,13264000.0,520000.0,0.02,6268000.0,0.47255729794933654,46123000.0,33354000.0,21765000.0,11361000.0,12769000.0,7053000.0,7971000.0,50372357.96,51335357.96,1.6156432475252742,1.9157644573541062,0.0694447455716237,0.09603046111410925,0.012371886909960933,1.6156432475252742,0.011213047910295617,3.797674755729795,33.67136227272727,1.510234393476045,0.0,0.9919183326244151,0.0,0.2875788652082475,1.1431212041193557,0.008108752683043167,-43.53704231633535,0.47255729794933654,1.1666666666666665,0.24919474159741012,1.2567121631992964,0.06671087329472086,0.14567218129549422,1.1468497393417127,0.9923371647509579,0.8220163629548362,0.45188804025379137,-0.0710956136910513,Communication Equipment,Technology,WTT
2017Q4,2017,Q4,2018-03-12,2017-12-31,-2546821.0,12035770.0,261000.0,-0.12,5471024.0,0.45456368807313535,46921000.0,35103000.0,22758000.0,8967000.0,11818000.0,6526000.0,7176000.0,49852905.57,49223905.57,1.7110394875626103,2.5379725660756107,0.038980413887172057,0.052103808791271404,-0.09279103413114782,1.7110394875626103,-0.07255280175483576,4.142062001018631,-4.8936405002550245,1.4201893162977524,0.0,1.0059371743794054,0.0,0.2565113701754012,1.2823686851789897,-0.054278915624134186,81.1731656829302,0.45456368807313535,-5.0,-3.949893093997245,0.704824326658891,0.13737186692921585,-0.10506295611572528,-4.897821535485372,-0.6661699719250226,-9.489642678378106,0.224493060428482,-0.008062970101945361,Communication Equipment,Technology,WTT
2017Q3,2017,Q3,2017-11-09,2017-09-30,653396.0,12560298.0,781835.0,0.03,6113306.0,0.48671663681864874,48564360.0,37727903.0,21649826.0,7704204.0,10836457.0,6485796.0,9722650.0,33793912.92,33483307.92,1.8644067101419282,2.810131455501438,0.04027494648338823,0.051842982102662846,0.018125933774625114,1.8644067101419282,0.017318640794851493,2.690534326494483,12.930103995126998,0.8957273061267147,0.0,0.9940170797848098,0.0,0.25863200915239076,1.3465976498026273,0.013454228574205446,-109.6332881960778,0.48671663681864874,1.4285714285714286,-0.08462564320359038,1.0366908098724597,0.2903394115575781,0.8280537330589047,1.4775829215184804,1.3445548839283668,-0.3622472389195205,0.05989084979652636,0.09266039962722047,Communication Equipment,Technology,WTT
2017Q2,2017,Q2,2017-08-09,2017-06-30,-1368131.0,11933174.0,-2269116.0,-0.07,3344161.0,0.2802406970685251,49894499.0,36002890.0,19571717.0,10214542.0,13891609.0,7326706.0,9069252.0,31624161.6,31053748.6,1.8215383771628588,1.916064078056559,0.04498343594952221,0.062340162136984005,-0.034098115262580844,1.8215383771628588,-0.03800058828610703,2.65010479190197,-5.778715927056693,0.8783784190658028,0.0,1.1722884745204734,0.0,0.239168129536685,0.9477690727592094,-0.027420477756475718,25.058824704020694,0.2802406970685251,-0.16666666666666682,-3.5667254424849593,1.069069441560952,0.2904916784074072,-0.2281238819991183,-0.1109982354035063,-0.3200355326789534,-2.9077617658965607,0.14118820992010667,0.12408281315320706,Communication Equipment,Technology,WTT
2017Q1,2017,Q1,2017-05-15,2017-03-31,-1231443.0,9548758.0,-1718981.0,-0.06,4332510.0,0.4537249765885783,52656870.0,36753300.0,20608574.0,10096843.0,15903570.0,9890709.0,10437386.0,30172283.44,30660839.44,1.8028096583464948,2.0410908637482033,0.05059239183795011,0.07248429392734802,-0.030345036332889017,1.8028096583464948,-0.0335056443911159,3.1598123483703326,-6.125391804573984,0.8209407982412463,0.0,0.5273886836626172,0.0,0.1813392630439295,0.9753195132379497,-0.023386179239290143,-27.632649520517774,0.4537249765885783,0.0,-3.2500712935311538,0.6579792047510484,0.30355309495770305,0.32098747740301015,-0.062192228171004046,-0.11466234889641372,-4.299521971400396,0.22551257857890034,0.06267477769891223,Communication Equipment,Technology,WTT
2016Q4,2016,Q4,2017-03-20,2016-12-31,-1159341.0,9003907.0,-1542154.0,-0.06,3279751.0,0.36425864905090644,35435135.0,31706213.0,23853458.0,3659864.0,3728922.0,8452751.0,11668829.0,35347491.4,25996688.4,1.713243696552678,6.517580434682819,0.0,0.0,-0.05130164376582493,1.713243696552678,-0.03656510476353641,3.9257948132960503,-7.622324104814718,1.1148443177367162,0.0,0.6771944423773988,0.0,0.2540954620322457,3.971369427935027,-0.03271727340674729,27.99297979689988,0.36425864905090644,-10.533541370847935,-3.136661182754284,0.6487873727077494,0.2602406787466958,-0.1420999586973473,-10.515508425191033,-6.752502946837558,-2.116864536418713,0.22665598042636087,0.022363612396034398,Communication Equipment,Technology,WTT
2016Q3,2016,Q3,2016-11-03,2016-09-30,121837.0,8344301.0,268084.0,0.006293568954708743,3822999.0,0.45815689055320513,35490736.0,32598912.0,23860453.0,2830918.0,2891824.0,9450740.0,12828170.0,31826288.2,23734581.2,1.7412696715289595,8.428521419553658,0.0,0.0,0.004160637166351556,1.7412696715289595,0.003737456023072181,3.8141347250057254,65.30505552500472,0.9762990924359684,0.0,0.4784071935107727,0.0,0.2351120867146852,4.852727984349953,0.0034329240171294276,-64.91305816341723,0.45815689055320513,1.6293568954708744,-0.8029997962595452,0.5787224405623772,0.3211114916317777,0.144991000002995,1.5583909657963362,1.758610931893556,-0.8568247828600656,0.21580946466509948,0.08009365641028089,Communication Equipment,Technology,WTT
2016Q2,2016,Q2,2016-08-04,2016-06-30,-218193.0,7610104.0,-353388.0,-0.01,3338890.0,0.43874433253474593,34190425.0,32241701.0,22517464.0,1895970.0,1948724.0,8666393.0,12706333.0,24953635.44,16379521.440000001,1.7313661347614846,11.876487497165039,0.0,0.0,-0.006576370863991373,1.7313661347614846,-0.006767415900296328,3.279013721757285,-28.59124197384884,0.7739553021721777,0.0,0.4928479472371031,0.0,0.22257997670400412,7.017616839928902,-0.006381698969813917,-22.272375513774286,0.43874433253474593,0.6666666666666666,-1.5859253296416171,0.582271294168323,0.3465967196791303,0.2274816423135207,0.6214076383719659,0.6161542213064451,-1.2641687722278223,0.11979108485035261,0.10857299543656304,Communication Equipment,Technology,WTT
2016Q1,2016,Q1,2016-05-16,2016-03-31,-576327.0,6368415.0,-920651.0,-0.03,2720114.0,0.427125744788931,34802905.0,32361275.0,23557077.0,2397028.0,2441630.0,8799876.0,12924526.0,24560688.240000002,14859098.240000002,1.7392380287792781,9.827618617721612,0.0,0.0,-0.017039160542192237,1.7392380287792781,-0.017809156159638333,3.8566406617659186,-10.653972588478416,0.7589530461948735,0.0,0.4145855009775138,0.0,0.1829851559805137,5.951960093916299,-0.016559738332188073,160.38062060859346,0.427125744788931,-26.0,-3.006995264471741,0.40703751921051795,0.37092166457645803,-0.27935008579878445,-25.33505045813453,-10.39257694936696,-3.1358136837484007,0.20217825005621626,0.14831298270103402,Communication Equipment,Technology,WTT
2015Q4,2015,Q4,2016-03-29,2015-12-31,23683.0,7928963.0,98019.0,0.0012,3774529.0,0.4760432101902859,34706324.0,32904451.0,23832785.0,1768421.0,1801873.0,8068728.0,13500853.0,32003321.04,22347314.04,1.7684307090899338,13.476872871335502,0.0,0.0,0.0009220435342135827,1.7684307090899338,0.0007197506501476046,4.036255565828721,337.8301000717815,0.9726137366643801,0.0,0.5148809081183552,0.0,0.22845873852845955,8.582327398283553,0.0006823828418129215,77.6436647888554,0.4760432101902859,-0.6781979082864038,-0.9110817215601834,0.6041671190625482,0.3917202899532134,0.04176350756276684,-0.6848108172852979,-0.3964347290640394,-0.9697544023604038,0.23833955579125937,0.1755212850159166,Communication Equipment,Technology,WTT
2015Q3,2015,Q3,2015-11-16,2015-09-30,75139.0,8339155.0,162400.0,0.003729,3623211.0,0.4344817910207929,36198019.0,34230036.0,26259835.0,1945682.0,1967983.0,8716387.0,13477170.0,29141360.384,18413263.384,1.7440763500081904,13.496468076489375,0.0,0.0,0.002277583147461205,1.7440763500081904,0.0021951189300531263,3.4945219730296415,96.95817213431107,0.8513388763015032,0.0,0.5410434392139771,0.0,0.23037600483054058,8.385692009280037,0.002075776577718245,27.595723888978323,0.4344817910207929,-0.09621909840038782,1.5250308680016025,0.9092953991253062,0.4284301822880061,0.015905296110876675,-0.10554133682518897,0.09808376269490311,-0.8914654954590718,0.39420730247489033,0.2070598324599149,Communication Equipment,Technology,WTT
2015Q2,2015,Q2,2015-08-12,2015-06-30,84005.0,8213297.0,147894.0,0.004126,3566485.0,0.43423304916405675,36145236.0,34103550.0,26262853.0,2030535.0,2041686.0,9065085.0,13402031.0,42367639.86,32695602.86,1.7467270715230254,12.933957306818154,0.0,0.0,0.0024682400750340437,1.7467270715230254,0.002463233299759116,5.158420529538868,126.0866610916017,1.2423234490251014,0.0,0.512605452679153,0.0,0.22723041564869018,7.756896581442822,0.002324096044081715,-45.10765953052203,0.43423304916405675,-0.5873999999999999,1.6888697537022543,0.7750986986457608,0.43506256271638194,-0.0769123059120049,-0.5666561776191238,-0.5633803232710901,-0.8404556723416826,0.44165426445670847,0.23749067190137382,Communication Equipment,Technology,WTT
2015Q1,2015,Q1,2015-05-13,2015-03-31,193853.0,8627691.0,338725.0,0.01,3863647.0,0.4478193528256865,36959355.0,33910181.0,27419604.0,3036293.0,3049174.0,8753397.0,13318025.0,50690783.0,40105512.0,1.7392998368164878,9.03061858654616,0.0,0.0,0.005662050296706079,1.7392998368164878,0.005716660727938905,5.875359119838668,65.37270895988198,1.4948543919597481,0.0,0.544250877687828,0.0,0.23343727183550686,5.501272769129988,0.00524503200881076,1675.3406814951911,0.4478193528256865,-0.2857142857142857,1.2646294332732075,0.85005586555978,0.39276715117385774,-0.05380923110078195,-0.32002637772765696,-0.29871761958394066,-0.6296218972199453,0.5664537851273195,0.2576312062922163,Communication Equipment,Technology,WTT
2014Q4,2014,Q4,2015-03-31,2014-12-31,285089.0,9340906.0,483008.0,0.014,4083370.0,0.43714924440948233,36288922.0,33630365.0,27232350.0,2626503.0,2658557.0,8541077.0,13124172.0,51080712.1,40527199.1,1.724947689208115,10.368291983675633,0.0,0.0,0.008934698063553757,1.724947689208115,0.00847713071208118,5.468496535560898,44.79365399927742,1.5188866400944505,0.0,0.6155589043395815,0.0,0.25740378840683115,6.026931627338708,0.00785608897392984,37.21142035206117,0.43714924440948233,-0.7200000000000001,-0.8319525389023954,1.93409353292484,0.3335258231377719,-0.2916535623752418,-0.7100319984051653,-0.7727630706116477,-0.5012596515062977,0.6236493102807272,0.2688499896566459,Communication Equipment,Technology,WTT
2014Q3,2014,Q3,2014-11-13,2014-09-30,983174.0,11372215.0,2125570.0,0.05,5764651.0,0.5069066140589147,36755087.0,33134752.0,27850039.0,3569286.0,3620335.0,8963528.0,12839083.0,46605751.199999996,37499018.199999996,1.7063002473394313,7.802691910931206,0.0,0.0,0.03006188261977245,1.7063002473394313,0.029671989094712404,4.098212283183179,11.850840034419136,1.4065519850578632,0.0,0.6255978672683346,0.0,0.30940519879601974,4.489224175367286,0.026749331323851853,23.711712954766075,0.5069066140589147,0.6666666666666669,6.9702153527568464,0.14491566364004768,0.4189320127005105,0.16935448535956632,0.3733149139630095,0.6758187825859346,0.5325923828890404,1.0742909917329317,0.2945799848192997,Communication Equipment,Technology,WTT
2014Q2,2014,Q2,2014-08-14,2014-06-30,715913.0,10438916.0,1268377.0,0.03,4929772.0,0.47224941746825055,35740220.0,31973911.0,25847644.0,3696440.0,3766309.0,8364759.0,11855910.0,52682576.339999996,45566600.339999996,1.6204663534114474,6.992577723431193,0.0,0.0,0.022523541498624296,1.6204663534114474,0.02239053583404295,5.046747798334616,18.39698969707213,1.64767382820325,0.0,0.6586135954424988,0.0,0.29207755296413956,3.942902901169774,0.020031018275768867,137.9370577484997,0.47224941746825055,0.4999999999999999,13.105002154147188,0.18010042555587674,0.3624273251643898,0.15562296350125412,0.6271637543866029,0.5814247793458488,0.8144081666009391,1.048420172075559,0.26034270397397397,Communication Equipment,Technology,WTT
2014Q1,2014,Q1,2014-05-15,2014-03-31,439976.0,9185331.0,802047.0,0.02,4265900.0,0.46442528853886705,44129543.0,40771967.0,33076438.0,3328306.0,3357576.0,8048056.0,11139996.0,66812382.17999999,50401693.17999999,1.6964829656070797,9.937919770598016,0.0,0.0,0.011215383779146005,1.6964829656070797,0.010791139902570803,7.273813233295566,37.96365152871975,1.638684299435443,0.0,0.6112570538773587,0.0,0.20814471158244263,6.935164314819611,0.009970100982011076,-7828.964398875087,0.46442528853886705,-0.6226415094339623,2.6396867340219456,-0.13689441737450314,0.4384881867816835,-0.05041002947225957,-0.6736141196299176,0.2109422299658933,0.18620789224188783,0.571171429139257,0.33722079016869144,Communication Equipment,Technology,WTT
2013Q4,2013,Q4,2014-03-31,2013-12-31,1348024.0,9532244.0,662333.0,0.053,4492360.0,0.47128042463033887,43437031.0,40274107.0,32309075.0,3103628.0,3162924.0,8169276.0,10700020.0,50950449.720000006,34351200.720000006,1.6757674821167408,10.410099084039711,0.0,0.0,0.033726600899080125,1.6757674821167408,0.0334712325216795,5.3450635254406,9.449099148086384,1.2650919788240123,0.0,0.6169315371398886,0.0,0.21944971331028587,7.074629433682129,0.03103398112085515,20.716870466826872,0.47128042463033887,0.32499999999999996,1.0492257005213819,-0.10934892760220262,0.40158932511399026,0.0606948883656148,0.23672947758284243,0.15838250777405058,2.9183785964762805,0.49307907866302714,0.318796147407929,Communication Equipment,Technology,WTT
2013Q3,2013,Q3,2013-11-14,2013-09-30,1089991.0,8790954.0,571774.0,0.04,4235299.0,0.48177922441637167,41176886.0,38659235.0,30754826.0,2428329.0,2517651.0,8817034.0,9351996.0,48343619.52,34383139.52,1.6121469292914044,12.665016148964988,0.0029167577169385756,0.0031067091731121943,0.021827947163371837,1.6121469292914044,0.02819484141370102,5.499246102300161,11.088077681375351,1.250506367236703,0.0,0.5166879247601858,0.0,0.21349244330909337,8.302881940626662,0.02647094294600131,48.806598917329794,0.48177922441637167,0.0,3.2861479095332435,-0.3088015161366309,-0.3044929446146206,0.0379800349383677,0.03027716575027955,-0.2028235661534558,28.979019195243687,0.6473288897366529,0.3203775924557177,Communication Equipment,Technology,WTT
2013Q2,2013,Q2,2013-08-14,2013-06-30,1057959.0,8704886.0,717249.0,0.04,4080328.0,0.46873996971356086,41839319.0,37253163.0,32190566.0,4586156.0,4586156.0,9338357.0,8262005.0,34634198.808,24817944.808,1.5617971409087605,7.0190734898682035,0.061909014341270704,0.06953049865859712,0.02075080181676266,1.5617971409087605,0.028399172440740132,3.9787079127745035,8.184201563576659,0.9296982059751543,0.0,0.49522180400685045,0.0,0.2080551550086176,3.8746080595601198,0.02528623852601425,575.6248970881531,0.46873996971356086,3.0,2.1500857467556407,-0.2799328688433989,-0.3293543488399503,0.22888009533897347,2.055689058591787,1.9346499895665836,8.101283099399282,0.5399409742092325,0.2831292558610234,Communication Equipment,Technology,WTT
2013Q1,2013,Q1,2013-05-15,2013-03-31,346226.0,6796989.0,244407.0,0.01,3320363.0,0.48850498360376926,40476090.0,36159251.0,30880512.0,4316839.0,4316839.0,9062219.0,7204046.0,38914215.76,29284349.759999998,1.5146027737910657,7.153500976061419,0.0644801906508262,0.07217809904303604,0.00842356792319777,1.5146027737910657,0.009575032403187776,5.725213879263303,28.098854332141432,1.0761897628908297,0.0,0.3836395920248672,0.0,0.1679260274399034,3.9505508544562353,0.008553840057179437,-75.21660995589161,0.48850498360376926,-0.7560975609756098,1.709214631296446,-0.43296560237846504,-0.35019928853139104,-0.19647149189250931,-0.6553874758381258,-0.7035061456417622,1.385975974351835,0.19025989614892963,0.2128380315806216,Communication Equipment,Technology,WTT
2012Q4,2012,Q4,2013-04-01,2012-12-31,1004682.0,8215438.0,824324.0,0.041,4132228.0,0.5029832858576743,41229624.0,35915195.0,31830444.0,5314429.0,5314429.0,8289635.0,6857820.0,28648502.4,18308204.4,1.5043799985858948,5.989438187997243,0.06377004553813054,0.07320620144203588,0.02485980030439275,1.5043799985858948,0.02797373089579494,3.4871545984523284,7.128748798127169,0.7976708020101241,0.0,0.49256812875355793,0.0,0.1992605608045322,3.5084725000559795,0.024367964160914978,39.776272664288754,0.5029832858576743,0.36666666666666675,0.2841789826840276,-0.3734045452453651,-0.36773472712627847,0.11691920297670114,0.17533335049122256,0.0665766125954075,-0.5163679318988091,1.6709143170775773,0.16300893556211246,Communication Equipment,Technology,WTT
2012Q3,2012,Q3,2012-11-14,2012-09-30,854806.0,7385241.0,772869.0,0.03,3699666.0,0.500953997303541,39948619.0,35014549.0,31562652.0,4934070.0,4934070.0,8409764.0,5853138.0,30776240.2,20961247.2,1.444896353193916,6.396879655132579,0.06628922516695758,0.07563036153914192,0.024171163504848377,1.444896353193916,0.024412880485766075,4.167262815120048,9.000942962496755,0.8789557792105219,0.0,0.43824951568200965,0.0,0.1848684932012293,3.5312460098863614,0.021397635798123586,99.95660937459401,0.500953997303541,0.0,-0.11814795037894207,-0.4871104880323989,-0.43314181393507745,0.030594138231307372,0.30415333611005585,0.2686413551977151,4.552948703321863,-0.4041876018693313,0.20155271252986368,Communication Equipment,Technology,WTT
2012Q2,2012,Q2,2012-08-13,2012-06-30,655449.0,7092046.0,609210.0,0.03,3589838.0,0.5061780479145228,39311821.0,34306214.0,27774560.0,2415377.0,5005607.0,8618084.0,4998332.0,30137787.08,20396563.08,1.4115072631935257,11.499057911042458,0.0,0.0,0.01844875663745107,1.4115072631935257,0.019105838959670687,4.2495194024404235,11.49509232602384,0.8784935312302313,0.0,0.4063789584784739,0.0,0.18040492196990823,7.010059713245592,0.016673076528304298,-88.32310659922278,0.5061780479145228,0.0,-0.32579923847547476,-0.4870288624010515,-0.39828876528338686,0.06997569346644551,-0.0006327531317468256,0.10521302939869198,9.997246025433762,-0.34911962589806844,0.18674236030532473,Communication Equipment,Technology,WTT
2012Q1,2012,Q1,2012-05-15,2012-03-31,655864.0,6901819.0,551215.0,0.03,3355065.0,0.4861131536483353,38588399.0,33788069.0,27068720.0,2190424.0,4800330.0,7870041.0,4342883.0,30050197.65,19770172.65,1.3829967228185602,12.357753567345865,0.06958062706877266,0.07946606833317406,0.017696507957929233,1.3829967228185602,0.0194111122479358,4.353953305643048,11.454431730511203,0.889373040229082,0.0,0.45066525066387836,0.0,0.17885735554874924,7.89051982629847,0.016996403504586963,28.770899599316394,0.4861131536483353,0.034482758620689564,-0.10514984582805226,-0.5579479390791401,-0.4697822192905688,-0.03201082511183593,-0.0843673565118331,-0.14045907467760296,3.4044493259716617,-0.3620265289708255,0.17267575829762227,Communication Equipment,Technology,WTT
2011Q4,2011,Q4,2012-03-30,2011-12-31,716296.0,7209138.0,641290.0,0.029,3466015.0,0.4807807812806469,37701960.0,33212982.0,26418582.0,1859763.0,4488978.0,7577051.0,3687019.0,28340023.799999997,18953153.799999997,1.3594575428691065,14.2053487460499,0.07169155131457357,0.08138119004189386,0.019764548569917318,1.3594575428691065,0.021566747604897386,3.9311251636464717,9.891170619408737,0.853281521063059,0.0,0.49400789304440473,0.0,0.19121387853575783,9.012122512384643,0.01899890615766395,43.43718060134541,0.4807807812806469,-0.03333333333333325,-0.45534950239854377,-0.5382196371402502,-0.47175276228440166,0.009601954646173331,-0.1334828546473789,-0.08240983852851327,1.0257310048202537,-0.33737819532442437,0.13703195721654207,Communication Equipment,Technology,WTT
2011Q3,2011,Q3,2011-11-14,2011-09-30,826638.0,7064591.0,698885.0,0.03,3433051.0,0.4859518406656521,37847659.0,32981202.0,25382649.0,2218294.0,4866457.0,8298568.0,2970723.0,20018424.8,10715456.8,1.318033854491888,11.442418813737042,0.0,0.0,0.024850181179131486,1.318033854491888,0.025063913680283698,2.8336282737387064,6.054169055862421,0.6069646824879215,0.0,0.43761044074110134,0.0,0.18665859888454395,7.4863115529321185,0.021841192344287396,-72.46016476754455,0.4859518406656521,0.5060997038003916,-0.17412283108309295,-0.41726687069619944,-0.329887693968196,0.17659773978692006,0.6494426951764101,2.296005470665912,2.6615197200134304,-0.4676925867070759,-0.4313782271453276,Communication Equipment,Technology,WTT
2011Q2,2011,Q2,2011-08-15,2011-06-30,501162.0,6472756.0,212040.0,0.019919,2917778.0,0.450778308343463,37127500.0,32222556.0,24831534.0,2238186.0,4904944.0,7476410.0,2144085.0,20801119.7,11120075.7,1.2857347039832667,11.094490806394107,0.0737386034610464,0.08496315438166978,0.00907534226758592,1.2857347039832667,0.015553142339173839,3.2136418706343943,10.376444991838966,0.6455453037307158,0.0,0.47549264954704196,0.0,0.1743385899939398,7.443029310343287,0.01349840414786883,69.15219878857188,0.450778308343463,0.3036847961254009,0.9997214861467288,-0.5965732678092557,-0.5510057722678959,0.10110647354954601,0.29985579117732497,-0.2875766046661649,1.5185246725260813,-0.4904004408505978,-0.44789731957749485,Communication Equipment,Technology,WTT
2011Q1,2011,Q1,2011-05-16,2011-03-31,385552.0,6076955.0,297632.0,0.015279,2649860.0,0.4360506207467391,36416944.0,31693728.0,24262904.0,2038211.0,4723216.0,7097730.0,1642923.0,26480904.1,17088773.1,1.2686633187875183,11.904019750653882,0.0,0.0,0.011902237696608375,1.2686633187875183,0.012164930550296892,4.357594239220136,17.170773397622114,0.8355250635078335,0.0,0.48284381062677784,0.0,0.1668716353574314,8.104708982534193,0.010587159647443235,-25.78080067682027,0.4360506207467391,0.09135714285714278,-0.6141699708810169,-0.5527847523060632,-0.40571700611445444,-0.14523071603128684,0.07814444348125177,0.39661863177998113,1.7547353703578479,-0.5155236370407358,-0.4557131800974925,Communication Equipment,Technology,WTT
2010Q4,2010,Q4,2011-03-30,2010-12-31,357607.0,6636317.0,213109.0,0.014,3100088.0,0.4671398307223721,37618815.0,31744101.0,25805125.0,3133880.0,5874714.0,6935172.0,1257371.0,21734326.95,10794018.95,1.270679691785901,8.234241579128748,0.07185000378135249,0.0851469065071334,0.009290096750211564,1.270679691785901,0.011265305638991006,3.275058582945932,15.194282375624637,0.6846729397061835,0.0,0.5098978078697977,0.0,0.17640951741834504,5.7267476738101015,0.009506067641949913,9.573792039432822,0.4671398307223721,8.233602601341799,-0.5398408705600646,-0.5278107223069803,-0.3862314085683327,0.14966807058168216,8.192273089478961,6.292003973181028,-0.5631858658422408,-0.516298565229835,-0.46595498290504733,Communication Equipment,Technology,WTT
2010Q3,2010,Q3,2010-11-15,2010-09-30,38903.0,5709963.0,-40270.0,0.00151620127099314,2696507.0,0.47224596726808915,37084182.0,31328003.0,25224096.0,2984467.0,5756179.0,7625615.0,899764.0,19492536.8191,8103210.8191,1.2209741656498703,8.451792564635495,0.0,0.0,-0.0010562508300866586,1.2209741656498703,0.0012417963570802773,3.4137763798294314,125.26371243284581,0.6222080870938375,0.0,0.39517547109315115,0.0,0.15397300660427132,5.649204028726067,0.0010490456550989852,287.31832052090857,0.47224596726808915,1.243156712969882,-0.9241899364503431,-0.4429363696408477,-0.2720450198361923,-0.08773487847942901,1.242752311897066,-1.1253970231051877,-0.9620949682251715,-0.6254773864350144,-0.5209904162035558,Communication Equipment,Technology,WTT
2010Q2,2010,Q2,2010-08-12,2010-06-30,-160258.0,6080604.0,321140.0,-0.006235490077466795,2955837.0,0.48610911021339326,37244656.0,31230609.0,25853202.0,3212057.0,6014047.0,7435070.0,860861.0,18473906.16,7136431.16,1.2171783425363032,8.048799258543669,0.0,0.0,0.009765220613988256,1.2171783425363032,-0.005131440120171848,3.0381695897315466,-28.819007725043367,0.5915320498553197,0.0,0.42027405256440087,0.0,0.1632611132184977,5.415902644317955,-0.00430284548741704,-7.073615197054445,0.48610911021339326,0.8441127480633301,-1.1040979610387092,-0.29859209173618445,-0.29936617384067615,0.0545085401707499,0.8337679526835411,0.030801427727704594,-1.1561469445073764,-0.5833882202567523,-0.48112921381586626,Communication Equipment,Technology,WTT
2010Q1,2010,Q1,2010-05-17,2010-03-31,-964062.0,6137342.0,311544.0,-0.04,2803047.0,0.4567200263566867,43220413.0,32042189.0,32045134.0,7113086.0,11178224.0,7220243.0,1021119.0,25145038.94,16742179.940000001,1.2488087727733699,4.50509581917047,0.10041056294394966,0.13543974788988355,0.008474636928290372,1.2488087727733699,-0.030087270254850567,4.097056826880432,-6.520596948121593,0.7847478504043529,0.0,0.46179816939679175,0.0,0.1420010030908312,2.615437940719401,-0.022305710035672263,-20.591935491531892,0.4567200263566867,-1.4597701149425288,-1.626220784051011,-0.29432295583880175,-0.25844403907173835,1.4046154838827019,-1.431803217891628,1.7489344516482646,-2.252441568102022,-0.6257117760909915,-0.5212276319202581,Communication Equipment,Technology,WTT
2009Q4,2009,Q4,2010-04-15,2009-12-31,2232642.0,-13160404.0,-415983.0,0.087,-6927681.0,-0.5264033687719617,45131840.0,33189502.0,33920774.0,7766800.0,11942338.0,6944231.0,1985181.0,18217324.13,8600772.129999999,1.2935240242662356,4.367406653963022,0.09881781908293569,0.13437471884935182,0.16080019916972327,1.2935240242662356,0.06726952395971474,-1.3842526513623745,2.0398841518255053,0.5488881433050727,0.0,-0.8975396987801817,0.0,-0.29159910165417585,2.447667765360251,0.04946933251558102,29.529284206806672,0.5264033687719617,12.695793341881966,1.1802684289571264,-2.7978748164514755,-0.21703811404770257,-2.087604722883516,12.698114596690575,-2.3125307636969445,0.6164432191168085,-1.80267054768138,-0.49737268639128496,Communication Equipment,Technology,WTT
2009Q3,2009,Q3,2009-11-16,2009-09-30,162989.0,13124100.0,316932.0,0.006352315475873349,6369668.0,0.48534131864280217,41886220.0,30854613.0,30624775.0,5368029.0,11031607.0,8950913.0,-247461.0,17190996.01,9103501.010000002,1.2025243155181211,5.705031586081223,0.11215258860790016,0.15225107506614977,0.005942284360461131,1.2025243155181211,0.005282484016247425,1.3098799925328215,26.36833775592218,0.5571612909226896,0.0,0.7546081612009858,0.0,0.31332739024910816,3.839605188422045,0.0038912320089996184,3.8247991952145393,0.48534131864280217,3.1192999336861402,-0.872953690482533,0.3503063868060716,-0.34461560363601845,0.15061962380183455,3.1192999336861402,1.6688756257544932,-0.8411921131031662,0.05576167667773215,-0.38861483763494303,Communication Equipment,Technology,WTT
2009Q2,2009,Q2,2009-08-13,2009-06-30,-76907.0,11502889.0,-473828.0,-0.0029973650142217675,5535859.0,0.4812581430630166,42446051.0,30517778.0,31307518.0,6350277.0,11928273.0,9214822.0,-410450.0,14371159.500300001,11946662.500300001,1.18939654503474,4.930102734101205,0.10937253032090076,0.15212221545094143,-0.00221922114503986,1.18939654503474,-0.002520072070777892,1.2493521845077356,-46.71603202666858,0.47091107027189205,0.0,0.6475469629255997,0.0,0.27100021625097703,3.206881841532267,-0.0018118764452316187,-6.809162441236031,0.4812581430630166,0.7002634985778232,-1.074934125355544,0.2983517195291189,-0.325598368882914,-0.020390240035278173,0.7315374626490547,-0.3496643129167604,-1.299736501422177,-0.299731244665231,-0.5846482314347984,Communication Equipment,Technology,WTT
2009Q1,2009,Q1,2009-05-14,2009-03-31,-286472.0,11361743.0,-351071.0,-0.01,5651086.0,0.49737843920602676,41265490.0,30260036.0,30046780.0,5350930.0,11005454.0,9416037.0,-333544.0,9493535.11,4898047.109999999,1.1793513364907122,5.615244452833433,0.11440705054029408,0.1560164369930029,-0.009743680744417086,1.1793513364907122,-0.009467007904418885,0.8355703090626148,-8.284871741391829,0.31373178505141236,0.0,0.6064820051153155,0.0,0.275332802300421,3.556305726294308,-0.0069421688679814535,-56.20868873521297,0.49737843920602676,0.9912238360612576,-2.1164928424644547,0.516275769894152,-0.20974944230497453,0.07067584555295464,0.9902014370988439,0.9896177751038523,-1.2791232106161137,-0.18590282116500756,-0.44755363167396445,Communication Equipment,Technology,WTT
2008Q4,2008,Q4,2009-03-31,2008-12-31,-29236124.0,11426195.0,-33814621.0,-1.13945,5278055.0,0.461925864209389,43275609.0,30677447.0,31590579.0,6796733.0,12598162.0,10028314.0,-47072.0,8726354.840300001,6963429.840300001,1.1956194671933962,4.647906427985328,0.11240678322978655,0.15856834501254294,-0.8157471864101883,1.1956194671933962,-0.9530168530647286,0.7637148534835964,-0.07461962844578851,0.2844550539130587,0.0,0.6130781305810727,0.0,0.26403314162488156,2.974377542857723,-0.6755797243662128,16.91547421939211,0.461925864209389,-55.972500000000004,-34.93809711005281,0.5078059463593497,-0.20405021775572288,-0.23238484838304382,-56.30910245654202,-368.59909279702697,-37.62878668404944,-0.20842633715757983,-0.4224872869132025,Communication Equipment,Technology,WTT
2008Q3,2008,Q3,2008-11-14,2008-09-30,-510148.0,13608518.0,-91490.0,-0.02,6875913.0,0.5052653786400547,75915403.0,59474297.0,30270628.0,6122479.0,16441106.0,9085145.0,29189052.0,26171367.06,19986502.06,2.3179447524053027,4.94417833037892,0.06819558080986543,0.08704760310155495,-0.0020681493518131134,2.3179447524053027,-0.00857762135465006,1.9231607042001193,-12.825379625128395,0.4400450006159804,0.0,0.7410564168210854,0.0,0.17925898384547864,3.2687854053888956,-0.006719953788561196,54.22016142966353,0.5052653786400547,0.5,-1.4970613101782693,0.6533230952750999,0.3343235363775167,0.10642490858523217,0.484603198978396,0.9142800659225551,-1.9941226203565385,0.3276461582829645,0.38197799243352376,Communication Equipment,Technology,WTT
2008Q2,2008,Q2,2008-08-13,2008-06-30,-989816.0,13007863.0,-1067313.0,-0.04,6214532.0,0.4777519566434548,77040108.0,59770363.0,30338858.0,6438888.0,15230104.0,9529191.0,29699200.0,31825561.0,26072852.0,2.3287963445483335,4.711816388171374,0.0701311062544201,0.09039443176880153,-0.021700779532148936,2.3287963445483335,-0.016560314348433854,2.446640235986495,-8.03825180639634,0.5324639069031586,0.0,0.7128969290257694,0.0,0.16884533702886295,3.014614635322124,-0.012848060908741198,31.212760865919403,0.4777519566434548,-1.0,-2.928279975960204,0.9248159039577936,0.5395905886942768,0.007916347834041172,-0.8711926439006684,-0.9147993728045468,-1.6427599798462453,0.5000362200047884,0.34050486786251816,Communication Equipment,Technology,WTT
2008Q1,2008,Q1,2008-05-15,2008-03-31,-528976.0,12988564.0,-557402.0,-0.02,6165722.0,0.47470390106250393,78380973.0,60296655.0,31429400.0,6853020.0,18084318.0,10613783.0,30689017.0,38544367.47,33672983.47,2.330872753844675,4.586211626407044,0.06910559785982753,0.08983191521984096,-0.01341804909160752,2.330872753844675,-0.008772891298862266,2.967561885209173,-18.21650106526572,0.6392455347647393,0.0,0.6428284806651879,0.0,0.16571067572738604,2.865190529138978,-0.0067487807276901245,243.75576258324006,0.47470390106250393,-1.6060606060606062,-3.0448493300959076,0.4284783497007479,-0.0008816773957761321,-0.24053433516043604,-1.6239918653248857,-1.6286146055948079,-1.3408082216826513,0.48128418455948024,0.3840970871306247,Communication Equipment,Technology,WTT
2007Q4,2007,Q4,2008-03-28,2007-12-31,847729.0,14206839.0,886715.0,0.033,8118500.0,0.5714501304618149,79694277.0,61550683.0,32731952.0,6993214.0,18143594.0,11988610.0,31217993.0,43304208.822,38178535.822,2.3793494014755976,4.680530582933684,0.06602201811806387,0.08548364930410277,0.011044744659585755,2.3793494014755976,0.01377286097702604,3.048124133876649,12.77065218424756,0.7035536684783823,0.0,0.507843611561307,0.0,0.17826674053395328,2.8113840074106125,0.010637263200216998,114.7088818480904,0.5714501304618149,-0.175,-0.10232604285274016,0.2927292867697637,0.008019073603987147,0.036665936269529825,-0.10001518148241337,0.19121282140842044,-0.1788934848408772,0.925037830258206,0.44020509845232697,Communication Equipment,Technology,WTT
2007Q3,2007,Q3,2007-11-13,2007-09-30,941937.0,13992357.0,744380.0,0.04,7831356.0,0.5596881211650045,78831011.0,60023890.0,32225781.0,7012291.0,18807121.0,11218727.0,30370264.0,54161377.49999999,49445443.49999999,2.5489556095577517,4.595613758755876,0.06386917960496535,0.08388113466154892,0.010330979842452846,2.5489556095577517,0.015692701689277385,3.8707829924579533,14.374999999999998,0.9023303471334496,0.0,0.5491711314483363,0.0,0.1774981295114939,2.747761608866489,0.01194881288532504,58.80420467598795,0.5596881211650045,0.0,0.3333333642115404,0.6751948714529785,0.3100387930988582,-0.016420175845678807,-0.06157926250339976,0.003260279179094319,-0.20000000000000004,0.5686210533876261,0.3891991305047485,Communication Equipment,Technology,WTT
2007Q2,2007,Q2,2007-08-14,2007-06-30,1003747.0,14274247.0,741961.0,0.04,7962095.0,0.5577943971405287,77386697.0,58865287.0,30663570.0,6644400.0,18521410.0,10708515.0,29428327.0,78794139.5,75068707.5,2.345821686142026,4.614949431099873,0.0652260555842046,0.08574882171219177,0.009584675822857961,2.345821686142026,0.017051594431196776,5.520020740848887,19.625,1.3385501628489471,0.0,0.5894516653336154,0.0,0.18445349851279993,2.7882552224429595,0.012970536783602485,-67.3260261787844,0.5577943971405287,0.3333333333333334,0.3333333582089552,0.8341900426605497,0.4881414183950465,0.044114559585485436,0.5133925273240728,-0.060373540146447593,0.0,0.6474058499246278,0.3301080939307819,Communication Equipment,Technology,WTT
2007Q1,2007,Q1,2007-05-14,2007-03-31,663243.0,14128607.0,789634.0,0.03,7625691.0,0.5397341011750132,76985312.0,57665795.0,30177796.0,7255720.0,19319517.0,10031687.0,28424580.0,53943764.0,49066496.0,2.6083559871721222,4.159173176473183,0.0659980828550776,0.08810912951083047,0.009659940055748278,2.6083559871721222,0.011501497551538134,3.8180525511113728,20.333333333333332,0.9354551341917683,0.0,0.6482375297395144,0.0,0.18352341028376945,2.6180789776893265,0.008615188829786128,-47.02817657787092,0.5397341011750132,-0.4444444444444445,0.4999999999999999,1.3177852821038705,0.7048790480076332,0.012180236439805753,-0.4427002414080822,-0.3999390541847813,1.9999999999999996,1.1883026943516244,0.7477868636359165,Communication Equipment,Technology,WTT
