Quarters,Year,Quarter,FillingDate,Date,NetIncome,Revenue,OperatingIncome,EPSDiluted,GrossProfit,GrossProfitRatio,TotalAssets,CommonStockEquity,CurrentAssets,CurrentLiability,TotalLiability,Inventory,RetainedEarnings,MarketCap,EnterpriseValue,bookValuePerShare,currentRatio,debtToAssets,debtToEquity,roic,shareholdersEquityPerShare,roe,priceToSalesRatio,peRatio,pbRatio,payoutRatio,inventoryTurnover,dividendYield,assetTurnover,quickRatio,returnOnAssets,priceToFreeCashFlowsRatio,grossProfitMargin,epsdilutedGrowth,fiveYNetIncomeGrowthPerShare,fiveYRevenueGrowthPerShare,fiveYShareholdersEquityGrowthPerShare,grossProfitGrowth,netIncomeGrowth,operatingIncomeGrowth,threeYNetIncomeGrowthPerShare,threeYRevenueGrowthPerShare,threeYShareholdersEquityGrowthPerShare,Industry,Sector,Symbol
2023Q1,2023,Q1,2023-05-04,2023-03-31,4577000.0,191903000.0,50101000.0,0.03,182290000.0,0.9499069843,1710891000.0,237108000.0,332433000.0,168637000.0,1473783000.0,18923000.0,-93501000.0,2523871800.0000005,3642673800.0000005,1.589568598531827,1.9712933697824322,0.6914929121726633,4.98957858866002,0.012700366796032835,1.589568598531827,0.01930343978271505,13.151810029025082,137.85622678610446,10.644397489751507,0.0,0.50800613010622,0.0,0.11216553246232519,1.6408142934231515,0.0026752142597044463,94.01645744086424,0.9499069842576718,-0.7692307692307693,0.9132054287205127,0.0,14.895666910517978,0.03525630104156018,-0.8377985682897441,0.19174595623215984,-0.26003074741316,0.7738480640429868,-0.25725976437242815,Infrastructure Operations,Industrials,VRRM
2022Q4,2022,Q4,2023-03-01,2022-12-31,28218000.0,186070000.0,42040000.0,0.13,176082000.0,0.9463212769,1756269000.0,231070000.0,362594000.0,186809000.0,1525199000.0,19307000.0,-98078000.0,2063809410.0,3203947410.0,1.5484463267371187,1.940987853904255,0.7090838590215963,5.389457740078764,0.022451542137408582,1.5484463267371187,0.12211883844722378,11.091575267372495,18.284511747820538,8.931533344873847,0.0,0.5173253224219195,0.0,0.10594618478148848,1.6046978464635002,0.01606701479101436,36.016359114865104,0.9463212769387864,-0.13333333333333328,18.85114531327171,0.0,14.484457073588358,-0.03355196355553116,0.148193359375,-0.07600334080618928,2.2753509884992953,0.7629853963483162,-0.2744391376138804,Infrastructure Operations,Industrials,VRRM
2022Q3,2022,Q3,2022-11-02,2022-09-30,24576000.0,197656000.0,45498000.0,0.15,182195000.0,0.921778241,1718333000.0,194891000.0,317443000.0,161087000.0,1523442000.0,17922000.0,-128236000.0,2327463730.0,3527381730.0,1.287012395247938,1.970630777157685,0.7283186669871323,6.421507406704261,0.022838861996809713,1.287012395247938,0.12610125659984298,11.775325464443275,23.676185404459634,11.942386923972887,0.0,0.8626827363017521,0.0,0.11502776237201986,1.6197955142252323,0.014302233618280043,59.377104188989236,0.9217782409843365,0.0,30.861813129277614,0.0,11.870121378455105,0.03845583876704209,-0.17087817550015183,0.007462190828369611,0.4500581542607444,0.6143883081289955,-0.37686616540052864,Infrastructure Operations,Industrials,VRRM
2022Q2,2022,Q2,2022-08-03,2022-06-30,29641000.0,187487000.0,45161000.0,0.15,175448000.0,0.9357875479,1779860000.0,244223000.0,348371000.0,165505000.0,1535637000.0,16549000.0,-90852000.0,2430242740.0,3601106740.0,1.5787490141828384,2.1048971330171296,0.7063791534165609,5.147983605147754,0.020537414906341523,1.5787490141828384,0.12136858526838176,12.962193325403895,20.497307277082424,9.9509167441232,0.0,0.7274759804217777,0.0,0.10533806029687728,1.7883024682033775,0.016653557021338757,45.1030537099588,0.935787547936657,1.4,16.678075072814114,0.0,14.787474354354032,0.09237847968071926,1.9522908366533864,0.4110166843716803,7.422432861112822,0.7459017170019643,-0.19568529347668925,Infrastructure Operations,Industrials,VRRM
2022Q1,2022,Q1,2022-05-09,2022-03-31,10040000.0,170385000.0,32006000.0,0.0625,160611000.0,0.9426357954,1824485000.0,275815000.0,362979000.0,154145000.0,1548670000.0,15451000.0,-71376000.0,2541796400.0,3708486400.0,1.7665727278549925,2.354789321742515,0.6906425648881739,4.568522379130939,0.012081005912543078,1.7665727278549925,0.036401210956619474,14.917958740499458,63.291743027888444,9.21558435908127,0.0,0.6325804155070869,0.0,0.09338799716084265,1.993039021700347,0.005502922742582153,128.5748596287116,0.942635795404525,-0.47916666666666663,16.990726606643307,0.0,13.984881100257512,0.04279314374756525,-0.47340816112451484,-0.20912303244458721,2.558619044958443,0.7296730171868856,-0.09558055320707375,Infrastructure Operations,Industrials,VRRM
2021Q4,2021,Q4,2022-04-22,2021-12-31,19066000.0,169980000.0,40469000.0,0.12,154020000.0,0.9061066008,1837056000.0,259964000.0,348069000.0,175191000.0,1577092000.0,12093000.0,-81416000.0,2406354790.0,3589569790.0,1.6669381159708374,1.986797266982893,0.6992154839046822,4.941061069994307,0.01737857875933191,1.6669381159708374,0.07334092412795618,14.156693669843511,31.552958014266235,9.256492398947547,0.0,1.319771768791863,0.0,0.09252848035117058,1.6823638200592497,0.0103785622212932,44.135482740911925,0.9061066007765619,-0.14285714285714296,11.834312295621219,0.0,15.669374491958576,0.018031356581973933,-0.3017651798139603,-0.033553040072598746,1.3349742020308468,-0.5404702668135583,-0.13878005694578824,Infrastructure Operations,Industrials,VRRM
2021Q3,2021,Q3,2021-11-04,2021-09-30,27306000.0,162095000.0,41874000.0,0.14,151292000.0,0.9333538974058423,1481916000.0,243666000.0,372131000.0,116930000.0,1238250000.0,0.0,-100482000.0,2401525060.0,3283111060.0,1.5290478043148132,3.182510903959634,0.6814374094078207,4.144332816232056,0.022871587103241144,1.5290478043148132,0.1120632340991357,14.815540639748296,21.98715538709441,9.855806965272135,0.0,0.0,0.0,0.10938204324671574,2.823330197554092,0.01842614561149215,28.443977969915906,0.9333538974058423,6.0,0.0,0.0,0.0,0.24847954712372403,5.840180360721443,0.32908017520472294,13.372040714271298,0.0,14.290453578422406,Infrastructure Operations,Industrials,VRRM
2021Q2,2021,Q2,2021-08-09,2021-06-30,3992000.0,128657000.0,31506000.0,0.02,121181000.0,0.9418920074306101,1559191000.0,316425000.0,421556000.0,106743000.0,1242766000.0,0.0,-99773000.0,2495749860.0,3360516860.0,1.9486937885674167,3.9492613098751206,0.6491270152277687,3.198587342972268,0.007143983622019936,1.9486937885674167,0.012615943746543415,19.39847703583948,156.2969601703407,7.887334629059018,0.0,0.0,0.0,0.08251522744808044,3.6174924819426097,0.0025603021053867037,104.37227584476413,0.9418920074306101,1.4000000000000001,1.268187415655962,0.0,18.48691839875577,0.3623343188946723,1.4477846326416153,16.993146773272414,1.7939283691805954,0.0,18.486906706623436,Infrastructure Operations,Industrials,VRRM
2021Q1,2021,Q1,2021-05-17,2021-03-31,-8915000.0,89858000.0,1751000.0,-0.05,88951000.0,0.9899062966013042,1497213000.0,308518000.0,482799000.0,70430000.0,1188695000.0,0.0,-103765000.0,2196689895.0,2951133895.0,1.900947029211877,6.855019167968195,0.6706119970905943,3.2544259978348102,0.00098408851158713,1.900947029211877,-0.028896207028439185,24.44623622827127,-61.60095050476725,7.120135275737558,0.0,0.0,0.0,0.060016844630657096,6.495399687633111,-0.005954396602220259,413.7671680165756,0.9899062966013042,-4.0,-16.36781791638101,0.0,15.124705629988604,-0.05971458773784355,-5.2959039548022595,-0.8263758056519583,-4.424983470976752,0.0,18.009447480781795,Infrastructure Operations,Industrials,VRRM
2020Q4,2020,Q4,2021-03-01,2020-12-31,-1416000.0,100163000.0,10085000.0,-0.01,94600000.0,0.9444605293371804,1367325000.0,346438000.0,328037000.0,64040000.0,1020887000.0,0.0,-84359000.0,2175972480.0,2928923480.0,2.136606966646931,5.12237663960025,0.638626515276178,2.520537585368811,-0.013607702589568284,2.136606966646931,-0.0040873114381216845,21.724314167906314,-384.17593220338983,6.280986727783904,0.0,0.0,0.0,0.0732547126688973,4.732776389756403,-0.001035598705501618,-643.0178723404256,0.9444605293371804,-1.25,-1.916788418344053,0.0,20.366061120044865,0.06396140047012248,-1.2117858211187555,-0.3394681687188892,-1.916788418344053,0.0,20.366061120044865,Infrastructure Operations,Industrials,VRRM
2020Q3,2020,Q3,2020-11-05,2020-09-30,6686000.0,96908000.0,15268000.0,0.04,88913000.0,0.9174990712841045,1371971000.0,343922000.0,311585000.0,72014000.0,1028049000.0,0.0,-82943000.0,1562447040.0,2307877040.0,2.1263354436640616,4.32672813619574,0.6374682846794867,2.5429835834869534,0.007650048029561361,2.1263354436640616,0.019440454521664798,16.122993354521814,58.42233921627281,4.543027314332901,0.0,0.0,0.0,0.07063414605702308,3.975921348626656,0.004873280849230778,87.82232814344331,0.9174990712841045,1.4000000000000001,0.0,0.0,0.0,0.2749942640816795,1.4344944112295295,3.1968345323741008,7.115336552424794,0.0,20.26335018397058,Infrastructure Operations,Industrials,VRRM
2020Q2,2020,Q2,2020-08-06,2020-06-30,-15388000.0,79809000.0,-6950000.0,-0.1,69736000.0,0.8737861644676665,1355122000.0,331750000.0,270698000.0,65020000.0,1023372000.0,0.0,-89629000.0,1662378800.0,2424733800.0,2.0515119658648198,4.163303598892648,0.6461366578064558,2.639318764129616,-0.004444718001926277,2.0515119658648198,-0.04638432554634514,20.82946534851959,-27.007713802963345,5.010938357196684,0.0,0.0,0.0,0.0588943283335375,3.86070439864657,-0.011355435156391824,1078.0666666666666,0.8737861644676665,-3.5000000000000004,-9.779320269889167,0.0,19.515099143549055,-0.3470656529717988,-3.3060092911733854,-1.3580075207335291,-9.779320269889167,0.0,19.515099143549055,Infrastructure Operations,Industrials,VRRM
2020Q1,2020,Q1,2020-05-11,2020-03-31,6673000.0,116713000.0,19413000.0,0.04,106804000.0,0.9150994319398867,1374129000.0,344400000.0,265906000.0,72003000.0,1029729000.0,0.0,-74241000.0,1148997360.0,1912929360.0,2.140140687529517,3.692985014513284,0.6385972496032032,2.5479529616724736,0.01044162661836441,2.140140687529517,0.019375725900116145,9.844639071911441,43.0465068185224,3.3362292682926826,0.0,0.0,0.0,0.08493598490389184,3.330139021985195,0.004856167070195011,171.4921432835821,0.9150994319398867,-0.3333333333333333,10.601166413996767,0.0,17.153656079244982,-0.00926690351845496,-0.27309368191721134,-0.197610977928412,10.601166413996767,0.0,17.153656079244982,Infrastructure Operations,Industrials,VRRM
2019Q4,2019,Q4,2020-03-02,2019-12-31,9180000.0,112461000.0,24194000.0,0.06,107803000.0,0.9585811970371951,1407426000.0,339347000.0,272438000.0,104881000.0,1068079000.0,0.0,-80220000.0,2224535910.0,2992587910.0,2.134137061424196,2.597591556144583,0.6391561616738642,2.650870642734428,0.013426066457752617,2.134137061424196,0.027051955667797268,19.780509776722596,60.58104330065359,6.555342790712752,0.0,0.0,0.0,0.07990544440702389,2.3362668166779494,0.006522545412689549,85.48345348345694,0.9585811970371951,-0.4545454545454546,5.060768871175891,0.0,20.34136207769713,-0.09874262210109185,-0.4828751689950428,-0.340025641725088,5.060768871175891,0.0,20.34136207769713,Infrastructure Operations,Industrials,VRRM
2019Q3,2019,Q3,2019-11-05,2019-09-30,17752000.0,128240000.0,36659000.0,0.11,119614000.0,0.932735495945103,1375859000.0,327591000.0,288098000.0,90318000.0,1048268000.0,0.0,-89400000.0,2276053500.0,3007782500.0,2.0653867978059393,3.189818197922895,0.6303647394100703,2.647487263081098,0.022271642638980776,2.0653867978059393,0.05418952291119109,17.748389737991268,32.05347988958991,6.94785113144134,0.0,0.0,0.0,0.09320722544970088,2.871177395425054,0.012902484920329773,48.94212450274164,0.932735495945103,4.5,0.0,0.0,0.0,0.13870378127260957,3.943469785575049,1.0786459514629168,0.0,0.0,0.0,Infrastructure Operations,Industrials,VRRM
2019Q2,2019,Q2,2019-08-06,2019-06-30,3591000.0,109575000.0,17636000.0,0.02,105044000.0,0.9586493269450148,1346451000.0,309828000.0,235468000.0,78717000.0,1036623000.0,0.0,-107152000.0,2153019440.0,2929009440.0,1.9628498663254057,2.9913233481967048,0.6448337147062908,2.802319351382057,0.010095472027028327,1.9628498663254057,0.011590301715790697,19.648819895049055,149.88996379838485,6.949079618368902,0.0,0.0,0.0,0.08138060724081307,2.694195662944472,0.002667011276310835,622.7999537170957,0.9586493269450148,0.0,1.0989273959588897,0.0,18.628479034775022,0.0852101326501095,0.2734042553191489,-0.018368028498274517,1.0989273959588897,0.0,18.628479034775022,Infrastructure Operations,Industrials,VRRM
2019Q1,2019,Q1,2019-05-07,2019-03-31,2820000.0,98461000.0,17966000.0,0.02,96796000.0,0.9830897512720773,1365612000.0,304821000.0,223583000.0,91791000.0,1060791000.0,0.0,-110743000.0,1913258820.0,2690646820.0,1.9532670754916472,2.43578346460982,0.6362509995518493,2.8504335331227177,0.010426670470836528,1.9532670754916472,0.00925133110907713,19.431641157412578,169.61514361702126,6.276663418858937,0.0,0.0,0.0,0.07210027445570191,2.2100968504537484,0.0020650082160965193,68.01005332006257,0.9830897512720773,1.0822337989136916,4.055535975993576,0.0,15.56850828826596,-0.7366479825199296,1.0495122151375276,-0.029682449188219138,4.055535975993576,0.0,15.56850828826596,Infrastructure Operations,Industrials,VRRM
2018Q4,2018,Q4,2019-03-18,2018-12-31,-56955642.0,370145720.0,18515588.0,-0.243209,367553668.0,0.9929972120169321,1344783195.0,302056132.0,185147848.0,68735842.0,1042727063.0,0.0,-113306294.0,1523112825.92,2327417313.92,1.9355544764317048,2.693614315512422,0.6464630768976853,2.8781163164732573,0.012296010768148711,1.9355544764317048,-0.18855979391274202,4.11490054760055,-6.685522155645265,5.042482719470168,0.0,0.0,0.0,0.2752456465668431,2.407977951299411,-0.04235302925539607,87.50213502147665,0.9929972120169321,-2.867190259032352,-39.31433052996525,0.0,18.35553702210224,2.5175307802404503,-81.24772090242588,9.477926497360777,-39.31433052996525,0.0,18.35553702210224,Infrastructure Operations,Industrials,VRRM
2018Q3,2018,Q3,2018-11-08,2018-09-30,-692489.0,0.0,-2183976.0,0.130254,104491955.0,0.0,406197116.0,5000008.0,203749.0,4942958.0,401197108.0,0.0,-55327.0,534500000.0,1522951391.0,0.10000016,0.041220054874024824,2.4334464354000978,197.6914684936504,-0.002198355593424772,0.10000016,-0.13849757840387455,0.0,-192.96335393053172,106.89982896027365,0.0,0.0,0.0,0.0,0.0015239862446737359,-0.0017048102330692078,655.6986901973966,0.0,7.5127,0.0,0.0,0.0,0.0,0.5527391849971162,0.3689570253278122,0.0,0.0,0.0,Infrastructure Operations,Industrials,VRRM
2018Q2,2018,Q2,2018-08-10,2018-06-30,-1548289.0,0.0,-3460899.0,-0.02,0.0,0.0,405044580.0,5000008.0,432635.0,3097932.0,400044572.0,0.0,637162.0,507765000.0,507596206.0,0.10000016,0.13965283937801087,0.0,0.0,-0.5979633595839118,0.10000016,-0.3096573045483127,0.0,-81.9880849117962,101.55283751545997,0.0,0.0,0.0,0.0,0.05448602487078477,-0.0038225150426651803,3088.2943265862204,0.0,-2.0,-3.8569169508288677,0.0,5.999994001011201e-07,0.0,-2.9307660268560825,-12.082508013789766,-3.8569169508288677,0.0,5.999994001011201e-07,Infrastructure Operations,Industrials,VRRM
2018Q1,2018,Q1,2018-05-07,2018-03-31,801904.0,0.0,-264544.0,0.02,0.0,0.0,404775528.0,5000006.0,1830276.0,1271021.0,399775522.0,0.0,2185451.0,500005000.0,498333929.0,0.10000012,1.4400045317897974,0.0,0.0,-0.03986268335601742,0.10000012,0.16038060754327094,0.0,155.8805667511323,100.000879998944,0.0,0.0,0.0,0.0,1.3147469632681128,0.0019811079092706416,474.24991013054074,0.0,1.105263157894737,3.4869757902797542,0.0,-0.15175306140326342,0.0,0.6836783327489444,-0.1569063914460018,3.4869757902797542,0.0,-0.15175306140326342,Infrastructure Operations,Industrials,VRRM
2017Q4,2017,Q4,2018-03-14,2017-12-31,476281.0,0.0,-228665.0,0.0095,0.0,0.0,403697597.0,5000002.0,961782.0,198119.0,398697595.0,0.0,1383547.0,497000000.0,924873799.0,0.10000004,4.854567204558876,0.0,0.0,-0.02944972149440581,0.10000004,0.09525616189753525,0.0,260.8754075850181,99.3999602400159,0.0,0.0,0.0,0.0,4.170225975297675,0.0011797964702772309,556.1585891252532,0.0,-0.050000000000000044,0.0,0.0,0.0,0.0,0.870086067440436,-0.2651179002578204,0.0,0.0,0.0,Infrastructure Operations,Industrials,VRRM
2017Q3,2017,Q3,2017-11-06,2017-09-30,254684.0,0.0,-180746.0,0.01,0.0,0.0,402869391.0,5000001.0,827198.0,109538.0,397869390.0,0.0,907266.0,498500000.00000006,497873807.00000006,0.10000002,7.551698953787727,0.0,0.0,-0.01147577114258338,0.10000002,0.05093678981264204,0.0,489.33187793500974,99.699980060004,0.0,0.0,0.0,0.0,5.716673665759828,0.0006321751061003292,953.1475858693243,0.0,0.0,0.0,0.0,0.0,0.0,-0.5300547658060611,0.0277193529819956,0.0,0.0,0.0,Infrastructure Operations,Industrials,VRRM
2017Q2,2017,Q2,2017-08-04,2017-06-30,541944.0,0.0,-185899.0,0.01,0.0,0.0,402398683.0,5000005.0,1337446.0,442748.0,397398678.0,0.0,652581.0,501499999.99999994,500417505.99999994,0.1000001,3.02078383188631,0.0,0.0,-0.03717976282023718,0.1000001,0.10838869161130839,0.0,231.34309079904932,100.2998997001003,0.0,0.0,0.0,0.0,2.444943850678038,0.0013467837318940727,526.2776794250087,0.0,0.0,0.0,0.0,0.0,0.0,2.5748992394308594,-0.00502243607071417,0.0,0.0,0.0,Infrastructure Operations,Industrials,VRRM
2017Q1,2017,Q1,2017-05-09,2017-03-31,151597.0,0.0,-184970.0,0.01,0.0,0.0,401845957.0,5000002.0,1510563.0,431965.0,396845955.0,0.0,110638.0,424123130.0,422887041.0,0.11789034000574314,3.4969569293808527,0.0,0.0,-0.03699398520240592,0.11789034000574314,0.030319387872244852,0.0,699.4253349340686,84.82459207016318,0.0,0.0,0.0,0.0,2.861548968087692,0.00037725152476773583,7155.418656049129,0.0,0.0,0.0,0.0,0.0,0.0,0.0,0.0,0.0,0.0,0.0,Infrastructure Operations,Industrials,VRRM
2016Q3,2016,Q3,2016-09-30,2016-09-30,,,,,,,303018.0,519.0,303018.0,302499.0,302499.0,0.0,-24481.0,0.0,55356.0,0.0,1.0017157081511012,0.49502009781597134,289.01734104046244,,0.0,,0.0,0.0,0.0,0.0,0.0,,,0.31287376156615393,,0.0,0.0,0.0,0.0,0.0,0.0,0.0,0.0,0.0,0.0,0.0,0.0,Infrastructure Operations,Industrials,VRRM
