Year,Date,FillingDate,NetIncome,Revenue,OperatingIncome,EPSDiluted,GrossProfit,GrossProfitRatio,TotalAssets,CommonStockEquity,CurrentAssets,CurrentLiability,TotalLiability,Inventory,RetainedEarnings,EnterpriseValue,bookValuePerShare,currentRatio,debtToAssets,debtToEquity,roic,shareholdersEquityPerShare,roe,priceToSalesRatio,peRatio,pbRatio,payoutRatio,inventoryTurnover,dividendYield,assetTurnover,quickRatio,returnOnAssets,priceToFreeCashFlowsRatio,grossProfitMargin,epsdilutedGrowth,fiveYNetIncomeGrowthPerShare,fiveYRevenueGrowthPerShare,fiveYShareholdersEquityGrowthPerShare,grossProfitGrowth,netIncomeGrowth,operatingIncomeGrowth,threeYNetIncomeGrowthPerShare,threeYRevenueGrowthPerShare,threeYShareholdersEquityGrowthPerShare,Industry,Sector,Price,MarketCap,AvgVolume,Symbol
2022,2022-12-31,2023-03-01,92475000.0,741598000.0,164705000.0,0.58,694336000.0,0.9362700547,1756269000.0,231070000.0,362594000.0,186809000.0,1525199000.0,19307000.0,-98078000.0,3254025840.0,1.5117633204229037,1.940987853904255,0.7090838590215963,5.389457740078764,0.07936815705276916,1.5117633204229037,0.4002034015666248,2.850449758494494,22.859019626926194,9.148257411174104,0.0,2.447920443362511,0.0,0.42225763820918094,1.6046978464635002,0.052654234630344215,12.423599273586403,0.9362700546657353,1.3199999999999998,19.450167421076728,0.0,13.55828432529142,0.3470638905487308,1.2310550314844748,0.4723419090697799,1.8649334089481686,0.7071494169146794,-0.2966128751349731,Infrastructure Operations,Industrials,20.01,3009343920,1228896,VRRM
2021,2021-12-31,2022-04-22,41449000.0,550590000.0,111866000.0,0.25,515444000.0,0.9361666576,1837056000.0,259964000.0,348069000.0,175191000.0,1577092000.0,12093000.0,-81416000.0,3645992690.0,1.6249476506878855,1.986797266982893,0.6960800323996655,4.918904155960056,0.04339282400461696,1.6249476506878855,0.15944130725792802,4.483440836193901,59.55602523583198,9.495690518687203,0.0,2.9063094352104524,0.0,0.2997132368311037,1.6631619204182864,0.02256273080406912,14.678561302943992,0.9361666575854992,12.737089201877934,-0.6425948032825737,-0.40341333223041465,4073.8056913036794,0.43157812877548585,13.031640058055153,1.9581658557224455,1.387420183747222,-0.18811253535038935,-0.5302510665325708,Infrastructure Operations,Industrials,20.01,3009343920,1228896,VRRM
2020,2020-12-31,2021-03-01,-3445000.0,393593000.0,37816000.0,-0.0213,360053000.0,0.9147850699,1367325000.0,346438000.0,328037000.0,64040000.0,1020887000.0,24060000.0,-84359000.0,2918873440.0,2.143375074242724,5.12237663960025,0.6363015376739254,2.511361340268677,-0.052711621299921296,2.143375074242724,-0.009944059254469775,5.511026466425978,-629.63757329463,6.261153337682356,0.0,1.3940149625935163,0.0,0.2878562156034593,4.732776389756403,-0.0025195180370431317,95.77029626032055,0.9147850698564253,-1.1936363636363636,-1.029402382394565,-0.5778769378279189,5373.2039582498255,-0.16121810477173348,-1.1033200371892151,-0.6079415271370069,-1.720433945308934,0.0,19.640706997600095,Infrastructure Operations,Industrials,20.01,3009343920,1228896,VRRM
2019,2019-12-31,2020-03-02,33343000.0,448737000.0,96455000.0,0.11,429257000.0,0.9565892717,1407426000.0,339347000.0,272438000.0,104881000.0,1068079000.0,26719000.0,-80220000.0,2973963100.0,2.1492621445310025,2.597591556144583,0.6370459263932882,2.642118539430141,0.05413473154892947,2.1492621445310025,0.09825635706224013,4.922440315819734,66.24722130582131,6.509210631006021,0.0,0.7290692016916801,0.0,0.3188352353871536,2.3362668166779494,0.023690765979881002,21.215374050347204,0.956589271666923,1.164179104477612,-0.7086797393835745,-0.5073297747822824,5387.9594449050755,0.18937048352063393,1.5709953996365,6.651412574272168,-0.7086797393835745,-0.5073297747822824,5387.9594449050755,Infrastructure Operations,Industrials,20.01,3009343920,1228896,VRRM
2018,2018-12-31,2019-03-18,-58394516.0,370145720.0,12606169.0,-0.67,360911092.0,0.9750513716597885,1344783195.0,302056132.0,185147848.0,68735842.0,1042727063.0,0.0,-113306294.0,1656548390.72,3.4591832677371133,2.693614315512422,0.6464630768976853,2.8781163164732573,0.008419775450594,3.4591832677371133,-0.19332339195815432,2.3024551053028524,-14.594588004120112,2.8214752571882897,-13.344919324273533,0.0,0.9143745147520579,0.2752456465668431,2.407977951299411,-0.04342299652249893,43.838662830201116,0.9750513716597885,-14.4,-1.922526011062502,-0.26518551677964813,8671.175494046278,0.0,-41.99281856306678,17.155955554416362,-1.922526011062502,-0.26518551677964813,8671.175494046278,Infrastructure Operations,Industrials,20.01,3009343920,1228896,VRRM
2017,2017-12-31,2018-03-14,1424506.0,0.0,-780280.0,0.05,0.0,0.0,403697597.0,5000002.0,961782.0,198119.0,398697595.0,0.0,1383547.0,477785107.14,0.10384213459800265,4.854567204558876,0.0,0.0,-0.09944503765489277,0.10384213459800265,0.2849010860395656,0.0,335.98405913348205,95.72222333911066,0.0,0.0,0.0,0.0,4.170225975297675,0.0035286462207997737,197.0545885707745,0.0,-0.9310251592629072,-0.9591879552788746,-1.0,261.2722842233289,0.0,-0.9508724695376106,-1.0162922067030609,-0.9591879552788746,-1.0,261.2722842233289,Infrastructure Operations,Industrials,20.01,3009343920,1228896,VRRM
2016,2016-12-31,2017-03-30,28996084.0,230749586.0,47892837.0,0.724902,0.0,0.0,418227.0,-15959.0,418227.0,434186.0,434186.0,0.0,-40959.0,400146815.0,-0.000398975,0.963243863229123,0.35865690163475816,-9.39908515571151,217.39247895777473,-0.000398975,-1816.911084654427,1.7334808999397295,13.794966244407348,-25064.227081897363,1.624626553020056,0.0,0.11776952,551.7328771217544,0.008339743796437472,69.33097097987456,0.0,0.0,0.0,0.0,0.0,0.0,0.0,0.0,0.0,0.0,0.0,0.0,Infrastructure Operations,Industrials,20.01,3009343920,1228896,VRRM
TTM,,,,,,,,,,,,,,,,4128145920.0,1.589568598531827,1.9712933697824322,0.6914929121726633,4.98957858866002,0.08920596979975096,1.589568598531827,0.383611891210327,3.9434947242621043,34.30321852158323,12.58832114479478,0.0,2.489087354013634,0.0,0.44603425934206214,1.6408142934231515,0.05085771098217245,16.980166227493555,0.9382780599541878,,,,,,,,,,,Infrastructure Operations,Industrials,20.01,3009343920,1228896,VRRM
