Quarters,Year,Quarter,FillingDate,Date,NetIncome,Revenue,OperatingIncome,EPSDiluted,GrossProfit,GrossProfitRatio,TotalAssets,CommonStockEquity,CurrentAssets,CurrentLiability,TotalLiability,Inventory,RetainedEarnings,MarketCap,EnterpriseValue,bookValuePerShare,currentRatio,debtToAssets,debtToEquity,roic,shareholdersEquityPerShare,roe,priceToSalesRatio,peRatio,pbRatio,payoutRatio,inventoryTurnover,dividendYield,assetTurnover,quickRatio,returnOnAssets,priceToFreeCashFlowsRatio,grossProfitMargin,epsdilutedGrowth,fiveYNetIncomeGrowthPerShare,fiveYRevenueGrowthPerShare,fiveYShareholdersEquityGrowthPerShare,grossProfitGrowth,netIncomeGrowth,operatingIncomeGrowth,threeYNetIncomeGrowthPerShare,threeYRevenueGrowthPerShare,threeYShareholdersEquityGrowthPerShare,Industry,Sector,Symbol
2023Q1,2023,Q1,2023-03-31,2023-03-31,16816191.0,38062170.0,9731386.0,0.44,11855108.0,0.31146695,804511056.0,532324392.0,91942251.0,53267997.0,272186664.0,2653209.0,110873043.0,99259106.49,275023510.49,13.997372253798938,1.7260316921621814,0.3052685903672653,0.46135769784526426,0.025958087977196218,13.997372253798938,0.03159011920686137,2.6078152267724093,1.4756478814078646,0.18646356992410745,0.0,9.877496269611628,0.0,0.047310934655446175,1.582672875798202,0.020902374025298664,5.0625865209741185,0.3114669499926042,2.142857142857143,4.0529649584221366,0.004999948070737413,-0.01781055957414844,-0.16226713111011207,2.1314320626994365,-0.23520783940991918,4.783040864959549,0.14713819363838693,-0.011630433645189233,Marine Shipping,Industrials,GASS
2022Q4,2022,Q4,2022-11-21,2022-12-31,5370128.0,42729385.0,12724223.0,0.14,14151418.0,0.3311870274,821533307.0,517925351.0,104726221.0,56557682.0,303607956.0,3064011.0,94056852.0,101736980.80000001,323078786.8,13.643415892286828,1.851671024990027,0.337311496245885,0.5350435704005537,0.013144455454425379,13.643415892286828,0.010368536681263937,2.3809605684706208,4.736245616491823,0.196431745624284,0.0,9.326979243873472,0.0,0.05201175002390986,1.5397289443368631,0.006536713672157908,6.161074599843771,0.3311870273817421,0.2727272727272728,6.524479981376519,0.1658652119548781,-0.0530646637991597,1.675091889177984,0.2657503198477176,3.0635280794960855,9.573464590733522,0.27109120154531097,-0.03112590394765718,Marine Shipping,Industrials,GASS
2022Q3,2022,Q3,2022-09-30,2022-09-30,4242644.0,34885398.0,3131324.0,0.11,5290068.0,0.1516413257,817281288.0,502751072.0,85972342.0,56234868.0,314530216.0,5558898.0,86356011.0,97086827.52,309090689.52,13.25661551825728,1.5288084609712251,0.34830586014836057,0.5662123421588646,0.026347978311199227,13.25661551825728,0.008438856198003294,2.783021925677901,5.720891708095235,0.19311112979586048,0.0,5.323956294934716,0.0,0.04268468948477871,1.3580574600086195,0.005191167425822675,-26.094330639330646,0.15164132569162606,1.9166666666666665,2.9690566552271664,-0.05015128997662353,-0.07782263895089384,-0.09530752821013769,1.956095037015453,-0.09710182662977018,20.54437227241376,0.0009558140884232731,-0.05607548451330156,Marine Shipping,Industrials,GASS
2022Q2,2022,Q2,2022-06-30,2022-06-30,-4437471.0,39249850.0,3468081.0,-0.12,5847366.0,0.148978047,812272207.0,495701953.0,89668929.0,51658055.0,316570254.0,4068077.0,79622354.0,121525582.77,335910492.77,13.093566250503157,1.7358169795591414,0.359804760622568,0.5895869589200509,0.007524070182058019,13.093566250503157,-0.00895189331642597,3.0962050242230226,-6.846556449044963,0.24515857166695487,0.0,8.210878014354202,0.0,0.04832105501302718,1.5714342903541374,-0.005463034388913913,9.447699780478569,0.14897804704986134,-1.857142857142857,-1.730097265283252,0.050731303194385,-0.09250315900507622,-0.4851490605769139,-1.8379791832335841,-0.5766609657202265,-25.05115673722748,0.21187824162165908,-0.06906498277792847,Marine Shipping,Industrials,GASS
2022Q1,2022,Q1,2022-03-31,2022-03-31,5295443.0,35871121.0,8192207.0,0.14,11357396.0,0.3166167012,810422471.0,483299471.0,82114748.0,54917105.0,327123000.0,4045100.0,67403740.0,90860248.8,320337412.8,12.765964717455187,1.4952490303339916,0.3699948430970888,0.6204271947154687,0.0094078071810432,12.765964717455187,0.01095685660289084,2.532963739828482,4.289548995239869,0.18799989292767091,0.0,6.060103582111691,0.0,0.04426224874507459,1.362615126926301,0.006534175926126313,5.448550009648573,0.3166167012176731,1.1217391304347828,1.7785652782221015,-0.009210585903018615,-0.11811223617813373,0.7019333360506573,1.1215362791706562,1.2302320873029706,1.8318280997962784,-0.0175499436887522,-0.09506427892149462,Marine Shipping,Industrials,GASS
2021Q4,2021,Q4,2021-12-31,2021-12-31,-43570883.0,36053396.0,-35582386.0,-1.15,6673232.0,0.1850930215,798668342.0,474770770.0,51706378.0,58707768.0,323897572.0,2772532.0,59803487.0,79881302.07,349652901.07,12.54068597707824,0.8807416762974194,0.37697218503247,0.6341497181892642,-0.04943006190722921,12.54068597707824,-0.09177246316153793,2.2156387728357125,-0.45834107877731095,0.1682523590700413,0.0,10.596871018981927,0.0,0.04514188694360443,0.5714440719326955,-0.05455441352650986,8.667833072713014,0.18509302147292866,-39.333333333333336,-9.437010159832024,0.010059477158739207,-0.13161392727626503,0.05854856511616029,-36.50774806227136,-11.77768145757307,-7.626099945015391,-0.014785863616042305,-0.10935132822498184,Marine Shipping,Industrials,GASS
2021Q3,2021,Q3,2021-09-30,2021-09-30,1227081.0,37485600.0,3301488.0,0.03,6304134.0,0.16817481913054613,942400943.0,569700859.0,66258662.0,81613081.0,372700084.0,4242993.0,98535840.0,101460611.16000001,403176496.16,15.048187514978498,0.8118632600085273,0.3658665513453333,0.6052175936775268,0.003609681675737903,15.048187514978498,0.002153904071961387,2.7066556533708948,20.67113156344202,0.1780945377861893,0.0,7.348931756427597,0.0,0.03977670043566584,0.5751208926912096,0.0013020795544768464,10.79890457236021,0.16817481913054613,-0.25000000000000006,1.51500524068697,0.14267762199521158,0.036657791026901664,0.07811517185686684,-0.24542302716051811,7.887941269110557,2.6410361255918104,-0.0762120083374321,0.05609420627519596,Marine Shipping,Industrials,GASS
2021Q2,2021,Q2,2021-06-30,2021-06-30,1626184.0,39249850.0,371457.0,0.04,5847366.0,0.14897804704986134,949957559.0,567968095.0,58693137.0,73160751.0,381989464.0,3151164.0,97308759.0,106382207.97,425582625.97,15.002417955078283,0.8022489681660048,0.3707605594198972,0.6201172197885517,0.00040361554611380876,15.002417955078283,0.0028631608259615357,2.7103850835098733,16.354577337189397,0.18730314062799602,0.0,10.60004620514832,0.0,0.04131747742637837,0.5221934230828221,0.00171184910798736,12.798877356743796,0.14897804704986134,1.0,2.1014344195632195,0.15280396997632897,0.030182889988963117,0.11387883882684868,1.1513785256919087,-0.8700890875840803,5.3039595986194366,-0.04737809767628546,0.052342058010477414,Marine Shipping,Industrials,GASS
2021Q1,2021,Q1,2021-03-31,2021-03-31,755880.0,37415681.0,2859321.0,0.02,5249553.0,0.14030355347534634,962755621.0,565721960.0,51166890.0,71995960.0,397033661.0,4219225.0,95682575.0,107517961.08,433311719.08,14.943088115338728,0.7106911276688304,0.3768508509180649,0.6413314324937996,0.003078812856728291,14.943088115338728,0.0013361333896248257,2.873606953191631,35.56052583743451,0.19005442369605027,0.0,7.623705301329036,0.0,0.03886311352940935,0.6018236717726939,0.0007851213573958453,-9.678289002322492,0.14030355347534634,2.0231498425078747,0.25713540032876275,0.08480358640295663,0.03030674317052526,-0.24173036553586277,2.0214083890400074,-0.021616796053784162,1.1378523635144029,-0.007584992848550419,0.048549905519256475,Marine Shipping,Industrials,GASS
2020Q4,2020,Q4,2020-12-31,2020-12-31,-740037.0,37294459.0,2922496.0,-0.019547478941087822,6923069.0,0.18563264317629596,944006307.0,564596415.0,48053524.0,63061107.0,379409892.0,3687098.0,94926695.0,88967326.95,402522128.95,14.913357754309825,0.7620152307189914,0.3726640493727125,0.623095017349694,0.0031891273691833223,14.913357754309825,-0.0013107362716782394,2.385537405167883,-30.055026623668816,0.15757685416759157,0.0,8.237207147735157,0.0,0.03950657821187629,0.6654770903403265,-0.0007839322624356153,94.97283948179161,0.18563264317629596,-1.9773739470543912,0.740338426828673,0.06740320490025922,0.03680874075772631,-0.10111737929313448,-1.9385424910208802,-0.08797346646702438,-2.0397445644918055,0.02034580729272558,0.035076959498428005,Marine Shipping,Industrials,GASS
2020Q3,2020,Q3,2020-09-30,2020-09-30,788496.0,37079960.0,3204398.0,0.02,7701861.0,0.2077095282734933,949211290.0,564834714.0,36442006.0,100989585.0,384376576.0,3172426.0,95666732.0,112439557.89,431710535.89,14.919652229699816,0.3608491509297716,0.3654156020415644,0.6140851587248584,0.003514696664355986,14.919652229699816,0.0013959765227885763,3.032353807555348,35.65000896960797,0.19906630223509952,0.0,9.260452095651718,0.0,0.03906396857121242,0.3098951441378831,0.0008306854420157603,109.37200136764176,0.2077095282734933,-0.9130434782608696,-0.1807331131127929,0.12631724815902373,0.04635646933804008,-0.41181130486694073,-0.9116363572791615,-0.6977867705331166,1.3665884517504243,0.011364433540472568,0.0378641141101522,Marine Shipping,Industrials,GASS
2020Q2,2020,Q2,2020-08-07,2020-06-30,8923308.0,36251844.0,10603103.0,0.23,13094201.0,0.36120096401165136,947839956.0,563799654.0,45359419.0,77146081.0,384040302.0,2921908.0,94878236.0,105390430.75,425903098.75,14.711478428035555,0.5879678969045751,0.3768038556922789,0.633469260695928,0.011512668651289007,14.711478428035555,0.015827090237980176,2.9071743426348187,2.9526726733516315,0.18692886737741773,0.0,7.925520926736913,0.0,0.03824679870321905,0.5159056751048702,0.009414361510626168,-7.708039099396949,0.36120096401165136,1.8750000000000002,8.676399402801822,0.21154281643254325,0.037560504187463845,0.5376651123890996,1.961879605060945,0.6036264928077982,6.423288023708933,-0.04131051010054254,0.019632080701787295,Marine Shipping,Industrials,GASS
2020Q1,2020,Q1,2020-04-30,2020-03-31,3012718.0,34376758.0,6611953.0,0.08,8515639.0,0.24771501140392588,946563100.0,558012740.0,36208060.0,75308260.0,388550360.0,1786860.0,85954930.0,77621707.53999999,405128497.53999996,14.162083425355165,0.4807979894901303,0.32481502817931523,0.5509872767421045,0.007639719410014431,14.162083425355165,0.005399012932930528,2.257970560807392,6.441169364341436,0.13910382680510125,0.0,14.472940801181961,0.0,0.03631744994073823,0.42970465656755313,0.003182796794001372,4.9441664507914345,0.24771501140392588,7.000000000000001,-0.44885065271174035,0.02804501826561598,0.004388066151012394,0.1279359565887842,4.670667688097259,0.4471452274837857,0.5188766401043661,-0.08768032758956142,-0.021666724022181214,Marine Shipping,Industrials,GASS
2019Q4,2019,Q4,2020-03-30,2019-12-31,531281.0,35164698.0,4568963.0,0.01,7549754.0,0.21469696682735623,954188931.0,559186640.0,77932439.0,67136139.0,395002291.0,2447703.0,82942210.0,136205653.29,434196901.28999996,14.081722225701606,1.1608120478897364,0.38405034694329315,0.6553386003642719,0.00493346536944134,14.081722225701606,0.0009500960180307598,3.8733633739723854,64.0930380015472,0.24357816075505667,0.0,11.28198314909938,0.0,0.03685297204521858,1.0872930896428226,0.0005567880560542784,12.7531747289384,0.21469696682735623,2.0,1.4712314537355002,0.058617538208359486,-0.005650828981125937,-0.041215245301325386,3.332563540811443,-0.06186061916057918,1.1213293011217846,-0.060775684305679034,-0.02490410148898842,Marine Shipping,Industrials,GASS
2019Q3,2019,Q3,2019-11-27,2019-09-30,-227767.0,36568295.0,4870239.0,-0.01,7874295.0,0.21533120425767732,961768364.0,558845394.0,75918699.0,64491772.0,402922970.0,1982819.0,82410929.0,120569902.41,431183862.40999997,14.044147917296137,1.1771842615830124,0.39173803703944665,0.6741779659366754,0.005200572739266842,14.044147917296137,-0.0004075671061180832,3.297115777752285,-132.33908161630086,0.21574822608272226,0.0,14.47131583871246,0.0,0.03802193580989944,1.1130800220530457,-0.00023682105642643076,14.591839335694994,0.21533120425767732,-1.2227161591464768,-1.1524146855278519,0.2308412632071168,-0.018992403624266404,0.08795723164634894,-0.27062413531485696,-0.013317133889738434,0.9090514839107564,0.06054809104218238,-0.03250970641429584,Marine Shipping,Industrials,GASS
2019Q2,2019,Q2,2019-08-01,2019-06-30,-179256.0,34083501.0,4935972.0,-0.004499,7237688.0,0.21235165953168955,981274148.0,560359125.0,76146150.0,66496762.0,420915023.0,3120121.0,82638696.0,140239556.16,467651034.15999997,14.064962653971936,1.145110644635599,0.40075289031256534,0.7017793294612629,0.005169219253168351,14.064962653971936,-0.0003198948531444009,4.1145877637394115,-195.58558173784976,0.2502672837887667,0.0,8.604093559192096,0.0,0.034733923307230546,1.0529414349528778,-0.00018267677831455516,84.96040711333623,0.21235165953168955,-1.08998,-1.036758431554479,0.02438850774262929,-0.04688656806285967,-0.27361133399833176,-1.0910453022196533,-0.3269588594451415,0.8846287823624958,-0.048746045284450895,-0.03419009403407604,Marine Shipping,Industrials,GASS
2019Q1,2019,Q1,2019-04-24,2019-03-31,1968866.0,38442818.0,7333834.0,0.05,9963933.0,0.2591884132947798,994319319.0,562314570.0,83766657.0,79272352.0,432004749.0,2625994.0,82817952.0,139511970.5,468528279.5,14.107040334578315,1.0566944828381022,0.40612052816807437,0.7181273766390225,0.007577927227745,14.107040334578315,0.003501360457368195,3.6290776212087263,17.71476201275252,0.24810306889255956,0.0,10.84499241049294,0.0,0.038662447028246866,0.9970712613648703,0.001980114398239908,19.280042777293016,0.2591884132947798,1.3747579103733893,-0.7815623607565196,-0.03934226277767233,-0.07042047149783227,0.5533798633284677,1.3702145942922148,13.517815112409707,2.1100302444199097,0.05860008657641805,-0.027337678081733485,Marine Shipping,Industrials,GASS
2018Q4,2018,Q4,2018-12-31,2018-12-31,-5318175.0,38529759.0,505161.0,-0.13341946524939952,6414357.0,0.16647799432122065,1036722488.0,561252511.0,138866439.0,103490335.0,475469977.0,2346723.0,80849086.0,110015153.88,488834157.88,14.08039597935433,1.3418300269295678,0.42761438198878926,0.789871648342612,0.0005028629379964625,14.08039597935433,-0.00947554780739324,2.855329406031322,-5.171659163152773,0.19601721457598967,0.0,13.685212102152661,0.0,0.03716496887641546,0.6511423313104552,-0.0051297961234154305,14.180026456284681,0.16647799432122065,-5.670973262469976,-1.7730228257842984,-0.032781816154561313,-0.04503140847303342,-0.25788685614218904,-5.755022278900332,-0.9018620262393644,-0.7722954628955502,0.047369046778993895,-0.021100555271958747,Marine Shipping,Industrials,GASS
2018Q3,2018,Q3,2018-11-28,2018-09-30,-787292.0,42724098.0,5147457.0,-0.02,8643368.0,0.20230662330191265,1058758497.0,567969432.0,90578138.0,84626175.0,490789065.0,4241562.0,86167261.0,143498026.8,533439898.8,14.248906419109032,1.0703324119281061,0.42949774314774636,0.8006317935082112,0.005033184500180662,14.248906419109032,-0.0013861520631976547,3.3587140166189116,-45.56696460779482,0.2526509680189972,0.0,8.034947974354731,0.0,0.04035301546203317,0.8183839456291153,-0.0007435992270482813,15.32434194662186,0.20230662330191265,-1.0,-1.1526764678726447,0.15527400531172125,-0.022084605657616344,-0.2452322329311686,-0.9790355340157259,-0.06371774551171913,-1.7769284005032733,0.23257578656265324,-0.0006847892240018529,Marine Shipping,Industrials,GASS
2018Q2,2018,Q2,2018-08-10,2018-06-30,-397816.0,43380863.0,5497762.0,-0.01,11451692.0,0.26398027166956084,1077103525.0,568260882.0,77209817.0,85547725.0,508842643.0,3334542.0,86954553.0,158246435.11,575147536.11,14.256218157279916,0.9025350118895622,0.43874192130231865,0.8316083069747532,0.005282087236741885,14.256218157279916,-0.0007000587452014689,3.647839719325086,-99.44700257782493,0.2784749753547175,0.0,9.57527930372447,0.0,0.04027548141205833,0.7109710281600125,-0.0003693386854341601,-7.246129294281167,0.26398027166956084,0.9285714285714285,-1.0555231981676803,0.01630300314875994,-0.12939716915292784,1.0188680742121452,0.9310930765530672,10.031542771906711,0.6709673592763149,0.39390093404292004,0.005452237273815707,Marine Shipping,Industrials,GASS
2018Q1,2018,Q1,2018-04-27,2018-03-31,-5773237.0,39695482.0,-608729.0,-0.14,5672333.0,0.14289618652319172,1059832206.0,568060616.0,71604594.0,85400745.0,491771590.0,3766323.0,87352369.0,160638068.89000002,562144975.89,14.251193993421518,0.8384539736743515,0.4285532515700886,0.7995529441879139,-0.0005954765770738291,14.251193993421518,-0.010163065062760837,4.046759499985415,-6.956152540160745,0.28278332340857093,0.0,9.033518633425757,0.0,0.03745449683003877,0.6731168094610884,-0.00544731228897945,-2.4424131369895816,0.14289618652319172,-8.446701411857465,-1.460892701127413,-0.3049502527835645,-0.15963511389851454,-0.2864820308306701,-8.71508542639699,-1.1155771690999308,-2.044007789631195,0.17344255340116188,0.010707870126573125,Marine Shipping,Industrials,GASS
2017Q4,2017,Q4,2017-12-31,2017-12-31,748305.0,38428090.0,5266862.0,0.018800270382410722,7949811.0,0.2068749969098126,996226191.0,573478772.0,62838725.0,78748931.0,422747419.0,2762299.0,93469787.0,173540578.60000002,506694895.6,14.407969975040753,0.7979628955217183,0.3863665214559692,0.671181684123436,0.005495546987782245,14.407969975040753,0.0013048521349627218,4.515982412865173,57.97788956374741,0.30261029191155486,0.0,11.033663987859388,0.0,0.038573659623851425,0.7063470359997649,0.0007511396576001082,13.947893098765608,0.2068749969098126,1.3133378397068454,-0.950201063134965,-0.35124261548368696,-0.13423441601952066,-0.05767475777813154,1.3309070808689403,1.3883872453967812,1.6621785296052702,0.15416381312377714,0.017386422706033498,Marine Shipping,Industrials,GASS
2017Q3,2017,Q3,2017-11-28,2017-09-30,-2261375.0,38546367.0,2205196.0,-0.06,8436377.0,0.21886309026217698,1001640225.0,572180109.0,65876448.0,109832243.0,429460116.0,2988909.0,92721482.0,131747549.35000001,488651765.35,14.375342616496267,0.5997915202369126,0.3975496870645346,0.6959377855618536,0.0022725033051344107,14.375342616496267,-0.003952208342146336,3.4178979655851873,-14.56498251616826,0.23025538161446293,0.0,10.073906565907492,0.0,0.03848324581812796,0.4139170498411837,-0.0022576719100912707,14.088844822630175,0.21886309026217698,-0.4999999999999999,-1.1760149055751072,-0.34433747225098926,-0.11623686000723209,-0.008966013376246461,-0.32331521805917474,-0.08129963092774657,-2.512830697802115,0.2970673178013602,0.004142108893546557,Marine Shipping,Industrials,GASS
2017Q2,2017,Q2,2017-08-10,2017-06-30,-1708871.0,39273373.0,2400343.0,-0.04,8512702.0,0.21675505182608074,1018209658.0,574284877.0,63757621.0,106226247.0,443924781.0,3541175.0,94982857.0,129359376.25,494254008.25,14.428222401466627,0.6002059076792952,0.4009426524217864,0.7108731177679958,0.0024430261903898775,14.428222401466627,-0.002975650358280286,3.2938188489692495,-18.92468422865155,0.22525297362131305,0.0,8.68657182997169,0.0,0.03857100813317958,0.468157045970004,-0.0016783095569498124,-4.815843227092152,0.21675505182608074,-1.7999999999999998,-1.1227945547087852,-0.30426665911763556,-0.09509917764010713,0.025432656059919262,-1.8528560106682423,-0.5733604897974854,-1.3507566100363941,0.181495344933973,-0.02227023930769517,Marine Shipping,Industrials,GASS
2017Q1,2017,Q1,2017-04-25,2017-03-31,2003704.0,38064091.0,5626162.0,0.05,8301571.0,0.21809455531198682,996277578.0,576175616.0,63530019.0,91978080.0,420101962.0,3082828.0,96691728.0,158813511.15,496830389.15,14.475724963152796,0.6907082535317111,0.3896099345919436,0.6736828689397366,0.005834238614969318,14.475724963152796,0.0034775924984649124,4.172265959273794,19.81499152943748,0.2756338635996703,0.0,9.654291449279688,0.0,0.03820631101265234,0.5940038213452596,0.002011190499762507,-49.77131935112246,0.21809455531198682,1.4534322744897787,-0.8597969492320019,-0.32510902014562854,-0.07171082040148058,0.04181662954276293,1.4571842145012692,10.253068917425399,-0.777375090046956,-0.047428005788594386,-0.046126099675827564,Marine Shipping,Industrials,GASS
2016Q4,2016,Q4,2016-12-31,2016-12-31,-4382706.0,37473246.0,-608032.0,-0.11027005092714702,7968361.0,0.21264133349963865,1001942344.0,573975304.0,76478045.0,81366606.0,427967040.0,2809123.0,94688024.0,134338799.66,467230465.65999997,14.441371609915128,0.9399193202184198,0.39711425650656,0.6932102935913076,-0.0006256368626204204,14.441371609915128,-0.007635704828164523,3.584925620267857,-7.663005438877259,0.23404979051154437,0.0,10.503237131303969,0.0,0.037400601166727415,0.848352369521226,-0.00437420977987931,27.299124314950255,0.21264133349963865,-0.8378341821191171,-1.5097704143185435,-0.32912655422275383,-0.05203084519580784,1.028712569301022,-0.7520991219727489,-1.4685697199672636,-1.6388967772261802,-0.05657335113307877,-0.02054911479339136,Marine Shipping,Industrials,GASS
2016Q3,2016,Q3,2016-12-05,2016-09-30,-2501403.0,34439975.0,1297634.0,-0.06,3927792.0,0.11404746954665328,1018818731.0,576943841.0,83486396.0,70898611.0,441874890.0,3090053.0,99070730.0,137915868.29000002,487170967.29,14.516060791933981,1.1775462850746117,0.4023976655764881,0.7105895753898862,0.0013148398363172673,14.516060791933981,-0.004335609156801797,4.004528699280415,-13.78385133163269,0.2390455681976853,0.0,9.87432351483939,0.0,0.03380382981985046,0.9158150079978294,-0.0024551992654716906,69.30254103027305,0.11404746954665328,-0.4999999999999999,-1.212002060834608,-0.34166568664267716,-0.017149676800874293,-0.15628590619971522,-0.6137688237320633,-0.3643386473543543,-1.4864952422087192,-0.0660285695247841,-0.0037495583096291718,Marine Shipping,Industrials,GASS
2016Q2,2016,Q2,2016-06-30,2016-06-30,-1550038.0,35744880.0,2041392.0,-0.04,4655359.0,0.13023848450463396,1033206310.0,578816514.0,93837249.0,92293964.0,454389796.0,3162419.0,101572133.0,150240072.78,500808185.78,14.562868497300524,1.016721407696824,0.4085765465369641,0.7293224291109289,0.002039433368981098,14.562868497300524,-0.0026779436358652336,4.203121475858921,-24.231675736336786,0.2595642472978924,0.0,9.830930373236438,0.0,0.034596072104902266,0.819403682780382,-0.0015002211900931963,-9.68837876048397,0.13023848450463396,-3.0,0.7728456599665471,-0.39489927585421686,0.009664130237094674,-0.2950019111471062,-3.4377531072726617,-0.5307828698070213,-1.2169621699261959,-0.16017594889376097,-0.11067055798881412,Marine Shipping,Industrials,GASS
2016Q1,2016,Q1,2016-04-22,2016-03-31,635847.0,36474082.0,4350634.0,0.02,6603364.0,0.1810426373445122,1036499997.0,580655205.0,107826991.0,97612194.0,455844792.0,2698183.0,103122171.0,141325071.42999998,477120605.42999995,14.503533257828547,1.1046467309197046,0.4049271145342801,0.7228161383656244,0.004349058953507515,14.503533257828547,0.0010950508916905343,3.874671100152705,55.565675166352904,0.24338896855320533,0.0,11.070679045861604,0.0,0.03518965953262806,0.911334868674297,0.0006134558628464714,-12.326145092849206,0.1810426373445122,1.25,-0.7804761354638393,-0.3705331998364476,-0.006123322131514888,-0.11689189830760986,1.2083721530776534,16.694279276714468,-0.9494603778078832,-0.36414498578345406,-0.14475516367888852,Marine Shipping,Industrials,GASS
2015Q4,2015,Q4,2016-02-26,2015-12-31,-3051497.0,37409595.0,245878.0,-0.08,7477413.0,0.1998795496182196,1037874170.0,583051160.0,123372369.0,103714126.0,454823010.0,2916254.0,102486324.0,139034953.96,461134550.96000004,14.383904348077508,1.1895425797639176,0.40675697131955796,0.7240574806505831,0.0002446027114190366,14.383904348077508,-0.005233669374742347,3.716558651864582,-11.390716913698425,0.23846098507033242,0.0,10.263914597288165,0.0,0.03604444168795529,1.0116242121155223,-0.002940141578048907,10.686752861715593,0.1998795496182196,-3.666666666666667,-1.384956194654354,-0.2945372030823295,0.04315848025238817,0.1545788714317655,-3.916194331596899,-0.9350512610005378,-1.1994063784275353,-0.37984364839595036,-0.13568050395680706,Marine Shipping,Industrials,GASS
2015Q3,2015,Q3,2015-09-30,2015-09-30,1046397.0,35793232.0,3785724.0,0.03,6476312.0,0.18093677598044233,1029700000.0,586900000.0,101000000.0,100500000.0,442800000.0,3000000.0,105500000.0,184812530.8,521712530.8,14.258670603086617,1.0049751243781095,0.3288336408662717,0.5769296302606918,0.004090463533225283,14.258670603086617,0.0017829221332424604,5.16333732589446,44.15449652474157,0.3148961165445561,0.0,9.772306666666667,0.0,0.034760835194716906,0.8218905472636816,0.0010162154025444305,-2.225795024945942,0.18093677598044233,2.0,-0.4589721279662529,-0.31448353830807885,-0.004465321041356003,-0.08211812440243468,1.8303802269902916,2.4454888655087426,-0.9212405227740406,-0.4112548999365335,-0.12340958817594141,Marine Shipping,Industrials,GASS
2015Q2,2015,Q2,2015-08-11,2015-06-30,-1260142.0,32437136.0,1098748.0,-0.03,7055714.0,0.2175196355189928,948961564.0,589064078.0,100758504.0,75862961.0,359897486.0,3041378.0,104491424.0,280429323.75,517709992.75,14.178911368216,1.3281646625947015,0.34471732302953423,0.5553275139619022,0.0011992609792758069,14.178911368216,-0.002139227372815628,8.645317014116166,-55.63446892294677,0.4760591151681125,0.0,8.34536910571458,0.0,0.034181717395668935,1.2339989866728245,-0.0013279167964278056,-6.587303683230805,0.2175196355189928,-1.2142857142857142,-1.1591218572993744,-0.368058451742108,0.02579284783187685,-0.31623436474425054,-1.2160766951535686,-0.8606498402812804,-1.0867529427514884,-0.4494687000492843,-0.11073532135445374,Marine Shipping,Industrials,GASS
2015Q1,2015,Q1,2015-04-30,2015-03-31,5831920.0,35675918.0,7884799.0,0.14,10318907.0,0.28924012550987477,946265629.0,592740966.0,142392729.0,73650012.0,353524663.0,2771121.0,105751566.0,275347183.9,470860020.9,14.100210767763004,1.9333700719559965,0.3413769560048133,0.5449822072868168,0.008609981154678596,14.100210767763004,0.009838901534603903,7.718012579241829,11.803453403853275,0.46453206323519064,0.0,9.150452470317969,0.0,0.037701800537447185,1.7838691458733231,0.006163089751197124,49.38828284861112,0.28924012550987477,5.931045791313267,0.9139507899501542,-0.3427985106172833,0.0,-0.024700746589375464,5.9105653542736905,3.0633700909785215,-0.6136235310254261,-0.4010803936463243,-0.09579153243858375,Marine Shipping,Industrials,GASS
2014Q4,2014,Q4,2014-12-31,2014-12-31,-1187627.0,34991121.0,1940458.0,-0.028391543280054263,10580247.0,0.30236947824563837,945879803.0,592390274.0,139742461.0,67778425.0,353489529.0,2958666.0,99919646.0,263949243.48,460338293.48,14.161747840823931,2.061754326690241,0.3441281354857304,0.549475349759034,0.002114032482528347,14.161747840823931,-0.002004805028247307,7.543320589243197,-55.562319541404825,0.4455664703907681,0.0,8.25063525250907,0.0,0.03699320028720393,1.954915815762907,-0.0012555791932899534,24.604359321434153,0.30236947824563837,-1.7097885820013563,0.9767747807164122,-0.3453677585695945,0.04565136256876735,0.6691906933274476,-1.7559991266358868,-0.5435099376073615,-1.131252036789012,-0.40478914217307504,-0.07038607593210093,Marine Shipping,Industrials,GASS
2014Q3,2014,Q3,2014-12-10,2014-09-30,1570937.0,31231831.0,4250822.0,0.04,6338549.0,0.2029515656638895,981834227.0,598844530.0,136086323.0,68527817.0,382989697.0,2907432.0,101107273.0,381074105.88,613337079.88,14.316044003309754,1.9858552184728138,0.36286566224992683,0.594935595387337,0.004450570469920256,14.316044003309754,0.0026232802026262144,12.201465417765613,60.64439660533808,0.6363489800599831,0.0,8.561948138425937,0.0,0.03180967839696222,1.8646250908590887,0.0016000022781849914,-9.23994451583062,0.2029515656638895,-0.6666666666666666,-0.8834851116726141,-0.415769403640394,-0.030286800097354113,-0.318007696226611,-0.6636424677942412,-0.40482574777584385,-0.8734946519491017,-0.43274959966857435,-0.030692370522149445,Marine Shipping,Industrials,GASS
2014Q2,2014,Q2,2014-07-17,2014-06-30,4670438.0,31865474.0,7142147.0,0.12,9294165.0,0.2916688137135509,956795513.0,563070456.0,144448321.0,67238536.0,393725057.0,3104683.0,99536336.0,423537360.9,656879629.9,14.756861232545873,2.1482966404860453,0.3836028639486314,0.651835831713394,0.007678902640093128,14.756861232545873,0.008294588981241097,13.291418822139597,22.671179924666596,0.7521924767794955,0.0,7.270084900777309,0.0,0.03330437232098516,2.050262293039813,0.004881333510183382,-12.116703540917973,0.2916688137135509,-0.4782608695652174,-0.5811966681344148,-0.3149753682466473,0.02142511285046908,-0.20146306484272866,-0.38805158961949815,-0.26348168409871947,1.712954054159302,-0.4380994588534221,0.02311391908467765,Marine Shipping,Industrials,GASS
2014Q1,2014,Q1,2014-04-29,2014-03-31,7632078.0,33884466.0,9697175.0,0.23,11638992.0,0.34349049502506546,897798405.0,512208641.0,126016684.0,64848504.0,385589764.0,2358251.0,94865898.0,383758500.39,629052188.39,15.175721820497705,1.9432473569475095,0.40031745656754647,0.7016757337367918,0.011125550941893634,15.175721820497705,0.014900330429997569,11.32549943062405,12.570577121656775,0.7492230112338147,0.0,9.433039146384333,0.0,0.03774173111835724,1.8243881770965757,0.00850088166507714,-41.780446725694006,0.34349049502506546,0.3529411764705882,2.119635150570352,-0.22256189491917072,0.0,0.17451861001242736,0.3795997032589456,0.26242697433727685,2.1254954981380396,-0.3063569018068489,0.039939421593791505,Marine Shipping,Industrials,GASS
2013Q4,2013,Q4,2013-12-31,2013-12-31,5532096.0,32032530.0,7681375.0,0.17,9909585.0,0.3093600474267877,850984743.0,472594443.0,97885057.0,63070244.0,378390300.0,2461093.0,87233820.0,326615667.91999996,593265772.92,14.744355054484245,1.5520006074496873,0.4146591638717546,0.7466626559550976,0.00930553446385878,14.744355054484245,0.011705799934680992,10.196374370678805,14.76003254101158,0.6911119518178507,0.0,8.989073147581177,0.0,0.0376417206812367,1.4457945968942185,0.006500816901249662,-28.870697031242937,0.3093600474267877,0.30769230769230776,-0.507475700199831,-0.2152595311674429,0.02583281401580248,0.2301053776476148,0.3341558716550818,0.2525719602601361,-0.11741788930069402,-0.23607733034124143,0.06929931114239668,Marine Shipping,Industrials,GASS
2013Q3,2013,Q3,2013-10-03,2013-09-30,4146514.0,29737695.0,6132482.0,0.13,8055883.0,0.2708980302609197,847494600.0,467028175.0,112003651.0,95000391.0,380466425.0,3341831.0,81701724.0,292960471.52000004,551650963.52,14.570694460425136,1.1789809475626263,0.4183474313582647,0.7591558881859751,0.007464296361252624,14.570694460425136,0.008878509310492885,9.851485514260606,17.6630581447452,0.6272865047595898,0.0,6.488003732085794,0.0,0.035088949239322584,1.0641382202311147,0.004892673062459631,-7.190441252488616,0.2708980302609197,-0.27777777777777773,-0.467146483110525,-0.2899474443615595,0.019767906101432833,-0.061490834607259195,-0.1837451962882924,-0.10757438369335336,1.7531414965500525,-0.2686142091948324,0.01732005988859524,Marine Shipping,Industrials,GASS
2013Q2,2013,Q2,2013-07-16,2013-06-30,5079926.0,30263879.0,6871701.0,0.18,8583702.0,0.2836286121815383,814407103.0,462782896.0,128016179.0,67416429.0,351624207.0,3791862.0,77555210.0,306635745.15,523263712.15,16.375111189805132,1.8988869760514904,0.4016858261610717,0.7068882467946698,0.008699251102410306,16.375111189805132,0.010976909570141071,10.132070153664042,15.090561612019545,0.6625909207111232,0.0,5.717554330827441,0.0,0.03716062751481184,1.7354640068520983,0.006237575754542504,-8.951157428388797,0.2836286121815383,-0.41935483870967744,-0.5788235380982962,-0.1685068504317251,0.15142353395951647,-0.15716228763365686,-0.21347023073063023,-0.18431874772760806,-0.05703765935898657,-0.13326644549108993,0.18467994507728624,Marine Shipping,Industrials,GASS
2013Q1,2013,Q1,2013-04-18,2013-03-31,6458657.0,29447461.0,8424493.0,0.31,10184288.0,0.34584604764397175,708032765.0,348537449.0,58450600.0,54265225.0,359495316.0,3406849.0,72475284.0,228750081.84,522338181.84000003,16.958340631691378,1.0771281239504673,0.474556020016955,0.9640318765287113,0.012306818434476731,16.958340631691378,0.018530740437019726,7.76807487205773,8.854398129518257,0.6563142138565432,0.0,5.654249131675633,0.0,0.041590534302462685,0.8445347089227032,0.00912197474364057,20.73190174414368,0.34584604764397175,-0.1842105263157895,-0.06486923839324196,0.17289572625315916,0.22867301945183408,-0.12501117976241768,-0.16759993906492499,-0.1442529904952021,3.33545493081338,0.1095438806916896,0.0,Marine Shipping,Industrials,GASS
2012Q4,2012,Q4,2013-02-06,2012-12-31,7759078.0,30585672.0,9844607.0,0.38,11639335.0,0.38054861112745864,713039031.0,342033442.0,56263407.0,55808714.0,371005589.0,3152407.0,66016627.0,162981864.23999998,466061176.24,16.641883486287455,1.0081473477421465,0.4843385803378273,1.0097033494169263,0.014321808304453164,16.641883486287455,0.02268514433743587,5.328699799043159,5.251328322772371,0.476508563861425,0.0,6.010117665644062,0.0,0.04289480753543771,0.8123304722628083,0.010881701649793699,14.4351754613681,0.38054861112745864,0.17726710388984723,0.2474875397077447,0.17180864104662016,0.12992043053688618,5.485429421550791,0.16959481988812763,0.04201769352110088,1.3088267044062987,0.16461540476551365,0.22877545474886232,Marine Shipping,Industrials,GASS
2012Q3,2012,Q3,2012-11-02,2012-09-30,6633988.0,30356705.0,9447639.0,0.32278146458389045,-2594921.0,-0.08548098352571533,715607190.0,334309266.0,51756272.0,57277159.0,381297924.0,2614774.0,58257549.0,135852474.48000002,447887861.48,16.26605813930405,0.9036110188356234,0.4936646639897511,1.0567160977225203,,16.26605813930405,0.019843865171239376,4.475204884061034,5.119562866257823,0.4063676610148162,0.0,12.602093335791162,0.0,0.04242090552499899,0.7650326371809049,0.009270432288417896,-19.945283893225014,-0.08548098352571533,-0.07776724404602721,0.6602005053212459,0.3075338865179872,0.11045715806833861,-1.1406757313747928,-0.07680601020692024,-0.043739264049892645,0.001433936726681268,0.15575678115880637,0.1017995812544529,Marine Shipping,Industrials,GASS
2012Q2,2012,Q2,2012-06-30,2012-06-30,7185909.0,29147877.0,9879773.0,0.35,18446117.0,0.6328459873767136,719747590.0,327701130.0,67611922.0,58328047.0,392046460.0,2338904.0,51623561.0,119410420.08,425638416.08,15.944534522401288,1.1591665669862048,0.5046853772723296,1.1084675966787176,,15.944534522401288,0.02192823991787883,4.096710716873136,4.154325502869574,0.36438818529554656,0.0,4.575544785078823,0.0,0.040497359636869366,1.0085830921100445,0.009983929227189214,-15.254635660641824,0.6328459873767136,-0.027777777777777804,-0.11500611638020837,0.027272953954031762,0.3421292954029855,0.04910414377014903,-0.026235203628641027,-0.023658156288250406,0.196291132823416,0.16330979992310282,0.10363225060172418,Marine Shipping,Industrials,GASS
2012Q1,2012,Q1,2012-03-31,2012-03-31,7379512.0,29122817.0,10119174.0,0.36,17582732.0,0.6037442051021369,714398085.0,320496380.0,74519790.0,71440212.0,393901705.0,1826613.0,44437652.0,121260151.2,438010146.2,15.59398222158905,1.0431070669275169,0.5084129767789061,1.1332710122966132,,15.59398222158905,0.023025258506819954,4.163750752545676,4.10800033931783,0.3783510790355885,0.0,6.317750393761568,0.0,0.04076553060749036,0.6704318710588373,0.010329691743224647,-11.180799292455266,0.6037442051021369,0.664253780710789,-0.2192622893720907,-0.01636254700952321,0.3399477171636818,0.13310935023118153,0.6598872956466014,0.4916301221850922,3.95359045810863,0.09731169661295778,0.0,Marine Shipping,Industrials,GASS
2011Q4,2011,Q4,2012-02-24,2011-12-31,4445791.0,28884313.0,6783970.0,0.2163131633964184,15517242.0,0.537220393644121,695710151.0,313098027.0,56521743.0,56100855.0,382612124.0,2416108.0,37058140.0,79332912.48,386861790.48,15.234010027360085,1.0075023455524876,0.5046184542447477,1.1212724154279006,,15.234010027360085,0.014199358081550607,2.746574324963173,4.461124717738643,0.2533804292545095,0.0,5.532480750032697,0.0,0.041517739763437776,0.8128461500274817,0.006390291982386211,7.5170938179976865,0.537220393644121,-0.27895612201193865,-0.36070431768177275,-0.02020691403275305,0.3242741069485564,0.10607079911709598,-0.2830227414719077,0.244103822243479,-0.3827178294202109,0.10355399427566087,0.05990036982722383,Marine Shipping,Industrials,GASS
2011Q3,2011,Q3,2011-09-30,2011-09-30,6200742.0,27492638.0,5452897.0,0.3,14029158.0,0.5102878086853652,700231091.0,308493654.0,56973983.0,55690448.0,391737437.0,3117887.0,32612349.0,81878694.24,398983806.24,14.7693503774664,1.0230476687851389,0.5134668249113777,1.1654872971876433,,14.7693503774664,0.0201000633873655,2.9782043556533204,3.301165176683694,0.2654145172140235,0.0,4.318142382966413,0.0,0.03926223550105118,0.8178668808697678,0.008855279463733495,-7.577596336634625,0.5102878086853652,2.7647058823529407,1.0184977420011674,0.0031984392821687705,0.30250255056387565,-0.10461969294973016,2.7113827836174025,3.633472093701061,0.22277443785393353,0.007343514756567501,0.03367135655851693,Marine Shipping,Industrials,GASS
2011Q2,2011,Q2,2011-06-30,2011-06-30,-3623235.0,31366161.0,1176849.0,-0.17,15668379.0,0.4995312942505141,690046677.0,304396169.0,62273873.0,56593196.0,385650508.0,3318455.0,26411607.0,90304931.706,400500712.706,14.423478126216878,1.1003773845887763,0.5111357648056611,1.1587121387194594,,14.423478126216878,-0.011903024311715303,2.879055926098192,-6.230960157566374,0.2966690809633678,0.0,4.730448958928176,0.0,0.045455129407137196,0.7960446517280982,-0.005250710018273155,-4.338519592799085,0.4995312942505141,-3.4285714285714284,-1.5200646847976589,0.2086820115470091,0.28575800816334773,0.028438916977883127,-3.373568041255348,-0.8164783938348789,-1.402278728562149,0.15403587778433325,0.014193550417904452,Marine Shipping,Industrials,GASS
2011Q1,2011,Q1,2011-03-31,2011-03-31,1526493.0,30537640.0,6412591.0,0.07,15235109.0,0.4988960836528298,696852575.0,307900046.0,50607889.0,61883095.0,388952529.0,3421058.0,30034842.0,132689397.32720001,451490746.3272,14.592890225509175,0.8177982856222689,0.5061634865882501,1.1455708876379966,,14.592890225509175,0.004957755024174306,4.345109750694553,21.731085128985196,0.4309495859159436,0.0,4.473040503844133,0.0,0.04382223887168674,0.602499503297306,0.0021905537193430045,15.682633461329765,0.4988960836528298,-0.6420467724504216,-0.8544451310528585,0.19628606096020476,0.3176114406666881,0.0244343495254889,-0.6485428448152407,0.1022968532256487,-0.7847106259190013,0.18479898939459838,0.05729038502732538,Marine Shipping,Industrials,GASS
2010Q4,2010,Q4,2010-12-31,2010-12-31,4343326.0,29055589.0,5817481.0,0.19555627554805227,14871728.0,0.5118370858012894,688376399.0,306250752.0,45127547.0,60269033.0,382125647.0,1840092.0,28508349.0,176570358.6,491859212.6,13.788800666795497,0.7487683932144722,0.5013041549671141,1.1268084951510584,,13.788800666795497,0.014182254154922042,6.076984314446353,10.163314853639815,0.5765548572432566,0.0,7.708234696960804,0.0,0.0422088686396118,0.5410323739556266,0.00630952195094068,5.811958383737056,0.5118370858012894,2.9111255109610457,-0.776220505407628,-0.41968859581286666,-0.452489792233748,0.13432163701653918,3.3871137826647773,0.28144727028261757,-0.3538044694930748,0.030110410902901036,-0.06379301364231686,Marine Shipping,Industrials,GASS
2010Q3,2010,Q3,2010-09-30,2010-09-30,990019.0,26726969.0,4539774.0,0.05,13110680.0,0.49054122074223977,698040392.0,301768844.0,49995347.0,62621953.0,396271548.0,2532848.0,24165023.0,91651802.99999999,407346467.0,14.322625725104393,0.7983677385468958,0.5055396608051873,1.1693954164466362,,14.322625725104393,0.003280719728641039,3.429188060943236,23.14395052014153,0.3037152602804814,0.0,5.375880826642578,0.0,0.03828857084247354,0.622760312186367,0.0014182832560210928,-1.5910473379958114,0.49054122074223977,-0.736842105263158,-0.9462299667815026,-0.4372959434749209,1.0031644370775374,-0.02630829045462509,-0.7611937094323539,-0.25035085821761216,-0.7583183221266298,0.12295504465998414,-0.022217791024298585,Marine Shipping,Industrials,GASS
2010Q2,2010,Q2,2010-06-30,2010-06-30,4145699.0,26870374.0,6055865.0,0.19,13464919.0,0.5011064974384056,673620653.0,300615239.0,79570452.0,74148730.0,373005414.0,2541305.0,23175004.0,100477714.26,349631812.26,13.82239250174599,1.0731195530928177,0.46896086334811354,1.0508506622979283,,13.82239250174599,0.013790714714898402,3.739349301948682,6.059153972587011,0.3342402553983632,0.0,5.275027987589054,0.0,0.03988947470706484,0.9387124095045188,0.006154352574460035,31.36268936809361,0.5011064974384056,1.714285714285714,-0.43512827261954395,0.5455767608028431,0.6852910371096906,-0.11577001003490513,1.5683528204060722,-0.08398609854387451,-0.5175029689564401,-0.10506609938277316,0.16349824343181643,Marine Shipping,Industrials,GASS
2010Q1,2010,Q1,2010-03-31,2010-03-31,1614147.0,28756691.0,6611106.0,0.07,15227847.0,0.5295410031703578,,,,,,,,112458687.35,,,0.0,0.0,0.0,0.0,,0.0,3.9106963784532787,17.417665080999438,0.0,0.0,0.0,0.0,0.0,0.0,0.0,6.219243177403411,0.5295410031703578,1.0572623099003315,-0.7836301942908639,0.6272612361226527,0.0,0.04972483738855782,1.059451557396872,1.3171919705610653,-0.842389531950526,-0.10359339463286156,0.0,Marine Shipping,Industrials,GASS
2009Q4,2009,Q4,2009-12-31,2009-12-31,-27150626.0,28380502.0,-20842602.0,-1.2224445734347622,14506513.0,0.5111436365713333,692497010.0,300801931.0,69031753.0,69023455.0,391695079.0,2146919.0,17415158.0,138591073.92000002,440336804.92,13.54346998222611,1.0001202200034756,0.4993842067274774,1.1496670544977319,,13.54346998222611,-0.09026081019406754,4.8833200314779495,-1.2761314777788182,0.4607386443938753,0.0,6.462278735248046,0.0,0.040982851319459127,0.6701453730474662,-0.03920684942740764,8.596762541009385,0.5111436365713333,-4.820139291983632,-2.398871133354142,-0.43317173962105043,-0.4622311074739833,-0.06710059381648345,-4.792651115153408,-4.077605331329891,-4.612833936684643,-0.10914335365277934,0.17731750100502466,Marine Shipping,Industrials,GASS
2009Q3,2009,Q3,2009-10-20,2009-09-30,7158746.0,28383945.0,6772344.0,0.32,15549922.0,0.5478421692263002,711729013.0,327891673.0,40431366.0,50759659.0,383837340.0,2120101.0,44565784.0,139479478.24,461682484.24,14.763173281282558,0.7965255637355642,0.49606202297671403,1.0767633431178962,,14.763173281282558,0.021832655689307486,4.914027216442253,4.870946609923023,0.42538280086179564,0.0,6.053496036273744,0.0,0.03988026971158474,0.6441461515728465,0.01005824670519649,-2.992913631201881,0.5478421692263002,0.10344827586206906,-0.6311627168222776,-0.43310297446317947,1.0647794798996584,0.035638738890720785,0.10282739915449467,0.202514925467216,1.1915719360629726,-0.025958722736252278,0.30195779515291266,Marine Shipping,Industrials,GASS
2009Q2,2009,Q2,2009-07-09,2009-06-30,6491266.0,27076724.0,5631817.0,0.29,15014813.0,0.5545284207941847,643283636.0,320876663.0,24054131.0,45270803.0,322406973.0,1627434.0,37407038.0,103277002.2,375912437.2,14.447325650104899,0.531338730616287,0.4512394622766372,0.9046309547291695,,14.447325650104899,0.02022978529915714,3.8142355109133588,3.9775369781487924,0.32185887634963345,0.6439421832351347,7.41161300550437,0.04047367672335477,0.042091423572291835,0.41500765957255054,0.010090830291227865,-3.083816130188116,0.5545284207941847,0.0,-0.13391886588874297,0.5250710843753613,0.7614858227511038,0.0,0.0,0.0,-0.11466266564810228,-0.008562546686738597,0.2878838577362158,Marine Shipping,Industrials,GASS
2008Q4,2008,Q4,2009-01-14,2008-12-31,7749409.0,28162534.0,10020144.0,0.3504283352186308,17012784.0,0.604092799319834,634347123.0,317847325.0,52458518.0,40774931.0,316499798.0,1254142.0,34910189.0,106589986.10000001,348435800.1,14.373058507228757,1.2865384861104976,0.44722181706812913,0.892547618577567,,14.373058507228757,0.024380916215041293,3.7848151767877143,3.43864887309471,0.3353496402714731,0.5398019384445962,8.890340966174485,0.039245206356209476,0.04439609320967946,1.098243501626036,0.01221635397879782,-9.386563562692285,0.604092799319834,0.4601180634109618,-0.5989968845218553,-0.43508324761234013,-0.4292907382090576,-0.07755365620178586,0.44340015016231576,0.040197987733729755,-0.5989968845218553,-0.43508324761234013,-0.4292907382090576,Marine Shipping,Industrials,GASS
2008Q3,2008,Q3,2008-09-30,2008-09-30,5368857.0,28895043.0,9632920.0,0.24,18443115.0,0.6382795485024888,584348632.0,315971767.0,23262856.0,39429618.0,268376865.0,1363119.0,31343926.0,298540417.5,524015315.5,14.288245759889445,0.5899843107787653,0.41408994519559345,0.7658054240016957,,14.288245759889445,0.016991571908385093,10.33189040417763,13.901488598969948,0.9448325726519737,0.7791501990088393,7.66765630880356,0.014011992195328126,0.0494482940793468,0.4751838579820885,0.009187763444614345,-40.09140643905709,0.6382795485024888,-0.42857142857142855,-0.72218160332528,-0.4203897329813509,0.9983560503341881,-0.039457464292888496,-0.4311310663795227,-0.06471247267200748,-0.72218160332528,-0.4203897329813509,0.9983560503341881,Marine Shipping,Industrials,GASS
2008Q2,2008,Q2,2008-07-07,2008-06-30,9437775.0,28480148.0,10299421.0,0.42,19200727.0,0.6741793265961961,570807271.0,314498460.0,25660163.0,36519673.0,256308811.0,890084.0,30158215.0,312030021.55,525110674.55,14.22162280589696,0.7026394513444849,0.4061926201357025,0.7372300042423101,,14.22162280589696,0.030008970473178152,10.956053372686126,8.265455087401428,0.9921511906608382,0.44323423688316366,10.42533176644002,0.013406226039470016,0.04989450808870303,0.5998894075530194,0.016534083357883506,56.109951536095906,0.6741793265961961,0.23529411764705868,0.2646783816160183,0.6110815108369323,0.7339670715402872,0.04220685676668434,0.2699787914675521,-0.15067340129812437,0.2646783816160183,0.6110815108369323,0.7339670715402872,Marine Shipping,Industrials,GASS
2008Q1,2008,Q1,2008-06-11,2008-03-31,7431443.0,27014176.0,12126573.0,0.34,18423144.0,0.6819806015922899,571118165.0,305222398.0,27885967.0,38179300.0,265895767.0,716652.0,24903585.0,343874332.75,558567923.75,13.802159210151169,0.7303949260463131,0.4135636641849765,0.7738413777877468,,13.802159210151169,0.024347633229721236,12.729402990118965,11.56822210538384,1.1266353157673572,0.562242084074385,11.987731841953975,0.012150572468104628,0.047300502164906624,0.6250666198699295,0.013012093565610892,-2.6616304000260813,0.6819806015922899,0.12349491089774874,0.0031340851508439766,0.5393676576812583,0.0,0.2179242298786746,0.1935296273537921,7.539157326546074,0.0031340851508439766,0.5393676576812583,0.0,Marine Shipping,Industrials,GASS
2007Q4,2007,Q4,2007-12-31,2007-12-31,6226442.0,26129276.0,-1854455.0,0.3026270939921899,15126675.0,0.5789167292656712,477593326.0,303030788.0,69497341.0,37372666.0,174562538.0,836365.0,21650412.0,279403543.3,392047200.3,14.728367623532568,1.8595767559103222,0.30519381462210804,0.48100237590379763,,14.728367623532568,0.020547225716219964,10.693122277861814,11.218427124993696,0.9220302172728403,0.6710525850879202,13.155262355550507,0.014954248434543745,0.05471030388728673,0.9501654765544422,0.013037121042181398,-13.327554474376313,0.5789167292656712,0.5927741789062626,-0.6536969322322267,-0.4366512579185709,-0.4151825229414891,0.011794105943613757,0.5565381209773745,-1.281527239352717,-0.6536969322322267,-0.4366512579185709,-0.4151825229414891,Marine Shipping,Industrials,GASS
2007Q3,2007,Q3,2007-11-05,2007-09-30,4000186.0,23241691.0,-812813.0,0.19,14950349.0,0.643255647792581,472402577.0,301378767.0,74814109.0,26890974.0,171023810.0,956811.0,19602240.0,354912453.75,440467329.75,14.648073562422857,2.7821271553793476,0.32394373454063524,0.5077725167015499,,14.648073562422857,0.0132729523045663,15.270509092905503,22.180996943017153,1.1776292579695902,1.0340194180970586,8.66560062541087,0.011654338855388784,0.04919890815921608,2.568142120846943,0.008467748049562396,-8.365422139886164,0.643255647792581,-0.525,-0.7775171304186729,-0.49890776197950254,1.0486816171220779,0.11770471723179339,-0.2968591278821942,-1.6459001334213803,-0.7775171304186729,-0.49890776197950254,1.0486816171220779,Marine Shipping,Industrials,GASS
2007Q2,2007,Q2,2007-07-09,2007-06-30,5689025.0,19880050.0,1258419.0,0.4,13375938.0,0.6728322111865915,370522723.0,171072413.0,12569661.0,51212055.0,199450310.0,770951.0,19738324.0,256463999.99999997,427035819.0,11.880028680555556,0.24544340194901376,0.47644575903648423,1.0319254688948591,,11.880028680555556,0.03325506959441789,12.900571175625814,11.270120978550805,1.4991546299168643,0.4745980198715949,8.436479101784679,0.010527793374508704,0.053654064287981605,0.13400380047236926,0.015354051578639618,-11.559942229136423,0.6728322111865915,-0.13043478260869565,0.17072580977075352,0.7270289568166705,0.4484689140043832,-0.056428729846731036,-0.14094898068736766,-0.4331844248782518,0.17072580977075352,0.7270289568166705,0.4484689140043832,Marine Shipping,Industrials,GASS
2007Q1,2007,Q1,2007-04-03,2007-03-31,6622453.0,20744106.0,2220156.0,0.46,14175864.0,0.6833682781991184,335967549.0,167583661.0,14410084.0,27634456.0,168383888.0,598983.0,16749299.0,197856000.0,342432227.0,11.63775423611111,0.5214535071723504,0.45974005662076606,0.9216754132134636,,11.63775423611111,0.03951729518547754,9.537938149756851,7.469135681295134,1.1806401579924908,0.4077039127344505,10.965656788256094,0.013646288209606987,0.06174437400797897,0.38357610513483603,0.019711585299567132,-15.200958879829711,0.6833682781991184,0.3594919941485804,0.3728136740334885,0.8153159809171425,0.0,-0.5208192447003135,0.37453009313454444,-0.9002723765313908,0.3728136740334885,0.8153159809171425,0.0,Marine Shipping,Industrials,GASS
