Quarters,Year,Quarter,FillingDate,Date,NetIncome,Revenue,OperatingIncome,EPSDiluted,GrossProfit,GrossProfitRatio,TotalAssets,CommonStockEquity,CurrentAssets,CurrentLiability,TotalLiability,Inventory,RetainedEarnings,MarketCap,EnterpriseValue,bookValuePerShare,currentRatio,debtToAssets,debtToEquity,roic,shareholdersEquityPerShare,roe,priceToSalesRatio,peRatio,pbRatio,payoutRatio,inventoryTurnover,dividendYield,assetTurnover,quickRatio,returnOnAssets,priceToFreeCashFlowsRatio,grossProfitMargin,epsdilutedGrowth,fiveYNetIncomeGrowthPerShare,fiveYRevenueGrowthPerShare,fiveYShareholdersEquityGrowthPerShare,grossProfitGrowth,netIncomeGrowth,operatingIncomeGrowth,threeYNetIncomeGrowthPerShare,threeYRevenueGrowthPerShare,threeYShareholdersEquityGrowthPerShare,Industry,Sector,Symbol
2023Q1,2023,Q1,2023-04-27,2023-03-31,135910000.0,529033000.0,38844000.0,1.16,207729000.0,0.3926579249,11352311000.0,6202957000.0,156017000.0,566075000.0,4961725000.0,0.0,-1216325000.0,17548129280.0,21801368280.0,53.39000017214371,0.2756118888839818,0.38720309899896155,0.7086378319243548,0.0036403207557889946,53.39000017214371,0.021910517838508312,33.17019785155179,32.27895165918622,2.828994184547789,1.1964167463762785,0.0,0.009266229887269214,0.04660134839505366,0.2515762045665327,0.011972011689954582,122.98251625925096,0.3926579249309589,-0.30538922155688625,1.708761463424815,0.33893695742174895,-0.03792416896022051,-0.003955810006041601,-0.29806167719410603,1.6386794375382108,2.642418110579773,0.24277736909255737,0.013929885775940098,REIT—Residential,Real Estate,MAA
2022Q4,2022,Q4,2023-02-14,2022-12-31,193621000.0,527965000.0,14721000.0,1.67,208554000.0,0.3950148211,11241165000.0,6025760000.0,61071000.0,615843000.0,5030746000.0,0.0,-1188854000.0,18116332020.0,22492576020.0,52.21719613858126,0.09916650834709496,0.3945234324022466,0.7359906468229733,0.001410526922754594,52.21719613858126,0.03213221236823239,34.31350945611925,23.39148648648649,3.006480845569688,0.7502750218209802,0.0,0.008018676177916505,0.04696710705696429,0.06277411613024748,0.017224282358634536,103.99194082969306,0.39501482105821406,0.5904761904761904,0.5419811575598285,0.35619223132344957,-0.06710251554087679,0.0835043458834898,0.5830219685882709,-0.41791221826809016,0.27830248798413315,0.2509517066944165,-0.021644811391907375,REIT—Residential,Real Estate,MAA
2022Q3,2022,Q3,2022-10-27,2022-09-30,122311000.0,520783000.0,25290000.0,1.05,192481000.0,0.3695992381,11338227000.0,5987890000.0,120068000.0,647176000.0,5166327000.0,0.0,-1219599000.0,17889340410.0,22494495410.0,51.90477016027669,0.1855260392845223,0.40960116603768826,0.7755905669609829,0.002402731934028117,51.90477016027669,0.020426393938432402,34.350853253658435,36.56527297217748,2.987586680784049,1.1873012239291643,0.0,0.008117683305910103,0.045931608178245154,0.060255633707059594,0.010787489084492664,69.59857922625625,0.3695992380703671,-0.4230769230769231,0.04844276884906863,0.3316211636771922,-0.06952971003969252,0.07399885056829912,-0.41950717126557885,2.718187376859841,0.5351961632410157,0.23685075417436144,-0.019792097995288156,REIT—Residential,Real Estate,MAA
2022Q2,2022,Q2,2022-07-28,2022-06-30,210702000.0,495040000.0,-14719000.0,1.82,179219000.0,0.362029331,11280401000.0,6005677000.0,221702000.0,571568000.0,5089882000.0,0.0,-1199216000.0,20148708510.0,24606454510.0,52.06346605636611,0.38788385633905326,0.8010910250442338,1.5046809876721643,-0.0009925211096399092,52.06346605636611,0.035083804873289055,40.70117265271493,23.906641263490616,3.354943749056101,0.6001366859355868,0.0,0.006275836485362903,0.04388496472776101,0.10596814377291941,0.01867859130185177,106.24322298797239,0.3620293309631545,0.8571428571428572,3.2872846994910505,0.27137662860282713,-0.06413248629956811,0.036427249595188525,0.861357974522518,-1.872547276068528,2.358281643272684,0.1991908081839928,-0.022555717775355574,REIT—Residential,Real Estate,MAA
2022Q1,2022,Q1,2022-04-28,2022-03-31,113198000.0,476078000.0,16869000.0,0.98,172920000.0,0.363217792,11199075000.0,5946804000.0,72624000.0,531351000.0,5068856000.0,0.0,-1268827000.0,24140997550.0,28618131550.0,51.595137906801206,0.13667801509736502,0.40695369930105835,0.7663788818329981,0.0016266336575259447,51.595137906801206,0.019035098516783134,50.70807210163041,53.31586589427375,4.0594910392203944,1.116221134649022,0.0,0.005234000779723372,0.042510475195496056,0.11361792863850825,0.01010779908162058,170.71513213257808,0.36321779204248045,-0.40606060606060607,1.6562784941659576,0.23550650243568017,-0.08057997286230029,0.07415735920786175,-0.4061588500681985,-0.9274573297382375,0.7545148018982898,0.1709164864050719,-0.0401524032324205,REIT—Residential,Real Estate,MAA
2021Q4,2021,Q4,2022-02-17,2021-12-31,190620000.0,463575000.0,232539000.0,1.65,160982000.0,0.3472620396,11285182000.0,5995362000.0,130598000.0,584400000.0,5101090000.0,0.0,-1255807000.0,26421851520.0,30884239520.0,52.06205387380816,0.22347364818617385,0.8004638294712483,1.5067280341036955,0.014865450656475957,52.06205387380816,0.03179457720818193,56.99585076848406,34.652517469310666,4.407048568543484,0.6239586612107858,0.0,0.0045015391866073135,0.04107820325804227,0.16620294318959616,0.016891176411687466,121.91868436717009,0.3472620395836704,1.2602739726027397,2.702991772983255,0.15458997308838499,-0.284812481287904,0.10925678376031862,1.2564187549568533,0.8380204875272693,2.0708859505967046,0.1494858281584056,-0.03901756529065863,REIT—Residential,Real Estate,MAA
2021Q3,2021,Q3,2021-10-28,2021-09-30,84479000.0,452575000.0,126516000.0,0.73,145126000.0,0.3206672927,11254132000.0,5921471000.0,83962000.0,623592000.0,5139479000.0,0.0,-1309511000.0,21463737750.0,25974813750.0,51.52106879660324,0.13464252267508242,0.40348620400045065,0.7668511760000175,0.01171416477635451,51.52106879660324,0.01426655640127259,47.42581395348837,63.51796822287196,3.624730704583371,1.4052604789355934,0.0,0.005530956508262407,0.04021411868991762,0.047805295770311354,0.007506487395029665,153.1997012911929,0.3206672927139148,-0.6137566137566137,-0.3432634931042874,0.07085953841798955,0.2963720006154386,0.06442622229393731,-0.609757111577158,-0.5084657523602315,0.5826825475723737,0.12716335626727765,-0.05799610372782071,REIT—Residential,Real Estate,MAA
2021Q2,2021,Q2,2021-07-29,2021-06-30,216478000.0,436927000.0,257390000.0,1.89,136342000.0,0.3120475503,11242120000.0,5940407000.0,43004000.0,826524000.0,5099761000.0,0.0,-1272694000.0,19283079480.0,23804435480.0,51.88400265516097,0.052029947103774364,0.40501586889305574,0.7664856970237898,0.024305835128104667,51.88400265516097,0.036441610818922006,44.13341240069852,22.26909833793734,3.2460872596776618,0.5463418915548001,0.0,0.006133408313888255,0.03886517845388592,0.0385723826531353,0.019255976630742244,167.4256297428239,0.31204755027727743,3.6097560975609757,2.152777367617975,0.05521972913782198,0.31676442127206617,0.04050857029473266,3.587078592164092,1.9294136392606756,2.592801099129713,0.11181983744900696,-0.058347971245127986,REIT—Residential,Real Estate,MAA
2021Q1,2021,Q1,2021-04-29,2021-03-31,47193000.0,425005000.0,87864000.0,0.41,131034000.0,0.3083116669,11192378000.0,5822544000.0,43375000.0,882432000.0,5155017000.0,0.0,-1367347000.0,16495006680.000002,21119971680.0,50.957387780821435,0.049153929141282277,0.4161390010237324,0.7999226798457856,0.008214770500986464,50.957387780821435,0.00810521998631526,38.811323819719775,87.38057911130889,2.8329552649151304,2.503845909350963,0.0,0.007163622439951628,0.03797271678994402,0.036966021177835796,0.0042165302136864926,476.7342971098266,0.30831166692156564,-0.4383561643835617,-0.2840991170732312,0.04042562248222211,0.2866811289928575,-0.022586564425415106,-0.4337428907393631,-0.29758811726051054,-0.043620713467145404,0.09371616547086786,-0.08175929876792044,REIT—Residential,Real Estate,MAA
2020Q4,2020,Q4,2021-02-18,2020-12-31,83342000.0,423661000.0,125089000.0,0.73,134062000.0,0.3164369626,11194791000.0,5887030000.0,35615000.0,700274000.0,5090986000.0,0.0,-1294182000.0,14470531800.0,19008045800.0,51.54114866047978,0.05085866389441847,0.40757455856031616,0.7750448018780268,0.011860828562004305,51.54114866047978,0.014156883861641609,34.15592136165472,43.407081063569386,2.4580360215592583,1.3833841280506827,0.0,0.007967502617975656,0.03784447606033913,0.035983058060130746,0.007444712455998509,350.3251779402508,0.31643696257148995,0.40384615384615374,0.27649697753866825,0.059248759616612336,0.29186690829896034,0.0664725629643772,0.3911200133533634,0.23137274203868682,-0.3294260898882796,0.09948860389766682,-0.07918058633621423,REIT—Residential,Real Estate,MAA
2020Q3,2020,Q3,2020-10-29,2020-09-30,59910000.0,423199000.0,101585000.0,0.52,125706000.0,0.2970375639,11128704000.0,5917913000.0,27589000.0,570014000.0,4995608000.0,0.0,-1258072000.0,13243345200.0,17650532200.0,51.813344890383135,0.04840056560014316,0.39767379921327767,0.7478301894603723,0.009716259252339102,51.813344890383135,0.010123501308653911,31.293422716027212,55.26350025037557,2.2378404684218913,1.9243365047571357,0.0,0.008705277877979048,0.03802769846336105,0.03229218931464841,0.0053833761774956,83.8520751945396,0.2970375638883835,-0.21212121212121213,-0.5700713857881197,0.06334457335049302,0.29383310693254217,-0.020714369181630506,-0.2018597959020543,-0.1418736273019091,-0.48129775682358283,0.0929696875918651,-0.07116864413235632,REIT—Residential,Real Estate,MAA
2020Q2,2020,Q2,2020-07-30,2020-06-30,75062000.0,413026000.0,118380000.0,0.66,128365000.0,0.3107915724,11131313000.0,5968167000.0,35594000.0,563795000.0,4946403000.0,0.0,-1202536000.0,13095772680.0,17548713680.0,52.25882631081223,0.06313287631142525,0.40180417170912364,0.7494106649495565,0.011165157918493087,52.25882631081223,0.012577060930097968,31.706896611835575,43.61651927739735,2.1942704820424765,1.5356638512163279,0.0,0.008802077037885787,0.037104877025738114,0.03488324657011857,0.0067433194987868905,107.54249858342982,0.3107915724433813,1.0625,-0.6375240956364204,0.05005517129156995,0.31689732125402664,-0.07343111637240324,1.0481881685221568,0.4651534091612312,0.5426996333113973,0.07141790889134042,-0.06062078549566015,REIT—Residential,Real Estate,MAA
2020Q1,2020,Q1,2020-05-07,2020-03-31,36648000.0,418098000.0,80797000.0,0.32,138538000.0,0.3313529364,11155977000.0,6008686000.0,49047000.0,545452000.0,4929145000.0,0.0,-1160944000.0,11756856330.0,16206041330.0,52.65650112609652,0.08991991962629159,0.4019094876226439,0.7462019150276783,0.007566126632791069,52.65650112609652,0.0060991704342679915,28.119857856292064,80.20121377701375,1.9566434874446759,3.143200174634359,0.0,0.009797857247439886,0.03747748852476121,0.06326496190315554,0.0032850551771485366,154.71176347510263,0.3313529363929031,-0.7557251908396946,-0.6060906939400759,0.067945829682152,0.3651341656148745,-0.021651930736419876,-0.7550087239034956,-0.5838831121342748,-0.1313747150352354,0.09595405709405502,-0.06166658994528667,REIT—Residential,Real Estate,MAA
2019Q4,2019,Q4,2020-02-20,2019-12-31,149589000.0,416817000.0,194169000.0,1.31,141604000.0,0.3397270265,11230450000.0,6082696000.0,70541000.0,542262000.0,4926860000.0,0.0,-1085479000.0,15027688620.000002,19461810620.0,53.37243237077399,0.1300865633217891,0.3966535624129042,0.7323394100247653,0.018322318260464276,53.37243237077399,0.02459254909336255,36.053444605186456,25.114962697791952,2.470563812493671,0.7381959903468838,0.0,0.0073481692888576755,0.03711489744400269,0.03776034463045539,0.013319947108085607,196.55599529134787,0.33972702648884284,0.8985507246376814,1.8556681987805874,0.08810432429758269,0.3841211299747164,0.0775822051762056,0.902078962426092,0.5577260948744074,1.936289947319323,0.04898238519905834,-0.2668115328794864,REIT—Residential,Real Estate,MAA
2019Q3,2019,Q3,2019-10-31,2019-09-30,78645000.0,415632000.0,124649000.0,0.69,131409000.0,0.3161667052,11247754000.0,6030108000.0,65202000.0,721374000.0,4997488000.0,0.0,-1119714000.0,14805148769.999998,19255436770.0,52.95281751363313,0.0903858470086252,0.3979562497543954,0.7422941678656502,0.01165006954335679,52.95281751363313,0.013042054968169724,35.62081064499365,47.06322325004768,2.455204578425461,1.403814609956132,0.0,0.00745706792380986,0.03695244401682327,0.03580112396620893,0.006992062593118591,88.78383718629125,0.3161667051622589,0.27777777777777757,-0.2260500426837934,0.10116586019732166,0.3620737542373274,0.016279465445771205,0.2701681283007898,0.14846823605288617,-0.3829473291205054,-0.007433412130006443,0.33239763036318554,REIT—Residential,Real Estate,MAA
2019Q2,2019,Q2,2019-08-01,2019-06-30,61917000.0,407390000.0,108535000.0,0.54,129304000.0,0.3173961069,11274830000.0,6063569000.0,57684000.0,817212000.0,4990201000.0,0.0,-1086665000.0,13493218140.0,17992235140.0,53.264893972135845,0.07058633500242287,0.4026658495072653,0.7487321410872045,0.010127298157494403,53.264893972135845,0.010211312842321081,33.12113242838558,54.48107199961238,2.2252930806922455,1.7823214949044688,0.0,0.008178627133645377,0.03613269557057623,0.05013631713680171,0.005491612733850532,100.9601129825139,0.3173961069245686,-0.03571428571428574,0.2894870513999229,0.09675187295200546,0.37642294371616775,0.002263355346789446,-0.027379830348727617,-0.013327151571349352,-0.0930467230408351,-0.010445187588991177,0.35181007046611834,REIT—Residential,Real Estate,MAA
2019Q1,2019,Q1,2019-05-03,2019-03-31,63660000.0,401178000.0,110001000.0,0.56,129012000.0,0.3215829382,11303762000.0,6113167000.0,59387000.0,494320000.0,4967418000.0,0.0,-1037268000.0,12376800580.0,16880275580.0,53.75346886376027,0.12013877650105195,0.4023525973034464,0.7439839284613032,0.0102179166125953,53.75346886376027,0.010413587588888051,30.851144828480127,48.605091815896955,2.0246135235631546,1.731793905120955,0.0,0.008907471627049517,0.03549066231224614,0.09027148405890921,0.005631753393250848,121.98218658834661,0.321582938246863,0.03703703703703707,5.229129756705572,0.08372871702829195,0.37786049835460783,-0.006782505600763706,0.03880421657256617,0.03266961444222266,-0.029740721349626135,-0.013266287073855288,0.3572825652365212,REIT—Residential,Real Estate,MAA
2018Q4,2018,Q4,2019-02-21,2018-12-31,61282000.0,398148000.0,106521000.0,0.54,129893000.0,0.3262430051,11323781000.0,6159254000.0,51673000.0,953850000.0,4942178000.0,0.0,-989263000.0,10880133000.0,15374202000.0,54.17586419210133,0.054173088011741886,0.399895405960253,0.7352072182767588,0.009844026053393209,54.17586419210133,0.009949581556467715,27.326855842551012,44.3855169544075,1.7664692834554314,1.7286805260924905,0.0,0.009736737593189349,0.03516034087907564,0.03591654872359386,0.00541179664283511,153.15286946974283,0.3262430051136763,0.1739130434782609,3.52461633292422,0.10816426423329532,0.37337742162396736,0.10247922661030903,0.16084181015703433,0.08409493374585275,-0.05700651463863198,0.00010110004980337111,0.3579054405502418,REIT—Residential,Real Estate,MAA
2018Q3,2018,Q3,2018-11-01,2018-09-30,52791000.0,397108000.0,98258000.0,0.46,117819000.0,0.2966925874,11418987000.0,6217014000.0,88700000.0,843803000.0,4977826000.0,0.0,-940773000.0,11317084760.0,15774968760.0,54.69305275751951,0.10511932287512607,0.39443279863616626,0.7244672442429758,0.00906217068556141,54.69305275751951,0.008491375441650928,28.498757919759864,53.593816938493305,1.82034088390343,2.0062700081453277,0.0,0.009358682226570157,0.03477611455376909,0.05467982455620565,0.004623089596301318,66.23445992134096,0.29669258740695226,-0.1320754716981132,-0.551720928305818,0.09446617194013299,1.3486194082403846,-0.005058352615311862,-0.11731068269600549,0.03445807232720956,-0.6193426797766733,0.0025713467094805945,0.36574240722337675,REIT—Residential,Real Estate,MAA
2018Q2,2018,Q2,2018-08-02,2018-06-30,59807000.0,390073000.0,94985000.0,0.53,118418000.0,0.3035790737,11447129000.0,6261771000.0,61553000.0,519604000.0,4958239000.0,0.0,-887672000.0,11440742820.0,15956767820.0,55.09891241222744,0.11846136673312753,0.3973603337570495,0.7264135018671235,0.008705916198233426,55.09891241222744,0.009551131780449971,29.32974807279663,47.82359431170264,1.8270778059433985,1.7705118129984785,0.0,0.009255430496601269,0.03407605522747232,0.06275933210675823,0.005224628813041244,83.666021807332,0.30357907366057124,0.2325581395348838,-0.6193845126161094,0.09375318134321416,1.3885894801101368,-0.020278152379849257,0.22007792896631917,0.009855620999808629,-0.7097727483167025,-0.0034300718447181112,0.3884661268150245,REIT—Residential,Real Estate,MAA
2018Q1,2018,Q1,2018-05-03,2018-03-31,49019000.0,386017000.0,94058000.0,0.43,120869000.0,0.3131183342,11417376000.0,6299024000.0,88810000.0,840380000.0,4889231000.0,0.0,-840642000.0,10356378680.0,14795523680.0,55.49458623697217,0.10567838358837668,0.3940354596362597,0.7142139798165557,0.008601394644052015,55.49458623697217,0.007781999243057337,26.82881500037563,52.818186213509044,1.6441243405327555,2.158305962993941,0.0,0.010215733053901811,0.03380960739140062,0.07104643137628215,0.004293368283570586,102.61053493049569,0.31311833416663,-0.6055045871559633,-0.129689829183015,0.08841273966524175,1.5269431055974945,-0.01736514775822121,-0.6029242608343459,-0.13458955155217783,-0.47031792585216586,-0.008751755496061563,0.43871229684127855,REIT—Residential,Real Estate,MAA
2017Q4,2017,Q4,2018-02-23,2017-12-31,123450000.0,382738000.0,108686000.0,1.09,123005000.0,0.3213817285,11491919000.0,6350320000.0,94188000.0,815560000.0,4907617000.0,0.0,-784500000.0,11408833680.0,15900140680.0,55.973134249424874,0.1154887439305508,0.3917585043890407,0.7089496277352952,0.009959633969431229,55.973134249424874,0.01943996523009864,29.808468665248814,23.10415893074119,1.796576185137127,0.8082219522073714,0.0,0.008745416297452764,0.03330496847393373,0.01318112707832655,0.010742331198122785,-72.92086337924643,0.32138172849312063,0.07920792079207928,0.04102739870659471,0.08738582869381883,1.6003595179588146,0.047359144436024285,0.0762015186253912,0.05413950962135319,1.3673491374791706,0.003667422732050865,0.45156580624502196,REIT—Residential,Real Estate,MAA
2017Q3,2017,Q3,2017-10-26,2017-09-30,114709000.0,384550000.0,103104000.0,1.01,117443000.0,0.3054037186,11532801000.0,6327731000.0,133419000.0,706937000.0,4971371000.0,0.0,-802835000.0,12123825920.0,16568808920.0,55.78337182855228,0.1887282742309428,0.389570061947657,0.7100229134266296,0.009477310476680316,55.78337182855228,0.018127983000541584,31.527307034195815,26.423004995248846,1.915983141508386,0.8696876443871012,0.0,0.008228508117675117,0.033344024578244265,0.06768778547451895,0.009946326135342142,60.56462144070337,0.3054037186321675,1.3488372093023258,-0.3217392459077012,0.10428872805057217,1.5830631705887632,0.06319820390722601,1.3741902100796854,0.1992183865264725,0.1332664407774019,0.022796769687180713,0.43488241529303023,REIT—Residential,Real Estate,MAA
2017Q2,2017,Q2,2017-07-27,2017-06-30,48315000.0,382791000.0,85976000.0,0.43,110462000.0,0.288570003,11534129000.0,6308749000.0,98884000.0,555164000.0,4991479000.0,0.0,-817616000.0,11950408140.0,16483801140.0,55.63123550523355,0.17811673667600925,0.39648004630432,0.7248746146026732,0.007804102467276446,55.63123550523355,0.0076584121511253656,31.219146061427775,61.83591089723688,1.8942595655652175,2.064224360964504,0.0,0.008345572706105081,0.033187681531912816,0.07143654847936826,0.0041888728659095105,80.34860110803324,0.2885700029520025,0.19444444444444448,-0.3799473959097402,0.11632977041245854,1.7161904159952281,0.026236087627046212,0.1529650399713638,0.1071391779128464,0.010070708499544261,0.03448084172191505,0.43757178934285823,REIT—Residential,Real Estate,MAA
2017Q1,2017,Q1,2017-04-27,2017-03-31,41905000.0,378908000.0,77656000.0,0.36,107638000.0,0.2840742344,11559699000.0,6360194000.0,58499000.0,952131000.0,4963735000.0,0.0,-765749000.0,11531008120.0,16054233120.0,56.11704812154794,0.061440074947670016,0.39423033419814824,0.7165165087731601,0.007007123988616657,56.11704812154794,0.006588635503885574,30.432210774119312,68.79255530366305,1.8129962891069045,2.3795012528337907,0.0,0.008647379219779788,0.03277836213555388,0.03566631062322306,0.0036250943904335225,94.38803038488614,0.2840742343787938,-0.20000000000000004,-0.3885988986546618,0.10399361895552328,1.6564828250309171,0.08511517717626897,0.06395673589600366,-0.05418671213689787,3.114440705328466,0.027073365504286535,0.43844603009564004,REIT—Residential,Real Estate,MAA
2016Q4,2016,Q4,2017-02-24,2016-12-31,39386000.0,307198000.0,82105000.0,0.45,99195000.0,0.3229024929,11604491000.0,6413892000.0,121800000.0,916214000.0,4952317000.0,0.0,-707479000.0,8627633280.0,13093809280.0,72.79496986686945,0.13293837465919534,0.3877560851225616,0.7015571824408643,0.007434520836380133,72.79496986686945,0.006140733270843975,28.084926594574185,54.763325039354086,1.345147888364818,1.5963032549636926,0.0,0.00728728238203467,0.0264723373045832,0.03660280240205891,0.0033940308110023956,108.14823104693141,0.3229024928547712,-0.5982142857142858,-0.5292859696603033,0.18917047909928905,3.0033985510728027,0.06326305296217294,-0.5326712466925332,0.042100319845661774,3.0936608295994232,0.10326535540617204,0.8453783712329153,REIT—Residential,Real Estate,MAA
2016Q3,2016,Q3,2016-10-28,2016-09-30,84279000.0,276898000.0,78788000.0,1.12,93293000.0,0.336921899,6881313000.0,2992690000.0,58854000.0,474045000.0,3724373000.0,0.0,-647390000.0,7077634980.0,10483974980.0,39.74250351916284,0.12415277030661646,0.49905548548656337,1.147515111822474,0.01219691581538629,39.74250351916284,0.02816162048190758,25.560440956597738,20.994657565941694,2.3649743140786383,0.734821248472336,0.0,0.008750098044756753,0.0402391229697007,0.05868008311447225,0.012247517297934276,54.4132094532259,0.3369218990386352,0.8666666666666669,2.0249841625322644,0.18333987920227177,1.263345779721155,-0.0026299190711895574,0.8668926103136629,0.012777335012983006,0.0803167720429316,0.15201118300494704,0.7066155643384655,REIT—Residential,Real Estate,MAA
2016Q2,2016,Q2,2016-07-29,2016-06-30,45144000.0,272236000.0,77794000.0,0.6,93539000.0,0.3435952629,6869381000.0,2966113000.0,51410000.0,406122000.0,3739693000.0,0.0,-670954000.0,8009472800.0,11472618800.0,39.40264622660308,0.1265875771319948,0.5079678940504246,1.1764302304059218,0.01193645299692524,39.40264622660308,0.015219919133222504,29.42106407675693,44.35513468013468,2.700326251899371,1.3715443912812333,0.0,0.0077304713488757955,0.039630353884869685,0.06470715696268609,0.006571771168319242,75.6295588457471,0.34359526293363113,0.03448275862068969,1.9739817805484505,0.20569281662047614,1.3499706566983214,0.005709186306554275,0.039872849146569,0.014144363764356203,-0.5662631445328454,0.15242015545325135,0.7081416337444676,REIT—Residential,Real Estate,MAA
2016Q1,2016,Q1,2016-05-06,2016-03-31,43413000.0,269016000.0,76709000.0,0.58,93008000.0,0.3457340827,6827921000.0,2980142000.0,49824000.0,345003000.0,3683275000.0,0.0,-653756000.0,7691200290.0,11106979290.0,39.60374224242182,0.1444161355118651,0.5043940900897945,1.1556372146025256,0.011865995438512102,39.60374224242182,0.014567426652823927,28.59012211169596,44.29088228180499,2.580816716116212,1.4248496993987976,0.0,0.008042567826562218,0.039399401369758086,0.08169204325759487,0.006358157922448136,87.50441196882645,0.34573408273113865,0.017543859649122823,1.3292472668443165,0.18923899755905296,1.3568211067538145,0.012254848610173919,0.009909972782469119,-0.0007034639083933666,0.1626562280876215,0.14416118014880103,0.8033543486206617,REIT—Residential,Real Estate,MAA
2015Q4,2015,Q4,2016-02-26,2015-12-31,42987000.0,263338000.0,76763000.0,0.57,91882000.0,0.3489128041,6847781000.0,3000347000.0,63641000.0,307159000.0,3681708000.0,0.0,-634141000.0,6829184430.0,10219193430.0,39.89663976171163,0.20719236616866182,0.5005370352819403,1.1423905301620112,0.011875637020576738,39.89663976171163,0.014327342804015668,25.93315218464483,39.71656797403866,2.276131537452168,1.350245423034871,0.0,0.008499257941405457,0.03845596113543935,0.12227868953864285,0.006277507998576473,78.96380216222467,0.3489128040768898,-0.5327868852459017,0.4704754171983528,0.19671426028475564,1.7474532351970111,0.05247362573166401,-0.5313951206749951,0.05548069519304807,-0.4531238024314339,0.12869457323830327,0.8534893271588937,REIT—Residential,Real Estate,MAA
2015Q3,2015,Q3,2015-10-30,2015-09-30,91734000.0,261998000.0,72728000.0,1.22,87301000.0,0.3332124673,6887341000.0,3011048000.0,134197000.0,438220000.0,3708754000.0,0.0,-614500000.0,6155723430.0,9535982430.0,40.04638976446023,0.3062320295741865,0.49730875819855586,1.137522550288139,0.011240429448016464,40.04638976446023,0.03046580459693768,23.495306948908006,16.776013882529924,2.0443790434426816,0.6356421828329736,0.0,0.009472485348484865,0.038040515200278305,0.10240518461046963,0.013319218548929115,55.79930410899301,0.33321246727074255,-0.32596685082872934,5.021952172006763,0.1449195026088114,1.86609804669395,0.04378340247970444,-0.3269649814011842,0.03903080176010058,-0.18168885955374056,0.13505455931905455,0.8543582276371805,REIT—Residential,Real Estate,MAA
2015Q2,2015,Q2,2015-07-31,2015-06-30,136299000.0,258891000.0,69996000.0,1.81,83639000.0,0.3230664643,6843413000.0,2982914000.0,147701000.0,386018000.0,3694830000.0,0.0,-647413000.0,5472982080.0,8885196080.0,39.683296083439764,0.38262723499940415,0.5030010610202833,1.1539870073357796,0.01086400256799407,39.683296083439764,0.04569323822275802,21.140101741659617,10.038558756850747,1.834777026759739,0.4246986404889251,0.0,0.010576683634966333,0.03783068477673348,0.07779429974768017,0.019916816360491467,58.17803280431154,0.32306646426488367,1.207317073170732,7.338810098412589,0.06660082073378519,1.5537306092662988,-0.007899887313919697,1.2246723358414808,0.015803909617310288,1.6389476195481214,0.13904082466192283,0.9375336089165212,REIT—Residential,Real Estate,MAA
2015Q1,2015,Q1,2015-05-01,2015-03-31,61267000.0,257811000.0,68907000.0,0.82,84305000.0,0.3270031147,6799682000.0,2898523000.0,220574000.0,381902000.0,3739976000.0,0.0,-726062000.0,5806454150.0,9267616150.0,38.57240002661521,0.5775670198113653,0.5117140772171405,1.200436567175765,0.010718714384726394,38.57240002661521,0.02113731717843881,22.522135013634017,23.693236775099155,2.003245842796486,0.9440645045456771,0.0,0.009961328980785977,0.037915155444034,0.04799922493205063,0.009010274304004216,68.83110256288674,0.3270031146847885,0.7826086956521737,1.5233941536517146,0.02541014073931337,1.533458124451086,0.00581020783125343,0.7745691527878349,0.009241900521413089,0.3482252074620294,0.1329472451429105,0.8259498961703219,REIT—Residential,Real Estate,MAA
2014Q4,2014,Q4,2015-02-25,2014-12-31,34525000.0,252474000.0,68276000.0,0.46,83818000.0,0.33198666,6831028000.0,2896435000.0,90034000.0,283873000.0,3773306000.0,0.0,-729086000.0,5609513520.000001,9108627520.0,38.56052134089517,0.31716295667428746,0.5159567491159457,1.2168458812298566,0.010397856183015669,38.56052134089517,0.011919825578685522,22.218182941609832,40.61921448225923,1.9366958070869882,1.5889934829833454,0.0,0.009779814203924049,0.03695988363684061,0.08948015485798226,0.005054144120035813,133.62347594092427,0.33198666001251614,-0.4831460674157303,-0.2995337251429693,-0.006767711765438828,1.5402159652948693,0.07561019428688756,-0.4845168418537984,0.08252604207956113,-0.5159966847903359,0.14641478553000034,1.120656627059202,REIT—Residential,Real Estate,MAA
2014Q3,2014,Q3,2014-10-31,2014-09-30,66976000.0,248781000.0,63071000.0,0.89,77926000.0,0.3132313159,6783014000.0,2918001000.0,183286000.0,248938000.0,3702054000.0,0.0,-705022000.0,4927557700.0,8269805700.0,38.876615417410534,0.7362716821055845,0.505676974866925,1.1754670406213021,0.009870630645262501,38.876615417410534,0.022952699467889148,19.806808799707373,18.392997864906835,1.6886758092269334,0.8194577161968466,0.0,0.011138175003004023,0.03667705831065659,0.35256168202524324,0.009874076627292823,69.6809449063861,0.3132313158963104,1.119047619047619,0.9121983401638323,-0.0054065235380935705,1.5916525329026803,0.008085277033932291,1.1186220858507576,0.0946595622819654,1.4117509655680405,0.06663643384278076,1.2140332300005046,REIT—Residential,Real Estate,MAA
2014Q2,2014,Q2,2014-08-01,2014-06-30,31613000.0,244554000.0,57617000.0,0.42,77301000.0,0.316089698,6783121000.0,2900342000.0,125136000.0,252294000.0,3720512000.0,0.0,-717642000.0,5474951400.0,8924046400.0,38.698057319741686,0.49599277033936595,0.5123619348674452,1.1982769618203646,0.008861231061146136,38.698057319741686,0.010899749064075892,22.38749478642754,43.29667699996837,1.8876916584320056,1.7319773510897416,0.0,0.01000063671798073,0.036053315280679794,0.10431480732795866,0.004660539005569855,70.28269169052234,0.31608969798081404,3.6718576195773083,-0.41591130762500134,-0.028876361983281407,1.5828971171136672,0.37764431216695477,3.702915798869384,0.48386515233459526,1.0917329247757892,0.08784781535393547,1.3079490308755988,REIT—Residential,Real Estate,MAA
2014Q1,2014,Q1,2014-05-02,2014-03-31,6722000.0,243487000.0,38829000.0,0.0899,56111000.0,0.2304476214,6785663000.0,2918235000.0,193912000.0,213171000.0,3703689000.0,0.0,-694150000.0,5106800810.0,8447958810.0,39.01227223507079,0.9096546903659504,0.5103493940091042,1.1866964106728897,0.005849847444089083,39.01227223507079,0.0023034471178640516,20.9736076669391,189.92862280571256,1.7499621552068285,8.131657244867599,0.0,0.010703570010595341,0.03588256593349832,0.571846076623931,0.0009906180133024585,49.42224726604084,0.23044762143358782,1.428095238095238,-0.8867136143654212,-0.02331314540609293,1.6482096450924335,0.030277991994418125,1.4207297990861865,-0.07879003558718861,-0.6371926960593667,0.08280069834799456,1.321622690684851,REIT—Residential,Real Estate,MAA
2013Q4,2013,Q4,2014-02-21,2013-12-31,-15977000.0,236482000.0,42150000.0,-0.21,54462000.0,0.2303008263,6841925000.0,2951861000.0,172455000.0,221257000.0,3723338000.0,0.0,-653593000.0,4545218297.24,7928603297.24,39.44717842240365,0.7794329670925666,0.5075644646791656,1.176450381640599,0.006654031727882076,39.44717842240365,-0.005412517730340283,19.22014486193452,-71.12127272391562,1.5397805984902406,-3.2473555736371034,0.0,0.011414853282515604,0.03456366446577535,0.4037521976705822,-0.002335161522524728,58.43084148249087,0.23030082627853282,-1.21,-1.3877141924493306,-0.0641415361551369,1.688062011988971,0.15173303444921438,-1.3607849336103333,0.12960283003698345,-1.549251274626729,0.08001610120871767,1.7165014052145076,REIT—Residential,Real Estate,MAA
2013Q3,2013,Q3,2013-11-07,2013-09-30,44284000.0,136440000.0,37314000.0,1.0,47287000.0,0.3465772501,3028257000.0,995416000.0,239684000.0,466245000.0,1993197000.0,0.0,-567662000.0,2671561125.0,4350658125.0,23.287320442649428,0.5140730731696854,0.6142814166697212,1.8687684345037652,0.034944950718060426,23.287320442649428,0.0444879326834208,19.580483179419524,15.08197726605546,2.6838639573806327,0.6706485412338542,0.0,0.011116721126865476,0.04505562110481376,0.38843311992621904,0.01462359370423316,57.481359059319665,0.34657725007329226,-0.27536231884057966,1.2980134299184996,-0.0618067041616777,0.3434992563066978,-0.007201343690951081,-0.25055424867572645,-0.038175022554452896,4.113556088277423,0.0487884569055941,0.6666606909131758,REIT—Residential,Real Estate,MAA
2013Q2,2013,Q2,2013-08-02,2013-06-30,59089000.0,134112000.0,38795000.0,1.38,47630000.0,0.3551509186,2834217000.0,985818000.0,27662000.0,231369000.0,1816899000.0,0.0,-582884000.0,2879133347.5800004,4561882347.58,23.06755215621516,0.11955793559206289,0.5968283303642593,1.7158755470076628,0.05049248762978927,23.06755215621516,0.059939055687763865,21.468126249552615,12.181342329282947,2.920552624906423,0.5025808526121613,0.0,0.010314562201490681,0.04731888913234237,0.037999904913795714,0.020848438916286228,53.84375650022442,0.3551509186351706,1.8749999999999998,1.1273157886242493,-0.10085309728303121,0.31129333277019783,0.010030324236062515,1.7898489140698772,0.005651035591155352,5.3585167114606636,-0.028169863713075546,0.4844612175941831,REIT—Residential,Real Estate,MAA
2013Q1,2013,Q1,2013-05-03,2013-03-31,21180000.0,133367000.0,38577000.0,0.48,47157000.0,0.353588219,2775008000.0,937375000.0,8873000.0,209108000.0,1807504000.0,0.0,-612128000.0,2954112715.62,4637141715.62,21.96115382022046,0.042432618551179295,0.6094587835422457,1.8042437658354447,0.014160251515367029,21.96115382022046,0.02259501266835578,22.150252428411825,34.86913025991501,3.1514737598293103,1.3889518413597735,0.0,0.009958320088617825,0.04806004162870882,0.03932895919811772,0.0076324104290870515,88.40413920337562,0.3535882189747089,-0.5428571428571429,0.6560665711841861,-0.13096388809355258,0.46422927859048324,2.0148055693042672,-0.5252611287936522,0.03465200482767869,0.5357704574956963,-0.06613000301980891,0.4424216157088274,REIT—Residential,Real Estate,MAA
2012Q4,2012,Q4,2013-02-22,2012-12-31,44614000.0,132422000.0,37285000.0,1.05,-46469000.0,-0.3509160109,2751068000.0,918765000.0,9883000.0,122305000.0,1801245000.0,0.0,-603315000.0,2763745099.5,4428518099.5,21.52515214256285,0.08080618126814113,0.6084357056968421,1.8218456297312153,0.02876248788384537,21.52515214256285,0.048558662987815165,20.87073975245805,15.486983343233067,3.0081088194478456,0.6252297485094365,0.0,0.010092826579790739,0.048134760754732345,0.07419974653530109,0.016216974644029155,52.19931816378952,-0.35091601093473895,-0.2657342657342657,0.7613901429864199,-0.1264947889143771,0.3758282682129727,-1.6256091978782412,-0.2772954059482926,0.04747857845202978,0.5928958581458078,-0.08323718720511761,0.4179926314935519,REIT—Residential,Real Estate,MAA
2012Q3,2012,Q3,2012-11-02,2012-09-30,61732000.0,127110000.0,35595000.0,1.43,74278000.0,0.5843600031,2775835000.0,894175000.0,14721000.0,106712000.0,1850463000.0,0.0,-596027000.0,2655716700.0,4348552700.0,21.595821760656925,0.13795074593297849,0.6146827891427264,1.908192467917354,0.027376210038866602,21.595821760656925,0.06903794000055917,20.893058767996223,10.755024541566772,2.970018956020913,0.4393669409706473,0.0,0.010213062259238721,0.045791626663688585,0.12577779443736412,0.022239074008361448,-15.099079517414689,0.5843600031468806,1.0724637681159421,0.5887812274529423,-0.13647034283422868,0.2857782127100012,0.0173117484318076,1.1921875,0.09597265841492703,2.1949809773646862,-0.0788034242883316,0.4396537755459083,REIT—Residential,Real Estate,MAA
2012Q2,2012,Q2,2012-08-03,2012-06-30,28160000.0,123922000.0,32478000.0,0.69,73014000.0,0.5891932022,2599088000.0,839387000.0,23379000.0,95523000.0,1733125000.0,0.0,-624304000.0,2796679920.0,4363759920.0,20.481345923919672,0.24474733833736378,0.6115302752350055,1.8935496975769222,0.02287977162707904,20.481345923919672,0.03354829178912706,22.568066364325947,24.82847940340909,3.331812286823599,0.9591264204545454,0.0,0.009657522767210344,0.04767903202969657,0.23388084545083382,0.01083456966443614,-51.49759552175594,0.589193202175562,0.14999999999999997,-0.04717355160133403,-0.11886082633851519,0.13223594624909965,0.04621072088724584,0.17873587275010464,0.051782764985912756,-0.04851479464489692,-0.10007882518406437,0.3670249362753542,REIT—Residential,Real Estate,MAA
2012Q1,2012,Q1,2012-05-04,2012-03-31,23890000.0,119631000.0,30879000.0,0.6,69789000.0,0.5833688592,2527410000.0,834526000.0,64566000.0,83438000.0,1663692000.0,0.0,-625266000.0,2648020150.0,4146250150.0,21.124566510568282,0.7738200819770369,0.6093415789286265,1.8454260262712006,0.019599073422126616,21.124566510568282,0.02862702899610078,22.134899398985212,27.710549916282964,3.173082863805322,1.0767266638760988,0.0,0.009714049947844996,0.047333436205443516,0.5012823893190154,0.009452364278055401,116.73000440819925,0.5833688592421696,-0.3684210526315789,0.339716643588033,-0.10614421020219814,0.17741208056589006,0.02698844823780443,-0.36320503251945835,0.1522874841406075,-0.2376361190897242,-0.0913633579326213,0.4339662259250107,REIT—Residential,Real Estate,MAA
2011Q4,2011,Q4,2012-02-24,2011-12-31,37516000.0,115826000.0,26798000.0,0.95,67955000.0,0.586699014,2530468000.0,718331000.0,58679000.0,93809000.0,1787006000.0,0.0,-621833000.0,2471037750.0,4063475750.0,18.18329325401848,0.6255156754682386,0.6519564760352631,2.2966501515318147,0.02263262398409517,18.18329325401848,0.05222661976164192,21.334050644932915,16.466559268045632,3.4399709186990393,0.6316504957884636,0.0,0.009589898009449673,0.04577256064886021,0.6109968126725581,0.014825716033555848,-33.1611700842772,0.5866990140382988,0.2837837837837837,1.772157119946963,-0.1335242341581442,0.015806758613570324,0.04692723659276834,1.720324849539555,0.027767124338421417,0.7244908064990799,-0.1317475173906759,0.2390701135983583,REIT—Residential,Real Estate,MAA
2011Q3,2011,Q3,2011-11-04,2011-09-30,13791000.0,115827000.0,26074000.0,0.74,64909000.0,0.560396108,2412027000.0,654501000.0,37200000.0,96467000.0,1733728000.0,0.0,-614762000.0,2244640280.0,3808275280.0,17.559183344958953,0.3856240994329667,0.6583214035332109,2.426106300830709,0.023255544307636048,17.559183344958953,0.0210710144063951,19.37924905246618,40.69031034732797,3.429544462116941,1.6871147850047132,0.0,0.01036558071567708,0.04802060673450173,0.2514227663346015,0.005717597688583088,-48.1455167088499,0.5603961079886383,2.8947368421052633,-0.21171799046397421,-0.09911096522968324,-0.020003097769266242,0.029060181368507833,0.8566235864297254,0.13850318749454196,-0.1793072897801064,-0.08664519161255273,0.013029808363016586,REIT—Residential,Real Estate,MAA
2011Q2,2011,Q2,2011-08-09,2011-06-30,7428000.0,110489000.0,22902000.0,0.19,63076000.0,0.5708803591,2313521000.0,617640000.0,14465000.0,85277000.0,1673221000.0,0.0,-605316000.0,2485324920.0,4008420920.0,16.767292865674882,0.16962369689365245,0.6638945572570986,2.486778706042355,0.010300226343712004,16.767292865674882,0.012026423159121818,22.493867443817937,83.64717689822294,4.0239053817757915,3.094776521270867,0.0,0.00924949483063969,0.047757941250587306,0.15054469552165298,0.003210690544844849,-20.250840646312547,0.5708803591307732,-0.1739130434782609,-0.20763514130668684,-0.13588101383790077,-0.09983869193393922,0.02167222780135411,-0.16010854816824965,-0.046703296703296704,-0.6897441447763839,-0.140581249949863,-0.04684991305240004,REIT—Residential,Real Estate,MAA
2011Q1,2011,Q1,2011-05-05,2011-03-31,8844000.0,107338000.0,24024000.0,0.23,61738000.0,0.5751737502,2201747000.0,600005000.0,48599000.0,74947000.0,1578479000.0,0.0,-589191000.0,2292346642.8,3696906642.8,16.803881350574944,0.6484449010634181,0.6593773035684845,2.419616503195807,0.011311063242797553,16.803881350574944,0.01473987716769027,21.356338321936317,64.7994867367707,3.820545900117499,2.4961555857078244,0.0,0.009630306162175866,0.04875128704615017,0.6300719174883584,0.004016810287467179,-200.92441430449648,0.5751737502096183,-0.41025641025641024,0.06950981520846092,-0.15395881959664,0.005354987656980342,-0.15736747283943878,-0.36282420749279537,0.1723027375201288,-0.17336551575153153,-0.1639044923420177,0.12037533496158663,REIT—Residential,Real Estate,MAA
2010Q4,2010,Q4,2011-02-24,2010-12-31,13880000.0,104480000.0,20493000.0,0.39,73268000.0,0.7012633997,2176048000.0,518503000.0,47456000.0,75814000.0,1635420000.0,0.0,-575021000.0,2266995145.66,3721246145.66,14.52131714221908,0.6259529902128894,0.6894117225355323,2.8933159499559307,0.020303205633735836,14.52131714221908,0.026769372597651317,21.697886156776416,40.83204513076369,4.37219292011811,1.201657060518732,0.0,0.007357316151263381,0.04801364675779211,0.6059830638140713,0.0063785357675933615,-51.12984676034101,0.7012633996937213,-0.025000000000000022,0.19169992240210687,-0.16963333199177316,-0.113401980476222,1.460474175565854,1.0566009779226553,-0.14298260287721645,-0.3449313517485131,-0.17614369263626606,-0.07183751902754767,REIT—Residential,Real Estate,MAA
2010Q3,2010,Q3,2010-11-04,2010-09-30,6749000.0,101384000.0,23912000.0,0.4,29778000.0,0.2937149846,2189851000.0,465450000.0,102517000.0,82129000.0,1704368000.0,0.0,-559610000.0,1941423360.0,3392535360.0,13.972442363112393,1.2482436167492603,0.708360066506808,3.3326952411644646,0.023714540875400973,13.972442363112393,0.014499946288537974,19.149208553617928,71.91522299599941,4.171067483080889,3.331752852274411,0.0,0.011582223879288235,0.046297213828703415,1.2187047206224355,0.0030819448446492478,-16.646003258166854,0.2937149846129567,-0.06976744186046505,-0.3961801445041009,-0.12739478980072638,-0.13107243403826385,-0.04880853510509168,0.013363363363363363,0.029314278334983426,-0.7841036692054343,-0.14391075334130177,-0.16810473026011558,REIT—Residential,Real Estate,MAA
2010Q2,2010,Q2,2010-08-05,2010-06-30,6660000.0,98901000.0,23231000.0,0.43,31306000.0,0.316538761,1998044000.0,475939000.0,25975000.0,69091000.0,1500140000.0,0.0,-541725000.0,1576423160.0,2914373160.0,15.539343084759045,0.37595345269282543,0.6822647549303219,2.864222095688733,0.025262977031581167,15.539343084759045,0.013993389909211054,15.939405668294556,59.175043543543545,3.3122378287973877,3.456906906906907,0.0,0.014604581170959198,0.04949890993391537,0.36538767712147746,0.0033332599282097893,-36.1432309244314,0.31653876098320544,-0.328125,-0.7166645856513619,-0.05376463207400006,-0.050601738082634164,0.015340706386014985,-0.29239269018274544,-0.022634523959779544,-0.6984630830815043,-0.0590167647547624,-0.14096452025090242,REIT—Residential,Real Estate,MAA
2010Q1,2010,Q1,2010-05-06,2010-03-31,9412000.0,97464000.0,23769000.0,0.64,30833000.0,0.3163527046,1955991000.0,443510000.0,33173000.0,66513000.0,1489584000.0,0.0,-523298000.0,1508642700.0,2835046700.0,15.225197391005835,0.49874460631756196,0.6946519692575273,3.063590448918852,0.02637713116377758,15.225197391005835,0.021221618452797006,15.478973774932284,40.072319910752235,3.4015979346576177,2.3978963025924354,0.0,0.014959804597868004,0.04982845013090551,0.4860553575992663,0.004811883081261621,98.21253173621508,0.31635270458836084,-0.030303030303030328,-0.21845741006050168,-0.019869399984958812,-0.11698606057700313,1.7510901074273464,-0.4943047496238986,0.08183514632925219,-0.2842022927223159,-0.012403511168402511,-0.15139885458940494,REIT—Residential,Real Estate,MAA
2009Q4,2009,Q4,2010-02-25,2009-12-31,18612000.0,95987000.0,21971000.0,0.66,-41051000.0,-0.4276724973,1986826000.0,430566000.0,14380000.0,71230000.0,1533600000.0,0.0,-510993000.0,1369413920.0,2755190920.0,15.180016922859963,0.20188122981889653,0.7044381339885828,3.250595727484288,0.024009896391685544,15.180016922859963,0.043226822368696086,14.266660276912498,18.394233827638082,3.1804971131022888,1.2040081667741243,0.0,0.016363934726178333,0.0483117293613029,0.1940053348308297,0.009367705073317946,-15.742018369716407,-0.4276724973173451,0.4042553191489363,-0.42875971064068225,0.031048635689369004,-0.11092872269890627,-1.7765691801293935,0.40616500453309157,0.01020736585590142,0.9154858477808372,0.00010907924687516684,-0.1519707915010536,REIT—Residential,Real Estate,MAA
2009Q3,2009,Q3,2009-08-06,2009-09-30,13236000.0,94524000.0,21749000.0,0.47,52862000.0,0.5592442131,1911872000.0,425480000.0,17590000.0,77634000.0,1462357000.0,0.0,-499040000.0,1280067320.0,3891892320.0,15.000705119165138,0.22657598474895022,1.3747332457403005,6.177291529566607,0.014243920840763981,15.000705119165138,0.031108395224217354,13.542246625195718,24.177759897249928,3.008525242079534,1.6622091266243577,0.0,0.017187377301375057,0.049440548321226525,0.21239405415153154,0.006923057610551334,56.74560333362887,0.559244213109898,-0.3472222222222222,0.5155995285272837,0.0037034152947511565,-0.12759763711923572,0.6611778015209604,-0.3478517934568388,-0.1132267797439452,-0.0057831043428577195,-0.03385544941056179,-0.16279451844331147,REIT—Residential,Real Estate,MAA
2009Q2,2009,Q2,2009-05-07,2009-06-30,20296000.0,94433000.0,24526000.0,0.72,31822000.0,0.3369796575,1904134000.0,421081000.0,6767000.0,69484000.0,1458502000.0,0.0,-484312000.0,1031734550.0,2349302550.0,14.982423056395659,0.09738932703931841,0.695144354336407,3.1434522099073576,0.028114394842981345,14.982423056395659,0.048199752541672504,10.925572098736671,12.708594673827355,2.450204473723583,1.086125344895546,0.0,0.021365960847196597,0.04959367355448724,0.0875021587703644,0.0106589137109048,112.35266797342916,0.3369796575349719,-0.08860759493670893,0.46650367326737197,0.018663560625294014,-0.16191122882235537,0.0011955700981625976,-0.08896669359906634,-0.02224525594004146,1.837609570260297,-0.03201825750830508,-0.1956604059768482,REIT—Residential,Real Estate,MAA
2009Q1,2009,Q1,2009-03-31,2009-03-31,22278000.0,93600000.0,25084000.0,0.79,31784000.0,0.3395726496,1939815000.0,413736000.0,48429000.0,64828000.0,1501259000.0,0.0,-473661000.0,865860550.0,2172440550.0,14.731564892291258,0.7470383167767014,0.6981315228514059,3.2732128700427325,0.02837585450530605,14.731564892291258,0.053845930738441905,9.250646901709402,9.716542665409822,2.0927851335150915,0.9894963641260436,0.0,0.02545906497299132,0.04825202403321966,0.7352687110507805,0.011484600335599013,41.10227617962594,0.3395726495726496,0.4363636363636363,0.5721898496985359,0.0044134588334264905,-0.1677889150433112,1.9033138179957938,0.4404500193973878,0.03768667521615025,2.425177442287365,-0.062039202572436496,-0.11862908744289936,REIT—Residential,Real Estate,MAA
2008Q4,2008,Q4,2009-02-25,2008-12-31,15466000.0,94838000.0,24173000.0,0.55,-35186000.0,-0.3710116198,1921955000.0,412146000.0,9840000.0,68216000.0,1479338000.0,0.0,-464617000.0,1043638599.9999999,2357268600.0,14.674951041481219,0.14424768382784098,0.6883907271502194,3.2101633887020617,0.027861885820786282,14.674951041481219,0.037525537066961705,11.004434931145742,16.86988555541187,2.53220606290004,1.4242855295486874,0.0,0.021106923411993387,0.04934454760907513,0.13817872639849887,0.00804701462833417,62.673468652414115,-0.37101161981484215,0.2222222222222223,0.28160678643333653,0.04943974609259939,-0.1861014327135223,-1.6680336428015416,0.24866785079928952,0.05618910298422685,0.6882092894689992,-0.041725425368827423,-0.10402187332178851,REIT—Residential,Real Estate,MAA
2008Q3,2008,Q3,2008-11-06,2008-09-30,12386000.0,93473000.0,22887000.0,0.45,52671000.0,0.5634889219,1975035000.0,476216000.0,47943000.0,99126000.0,1467210000.0,0.0,-452420000.0,1350072360.0,4018803360.0,17.333333333333332,0.483657163609951,1.373342750887959,5.695734708619618,0.014355444493786645,17.333333333333332,0.026009205906563408,14.443447412621827,27.24996689811077,2.8350000000000004,1.7440658808331988,0.0,0.016000623848043228,0.0473272625548408,0.44054032241793273,0.006271281268433218,-17.000218598501544,0.5634889219346764,-0.3076923076923077,-0.3623630783590927,0.031998641721834975,-0.10504761555482213,-0.02738486538390516,-0.28354928273947244,-0.06644640234948605,0.3436243052780394,-0.02453121765816868,0.07793689549217765,REIT—Residential,Real Estate,MAA
2008Q2,2008,Q2,2008-07-31,2008-06-30,17288000.0,92834000.0,24516000.0,0.65,54154000.0,0.5833423099,1841363000.0,467915000.0,13810000.0,87051000.0,1341967000.0,0.0,-438251000.0,1357612960.0,2591462960.0,17.591450806421292,0.15864263477731444,0.6754925563291975,2.65823279869207,0.028644503669361387,17.591450806421292,0.03694688137802806,14.624092035245708,19.63230217491902,2.9014093585373413,1.2054604349838038,0.0,0.01535047219938148,0.05041591473272788,0.11461097517547185,0.009388697394267181,-150.8123705843146,0.5833423099295517,0.08333333333333341,0.13464205332883317,0.06962118761198093,-0.006659171576124526,-0.4122894599756902,1.2513348092199506,-0.022565983573877683,-0.15311446625912117,0.022725033909721117,0.07477470116492967,REIT—Residential,Real Estate,MAA
2008Q1,2008,Q1,2008-05-01,2008-03-31,7679000.0,92144000.0,25082000.0,0.6,92144000.0,1.0,1799884000.0,384380000.0,7059000.0,1569000.0,1386666000.0,0.0,-426789000.0,1277299520.0,2542013520.0,14.998439207117215,4.499043977055449,0.7065860911036489,3.308634684426869,0.030289472047570484,14.998439207117215,0.01997762630730007,13.861993401632228,41.58417502278943,3.323012435610594,2.6718322698268,0.0,0.016062794731184115,0.05119441030644197,4.499043977055449,0.0042663860559902745,-252.88052266877847,1.0,0.0169491525423729,-0.38521858424467986,0.10504501445410833,-0.18706058047269222,0.012315568592553531,-0.4950683850604945,0.007552020567204949,-0.27522839855073566,0.05325261854569963,-0.1301373276581235,REIT—Residential,Real Estate,MAA
2007Q4,2007,Q4,2008-02-27,2007-12-31,15208000.0,91023000.0,24894000.0,0.59,91023000.0,1.0,1783822000.0,400956000.0,17192000.0,1099000.0,1353998000.0,0.0,-414966000.0,1095597000.0,2343025000.0,15.645231777743094,15.643312101910828,0.7089384478944648,3.15401191153144,0.029892361561405782,15.645231777743094,0.0379293488562336,12.036485283939225,18.010208442924775,2.7324619160207106,1.3332456601788532,0.0,0.018506804965694502,0.051026952240750476,15.643312101910828,0.008525514317011451,60.476760874365205,1.0,-0.36559139784946243,0.7134475660414932,0.014869794334548495,-0.17871681924678517,0.00952708398030256,-0.36100840336134454,0.027828241123038812,-0.4834044606473732,0.08210808062398459,-0.08368177249112858,REIT—Residential,Real Estate,MAA
2007Q3,2007,Q3,2007-11-01,2007-09-30,23800000.0,90164000.0,24220000.0,0.93,90164000.0,1.0,1789997000.0,425978000.0,4092000.0,1931000.0,1333858000.0,0.0,-403481000.0,1283824440.0,2527328440.0,16.795915148647584,2.1191092698083893,0.6969536820452772,2.9286606350562705,0.028944926361932282,16.795915148647584,0.055871429979952016,14.23876979725833,13.485550840336133,3.013828038067693,0.8580672268907563,0.0,0.015907159393226695,0.050371034141398,2.1191092698083893,0.0132961116694609,-41.07975297580955,1.0,0.2916666666666668,1.1722861446632016,0.07390441674850932,-0.16435182226540473,0.03900713306214637,0.3051107699056811,0.08795256490881323,2.047815255666458,0.0707312036442714,-0.023192846867956137,REIT—Residential,Real Estate,MAA
2007Q2,2007,Q2,2007-08-02,2007-06-30,18236000.0,86779000.0,22262000.0,0.72,86779000.0,1.0,1761108000.0,457442000.0,4343000.0,647000.0,1271580000.0,0.0,-396652000.0,1327114240.0,2518392240.0,18.089291363492567,6.712519319938176,0.6788737544772949,2.6135991010882256,0.026935073671576493,18.089291363492567,0.03986516323380888,15.293034489911154,18.19360386049572,2.9011639508396687,1.117898661987278,0.0,0.0153611493159775,0.04927522900355912,6.712519319938176,0.010354844790893006,-182.22082109021008,1.0,-0.20000000000000004,0.2694544680293084,0.05598755975882872,-0.15186755694367435,0.021037521619936227,0.6103850229600848,0.027366283630993585,0.4644393541529782,0.04037697519538731,0.011881183253079918,REIT—Residential,Real Estate,MAA
2007Q1,2007,Q1,2007-05-03,2007-03-31,11324000.0,84991000.0,21669000.0,0.9,84991000.0,1.0,1733113000.0,450099000.0,6375000.0,1690000.0,1250222000.0,0.0,-387020000.0,1411394620.0,2588707620.0,17.94152349822617,3.772189349112426,0.6829837408178232,2.6298392131508845,0.026526101627690757,17.94152349822617,0.025158909484357887,16.606400913037852,31.159365506888022,3.1357426255112766,1.7814376545390322,0.0,0.01429295514814985,0.04903950290604248,3.772189349112426,0.006533907483239697,83.55897341779647,1.0,1.647058823529412,-0.08383745495906801,0.05681118477446142,-0.19787797774344484,0.0012133634907171803,0.3176634861531301,0.01309084108653981,-0.10534756653177305,0.021022499264825252,0.013547090577451251,REIT—Residential,Real Estate,MAA
