Quarters,Year,Quarter,FillingDate,Date,NetIncome,Revenue,OperatingIncome,EPSDiluted,GrossProfit,GrossProfitRatio,TotalAssets,CommonStockEquity,CurrentAssets,CurrentLiability,TotalLiability,Inventory,RetainedEarnings,MarketCap,EnterpriseValue,bookValuePerShare,currentRatio,debtToAssets,debtToEquity,roic,shareholdersEquityPerShare,roe,priceToSalesRatio,peRatio,pbRatio,payoutRatio,inventoryTurnover,dividendYield,assetTurnover,quickRatio,returnOnAssets,priceToFreeCashFlowsRatio,grossProfitMargin,epsdilutedGrowth,fiveYNetIncomeGrowthPerShare,fiveYRevenueGrowthPerShare,fiveYShareholdersEquityGrowthPerShare,grossProfitGrowth,netIncomeGrowth,operatingIncomeGrowth,threeYNetIncomeGrowthPerShare,threeYRevenueGrowthPerShare,threeYShareholdersEquityGrowthPerShare,Industry,Sector,Symbol
2022Q4,2022,Q4,2023-02-07,2022-12-31,-27201000.0,240689000.0,37686000.0,-0.077,82456000.0,0.3425831675,2257247000.0,1187184000.0,1073671000.0,337706000.0,1070063000.0,29825000.0,-392377000.0,2677299006.4733605,2768818006.4733605,3.3598087681560957,3.1793068527062003,0.2244654661186835,0.42678641221579805,0.03127029184163407,3.3598087681560957,-0.022912202320785995,11.12347887304098,-24.606622977770673,2.2551676963919327,0.0,5.305381391450125,0.0,0.10662944728689416,2.9218314154915817,-0.012050519947529004,-46.42366191800663,0.34258316748999745,0.40769230769230774,-3.044847659588669,1.2854560391199115,1.957589412068615,1.9013370865587615,0.4246218931782126,3.7855717347919287,-3.7591685165048956,0.6314788692359656,1.1099345086370749,Drug Manufacturers—Specialty & Generic,Healthcare,EVO
2022Q3,2022,Q3,2022-09-30,2022-09-30,-47275000.0,173884000.0,-13529000.0,-0.13,28420000.0,0.1634422949,2262664000.0,1228526000.0,1095817000.0,340802000.0,1034138000.0,30874000.0,-364631000.0,3160298181.713091,3188477181.713091,3.476252277887418,3.2154065997265273,0.21748346197225926,0.4005548112127867,-0.007821548886371769,3.476252277887418,-0.0384810740676225,18.17474972805486,-16.712311907525603,2.5724308494188084,0.0,4.711537215780268,0.0,0.07684923612166897,2.9835270919771597,-0.020893513133191672,-39.59628358429192,0.16344229486324216,-0.6434892541087232,-14.25221971201602,1.1237124513123449,2.1901064520579743,-0.0801100501699304,-0.692200307835487,-2.5885941644562336,-3.1039290393928574,0.2898473769883726,1.25510569003509,Drug Manufacturers—Specialty & Generic,Healthcare,EVO
2022Q2,2022,Q2,2022-06-30,2022-06-30,-27937000.0,172203000.0,-3770000.0,-0.0791,30895000.0,0.1794103471,2293715000.0,1275539000.0,1144465000.0,320556000.0,1018176000.0,28995000.0,-317356000.0,4059363188.565744,3845499188.565744,3.6092808408484958,3.5702498159447957,0.21063122489062502,0.378763801028428,-0.002258902557494817,3.6092808408484958,-0.02190211353788477,23.573126998749988,-36.3260477911528,3.182468892417828,0.0,4.873529918951544,0.0,0.07507602295838847,3.246646451790015,-0.012179804378486429,29.30123061784583,0.17941034709035267,0.6233333333333333,-8.02166437453721,1.6808877666292077,2.3737796738410686,-0.04332074069486592,0.6185658501952431,-1.0300731487464203,-8.903041237571212,0.41195243310034824,1.4636786425732569,Drug Manufacturers—Specialty & Generic,Healthcare,EVO
2022Q1,2022,Q1,2022-03-31,2022-03-31,-73242000.0,164672000.0,125361000.0,-0.21,32294000.0,0.1961110571,2185023000.0,1309861000.0,1061513000.0,339620000.0,875162000.0,26076000.0,-289629000.0,4839055163.2009,4697134163.2009,3.7063987941369505,3.1255903657028443,0.23732793659380244,0.3958946789010437,0.06730619403476991,3.7063987941369505,-0.05591585672067494,29.386022901288015,-16.51735057480988,3.694327232584908,0.0,5.076622181316153,0.0,0.07536396642049077,2.9122666509628408,-0.03352001329047795,233.80466556510123,0.1961110571317528,-1.3569023569023568,-9.201637191810807,1.594544095295117,2.31675991315138,-0.37984406805699583,-1.326767901391448,7.389279261192532,-5.735185146310795,0.33835426460803114,1.471129453115614,Drug Manufacturers—Specialty & Generic,Healthcare,EVO
2021Q4,2021,Q4,2021-12-31,2021-12-31,-31478000.0,187071000.0,14943000.0,-0.0891,52074000.0,0.2783648989,2235161000.0,1377685000.0,1100940000.0,324516000.0,857476000.0,25793000.0,-216421000.0,7411351023.4525,7224942023.4525,3.8983144186295835,3.392559997041748,0.22947653435255894,0.372303538181805,0.012921001013755214,3.8983144186295835,-0.022848474070632983,39.617851101734104,-58.86135573616892,5.379568641200637,0.0,5.2338619005156435,0.0,0.0836946421309248,3.1901416262988573,-0.014083101843670322,178.26460669759473,0.27836489888865723,-1.2173170731707317,-2.53324961066281,2.198325789506048,3.8515646220200916,0.20633817499478768,-1.234436326533652,-0.15757131581914532,-1.8256939458732264,0.4798186541177521,1.708776473346707,Drug Manufacturers—Specialty & Generic,Healthcare,EVO
2021Q3,2021,Q3,2021-09-30,2021-09-30,134271000.0,159661000.0,17738000.0,0.41,43167000.0,0.2703665892108906,1767849000.0,992679000.0,628306000.0,253778000.0,775170000.0,22519000.0,-186245000.0,6742386082.166527,6909593082.166527,3.0167945377595884,2.475809565841011,0.2831752033120476,0.5043030022796896,0.010338191750932783,3.0167945377595884,0.13526124759363298,42.22938652624327,12.553690078584593,6.792111127732658,0.0,5.173142679515077,0.0,0.09031370891970977,1.6834713804979156,0.07595162256504939,-989.6354149664651,0.2703665892108906,1.216216216216216,11.263317863360884,1.847821252728851,3.144750090678911,0.6846973422315888,1.2372906773306673,10.540663630448927,2.482587303351569,0.48511695467187826,1.2826565976110238,Drug Manufacturers—Specialty & Generic,Healthcare,EVO
2021Q2,2021,Q2,2021-06-30,2021-06-30,60015000.0,138217000.0,1537000.0,0.185,25623000.0,0.18538240592691202,1621116000.0,852574000.0,634802000.0,246947000.0,768542000.0,17254000.0,-320691000.0,6329770880.599414,6460317880.599414,2.594084938419852,2.57060016926709,0.31636107471642994,0.601540746023219,0.0010182961251732742,2.594084938419852,0.07039271664395114,45.79589255011622,26.367453472462778,7.42430672363855,0.0,6.525675205749391,0.0,0.08526040085965471,1.8615451898585527,0.03702079308328337,2670.789401096799,0.18538240592691202,0.15624999999999997,10.891689402510512,1.9330644034514814,2.704626522957806,-0.164803285635125,0.1387613373306516,-0.7732369430510475,2.765006627651878,0.3072228415244149,1.170590875865876,Drug Manufacturers—Specialty & Generic,Healthcare,EVO
2021Q1,2021,Q1,2021-03-31,2021-03-31,52702000.0,133085000.0,6778000.0,0.16,30679000.0,0.2305218469399256,1580707000.0,793046000.0,680401000.0,239606000.0,787661000.0,15237000.0,-381249000.0,5144141031.1165285,5259622031.1165285,2.416525363997044,2.839665951603883,0.32711818192745395,0.6520151416185189,0.0044981459827836525,2.416525363997044,0.0664551614912628,38.65304903720576,24.402019995050132,6.486560717936323,0.0,6.7208768130209355,0.0,0.08419333880345946,1.963957496890729,0.03334077725979578,-152.02260863870586,0.2305218469399256,118.91432496277915,56.85188886709734,1.8637594779345599,2.5239645587071413,-0.16072112491109045,129.7741935483871,-0.48795044194303844,12.684584826581004,0.5124948124862384,1.1042954147245554,Drug Manufacturers—Specialty & Generic,Healthcare,EVO
2020Q4,2020,Q4,2020-12-31,2020-12-31,403000.0,140510000.0,13237000.0,0.0013342859583261905,36554000.0,0.2601523023272365,1462895000.0,722846000.0,658844000.0,208459000.0,740049000.0,13585000.0,-434249000.0,4553510200.970494,4623311200.970494,2.3932587291122913,3.1605447594011293,0.33629549625913,0.6805944834722749,0.0006069311451881982,2.3932587291122913,0.0005575184755812441,32.40701872443594,2824.7581891876516,6.299419518086141,0.0,7.6522635259477365,0.0,0.09604927216239033,2.3612221108227516,0.0002754811520990912,-230.1263557371251,0.2601523023272365,1.266857191665238,-0.9399627122804566,2.100203498730075,2.394269311174105,0.011903443693943085,1.2858156028368795,-0.1913372838902804,-0.9645571628164593,0.5608860832412581,1.106749867626528,Drug Manufacturers—Specialty & Generic,Healthcare,EVO
2020Q3,2020,Q3,2020-09-30,2020-09-30,-1410000.0,129425000.0,16369000.0,-0.005,36124000.0,0.27911145451033414,1169671000.0,472772000.0,427185000.0,194875000.0,696899000.0,11689000.0,-435395000.0,3418729179.667229,3657489179.667229,1.5652929059299991,2.192097498396408,0.3887075938447649,0.9616897785824879,-0.002963416134528365,1.5652929059299991,-0.002982410125811173,26.414751243324158,-606.1576559693669,7.231242924004022,0.0,7.981948840790487,0.0,0.11065077273865899,1.3237152020525977,-0.0012054671783775096,3049.713808802167,0.27911145451033414,0.8571428571428571,0.5744291256088685,2.3916128365072495,1.3216078500817445,0.8250896781690497,0.8563716002852195,4.80049610205528,-1.4624801932934024,0.8495718208218832,0.43644666709933877,Drug Manufacturers—Specialty & Generic,Healthcare,EVO
2020Q2,2020,Q2,2020-06-30,2020-06-30,-9817000.0,111587000.0,2822000.0,-0.035,19793000.0,0.17737729305385036,1190678000.0,476079000.0,445584000.0,181487000.0,714599000.0,10597000.0,-433883000.0,3599501100.354522,3864937100.354522,1.576239189223873,2.4551841178707017,0.4114227356178581,1.0289720823644815,0.0035460131024685035,1.576239189223873,-0.02062052726543284,32.2573516660052,-91.66499695310489,7.560722275829268,0.0,8.66226290459564,0.0,0.09371719306143222,1.523095318121959,-0.008244882327547835,-77.44859928467429,0.17737729305385036,-1.6363636363636362,-1.5843676011892875,1.9075134972570076,1.2958787218255174,-0.4051154123587401,-1.4416899127148384,-0.8246660453557005,-3.887056291389758,1.0326737709398892,0.4733915071194798,Drug Manufacturers—Specialty & Generic,Healthcare,EVO
2020Q1,2020,Q1,2020-03-31,2020-03-31,22226000.0,119402000.0,16095000.0,0.055,33272000.0,0.278655298906216,1183566000.0,489472000.0,464623000.0,185038000.0,694094000.0,10860000.0,-429198000.0,3121247416.11793,3295241416.11793,1.6212936399043865,2.510959910937213,0.3881524139760689,0.9385705413179917,0.013518304023437362,1.6212936399043865,0.04540811323221757,26.14066277045552,35.10806506026647,6.376763974482565,0.0,7.930939226519337,0.0,0.10088326295280534,1.7362433662274777,0.018778842920462398,289.24542823815494,0.278655298906216,0.9713308602536493,19.054834984580108,3.8267252530779245,1.6097377462189553,-0.023766210903116015,1.6592486240727446,-0.004576659038901602,1.9134566493873646,1.202215366530543,0.45085352412389723,Drug Manufacturers—Specialty & Generic,Healthcare,EVO
2019Q4,2019,Q4,2019-12-31,2019-12-31,8358000.0,125075000.0,16169000.0,0.02789993354688477,34082000.0,0.2724925044973016,1180912000.0,477029000.0,469530000.0,178955000.0,703883000.0,10749000.0,-441177000.0,3436509827.339912,3622574827.339912,1.592375855460265,2.6237322231845996,0.392153691384286,0.9707984210603549,0.008847671783478592,1.592375855460265,0.017520947363787107,27.475593262761638,102.79103336144748,7.203985139980823,0.0,8.4652525816355,0.0,0.10591390383026,1.7974462853790059,0.0070775807172761395,113.63744014218815,0.2724925044973016,-0.5707702531248497,6.205427071470041,2.588003377073869,1.6406724228527891,-0.026478905424319462,-0.5611907386990077,-0.2778149984367323,-0.5197338624980236,1.522670981373027,0.9817576356567549,Drug Manufacturers—Specialty & Generic,Healthcare,EVO
2019Q3,2019,Q3,2019-09-30,2019-09-30,19047000.0,114274000.0,22389000.0,0.065,35009000.0,0.30636015191557137,1083921000.0,461789000.0,410102000.0,133839000.0,621293000.0,12200000.0,-449080000.0,3087720369.915324,3276639369.915324,1.5415030405219396,3.0641442329963615,0.40458483597974393,0.9496501649021523,0.016846027676968335,1.5415030405219396,0.04124611023649329,27.020322819848122,40.527647003666246,6.68643118375562,0.0,6.497131147540983,0.0,0.1054265024849597,2.1158780325615103,0.01757231384944106,565.7237760929505,0.30636015191557137,7.5,5.680368514262965,4.315700080238991,1.6016120305174748,0.08902852521230598,8.976130653266331,3.4975893933306548,0.9108044638784307,1.2388511204209198,1.1178588024526197,Drug Manufacturers—Specialty & Generic,Healthcare,EVO
2019Q2,2019,Q2,2019-06-30,2019-06-30,-2388000.0,103239000.0,4978000.0,-0.01,32147000.0,0.311384263698796,1067608000.0,438261000.0,464056000.0,143318000.0,628476000.0,6521000.0,-469222000.0,3749065863.3031497,3865019863.3031497,1.464996602429724,3.2379463849621124,0.41046245438400614,0.9998904762230726,-0.007666999954555756,1.464996602429724,-0.0054488079021405055,36.3144341121393,-392.490144818169,8.554413610390041,0.0,10.902008894341359,0.0,0.09670122367011112,2.3846411476576566,-0.002236776045140164,-585.6085384728444,0.311384263698796,-1.2222222222222223,-3.9655000672244283,3.030923288533326,1.4507778662689903,0.01560673553849556,-1.1829184220605131,-0.7387973554412846,-1.5198400715178775,1.4068864964094854,1.0921694540619649,Drug Manufacturers—Specialty & Generic,Healthcare,EVO
2019Q1,2019,Q1,2019-03-31,2019-03-31,13055000.0,103849000.0,19058000.0,0.045,31653000.0,0.30479831293512694,880821000.0,447387000.0,254649000.0,187147000.0,432563000.0,5643000.0,-465739000.0,3621875206.658625,3737454206.658625,1.499880465373395,1.3606897251892898,0.25795138853410626,0.5078578501386942,0.018383122653840296,1.499880465373395,0.02918055285468733,34.876360934227826,69.35800855340148,8.095620137953551,0.0,12.793903951798688,0.0,0.11790023171563803,0.7592747946801177,0.014821399580618537,-190.76557498465317,0.30479831293512694,-0.5828449084387389,3.8660116029948033,4.185973759225359,1.5227475500481964,0.11753283434543144,-0.5892328991252911,0.0620228475898579,16.221868094906338,1.4586123514113412,1.1872419305090658,Drug Manufacturers—Specialty & Generic,Healthcare,EVO
2018Q4,2018,Q4,2018-12-31,2018-12-31,31782000.0,105388000.0,17945000.0,0.10787354849627084,28324000.0,0.26875925152768815,771883000.0,424004000.0,249769000.0,196275000.0,347003000.0,5660000.0,-481013000.0,781084116.8844352,786494116.8844352,1.4391421577186088,1.2725461724621068,0.14829319987614703,0.2699620758294733,0.06811138688425247,1.4391421577186088,0.07495684002981104,7.411509060656196,6.14407618215055,1.8421621420657237,0.0,13.615547703180212,0.0,0.13653364564318685,0.7636173735829831,0.04117463397950207,37.44410915073994,0.26875925152768815,-0.06196914351068836,2.2465076320916313,2.3184143147058998,1.1515311687921552,-0.1519760479041916,-0.07934300860345876,-0.5256159458602093,3.8538585210948137,1.383768097856214,1.0410814764574339,Drug Manufacturers—Specialty & Generic,Healthcare,EVO
2018Q3,2018,Q3,2018-09-30,2018-09-30,34521000.0,96259000.0,37828000.0,0.115,33400000.0,0.3469805420791822,770343000.0,389378000.0,274018000.0,235672000.0,380088000.0,6738000.0,-512795000.0,770858601.3926728,785403601.3926728,1.3216155863816295,1.162709189042398,0.19430954782480012,0.3844207941897077,0.06599982180056858,1.3216155863816295,0.08865678081452984,8.00817171789311,5.58253383007932,1.97971791265216,0.0,9.329029385574355,0.0,0.1249560260818882,0.7174165789741674,0.044812505598155625,15.136540565764188,0.3469805420791822,1.3,99.39694141607364,2.2859601378837278,0.7676270758258986,0.0501823669978619,1.4160834266517357,1.4954152648591597,11.681347025594635,1.5859451834997706,0.9601910342211657,Drug Manufacturers—Specialty & Generic,Healthcare,EVO
2018Q2,2018,Q2,2018-06-30,2018-06-30,14288000.0,94774000.0,15159000.0,0.05,31804000.0,0.33557726802709603,693768000.0,352072000.0,207752000.0,224368000.0,340706000.0,5260000.0,-548330000.0,794081265.4265299,859238265.4265299,1.1951054283249205,0.9259430934892676,0.2255307249685774,0.44441477879524643,0.026413254243609425,1.1951054283249205,0.040582608102888044,8.378682607324054,13.894199073112574,2.255451343550552,0.0,11.97148288973384,0.0,0.13660762675707153,0.4913089210582614,0.02059478096424165,13.537245187039156,0.33557726802709603,4.0,7.599336039507132,2.863083590336547,0.9199237625545625,0.7202509736045002,3.1330633497251954,1.3210840606338998,-0.12801218574703854,1.5317976017409314,0.7407365214542019,Drug Manufacturers—Specialty & Generic,Healthcare,EVO
2018Q1,2018,Q1,2018-03-31,2018-03-31,3457000.0,78984000.0,6531000.0,0.01,18488000.0,0.23407272358958778,665300000.0,338295000.0,175346000.0,241747000.0,326015000.0,6102000.0,-562349000.0,744673158.5525208,870123158.5525208,1.1483774317463684,0.7253285459592053,0.2747662708552533,0.540362701192746,0.010758815545863748,1.1483774317463684,0.010218891795622164,9.428152012464812,53.852557025782524,2.2012538126561747,0.0,9.914126515896427,0.0,0.11871937471817225,0.37961174285513366,0.00519615211182925,-359.2248714676897,0.23407272358958778,-0.7343685065231275,1.9694435155489276,2.700655257936264,0.8098891397710818,-0.1790043962875794,-0.6846090685156464,-0.4388211032823509,3.8779738087265683,2.272166134327529,0.848501626584572,Drug Manufacturers—Specialty & Generic,Healthcare,EVO
2017Q4,2017,Q4,2017-12-31,2017-12-31,10961000.0,86778000.0,11638000.0,0.037646138524875854,22519000.0,0.25950125607872965,667268000.0,330755000.0,180252000.0,245775000.0,335521000.0,9017000.0,-566733000.0,789117319.8975251,912028319.8975251,1.135995670814279,0.7334025022886786,0.28463525899638525,0.5742256352889601,0.03039133120804608,1.135995670814279,0.03313933273873411,9.09351817162789,17.998296685921108,2.38580617042078,0.0,7.12642785848952,0.0,0.13004969517495218,0.4132845081883837,0.0164266831318151,454.0375833702676,0.25950125607872965,2.764613852487585,2.7495148234407174,2.0357333095491934,0.7494089967258273,-0.022443132488279217,2.729499829874107,0.5266955266955267,8.722478557435112,1.5613057491569506,0.8838469762732952,Drug Manufacturers—Specialty & Generic,Healthcare,EVO
2017Q3,2017,Q3,2017-09-30,2017-09-30,2939000.0,67456000.0,7623000.0,0.01,23036000.0,0.34149667931688804,644006000.0,317275000.0,184498000.0,268328000.0,325723000.0,12820000.0,-579638000.0,838995325.836122,953915325.836122,1.0896978925718444,0.6875838525983126,0.266657453501986,0.5412623118745568,0.010096493262418632,1.0896978925718444,0.009263257426522732,12.437667899610442,71.3674145828617,2.6443789325856812,0.0,3.4648985959438376,0.0,0.10474436573572296,0.3791851763513312,0.004563622078055173,-206.04010948824214,0.34149667931688804,0.0,-0.5949249663831827,1.4566169228178005,0.6158692946810063,0.26356206461521586,-0.1083131067961165,-0.10570154856874707,1.7430576496773038,2.228517025040851,0.8390953974275343,Drug Manufacturers—Specialty & Generic,Healthcare,EVO
2017Q2,2017,Q2,2017-06-30,2017-06-30,3296000.0,53212000.0,8524000.0,0.01,18231000.0,0.3426106893181989,421482000.0,313202000.0,233231000.0,46860000.0,107270000.0,4436000.0,-582577000.0,889813804.72192,809745804.72192,1.0698033629265742,4.977187366623986,0.01881693642907645,0.025322315949451155,0.01760581553881227,1.0698033629265742,0.010523559875096584,16.722051505711494,67.49194513970873,2.841022103057835,0.0,7.88570784490532,0.0,0.1262497568104925,4.0674989329918905,0.007820025528966837,375.7659648318919,0.3426106893181989,-0.6,-0.28258339800084264,0.939882907889725,0.6545590302050004,-0.029336598871259716,-0.5332105934003682,-0.12214212152420185,8.003119105094953,1.122980311123435,0.7896631287555153,Drug Manufacturers—Specialty & Generic,Healthcare,EVO
2017Q1,2017,Q1,2017-03-31,2017-03-31,7061000.0,50184000.0,9710000.0,0.025,18782000.0,0.37426271321536747,418752000.0,312261000.0,233174000.0,44722000.0,105418000.0,4644000.0,-585873000.0,886930426.5951668,817640426.5951668,1.1174757568193592,5.213854478780019,0.019882890111569615,0.026663592315402822,0.023355652859738417,1.1174757568193592,0.022612494035438302,17.673569795057524,31.402436857214518,2.8403496645279644,0.0,6.761843238587424,0.0,0.11984181568088033,4.186686641921202,0.016862009017270366,-130.5653505954905,0.37426271321536747,-0.569652973639787,3.963558410328381,1.0895048515667671,0.8005385674292685,0.5444453581119973,-0.5415530450590832,-0.11453583804486595,2.6546812854884494,1.675101999380409,0.8795559331806323,Drug Manufacturers—Specialty & Generic,Healthcare,EVO
2016Q4,2016,Q4,2016-12-31,2016-12-31,15402000.0,43880000.0,10966000.0,0.05809265190338337,12161000.0,0.2771422060164084,351366000.0,213035000.0,169235000.0,73390000.0,137430000.0,4305000.0,-592934000.0,850843382.8905869,795730382.8905869,0.8035169522294038,2.3059681155470773,0.08204265637540342,0.1353157931795245,0.049490415333349184,0.8035169522294038,0.0722979792052949,19.390232062228506,13.810598995107567,3.993913595843814,0.0,7.36794425087108,0.0,0.12488402406607356,1.742226461370759,0.043834633971414426,15.022482836445263,0.2771422060164084,0.6597900543823818,6.389226800541167,0.8966639337551441,0.27674694747054707,-0.40355093432733335,0.7458626161868057,-0.0851756069074831,1.671276091084675,0.5353818616931989,0.2012654608874748,Drug Manufacturers—Specialty & Generic,Healthcare,EVO
2016Q3,2016,Q3,2016-09-30,2016-09-30,8822000.0,45173000.0,11987000.0,0.035,20389000.0,0.45135368472317533,276174000.0,192976000.0,159749000.0,42598000.0,82350000.0,4080000.0,-610184000.0,893247116.9383439,845584116.9383439,0.727859212680646,3.7501525893234424,0.053593024687334796,0.07669865682779206,0.04339522869842453,0.727859212680646,0.04571552939225603,19.773916209646114,25.313055909610746,4.62879900577452,0.0,6.074509803921568,0.0,0.16356717142091579,2.880416920982206,0.031943629740670734,123.73557514037178,0.45135368472317533,1.3333333333333337,-0.07540958696258049,0.5130113509109174,0.14422933717299138,0.5066134633857977,1.1691664617654292,1.1234720992028344,28.9431669864857,0.7136030249338506,-0.026506901869937892,Drug Manufacturers—Specialty & Generic,Healthcare,EVO
2016Q2,2016,Q2,2016-06-30,2016-06-30,4067000.0,37975000.0,5645000.0,0.015,13533000.0,0.35636603028308095,271860000.0,185458000.0,154858000.0,45011000.0,85395000.0,3978000.0,-619006000.0,936061501.4305537,896346501.4305537,0.7002284636100679,3.4404478905156517,0.06693518722872066,0.09811925071983953,0.015688849662930448,0.7002284636100679,0.021929493470219674,24.649414125886864,57.54004803482627,5.047296430623396,0.0,6.1442936148818506,0.0,0.13968586772603547,2.659883139676968,0.014959905833885088,224.74465820661553,0.35636603028308095,6.216858396846255,1.9623542734947554,0.8375722245940321,0.1857313256642616,0.08515756555208083,6.344283837056505,1.0572157434402332,3.0894040439368338,0.7217184532544187,0.12490934660580917,Drug Manufacturers—Specialty & Generic,Healthcare,EVO
2016Q1,2016,Q1,2016-03-31,2016-03-31,-761000.0,37479000.0,2744000.0,-0.00287529368423493,12471000.0,0.33274633794925157,274963000.0,181494000.0,158776000.0,49132000.0,92288000.0,3701000.0,-623073000.0,859312828.998,832782828.998,0.6857405412963659,3.2316209395098916,0.08227652447783884,0.12464874871896592,-0.03852203611158196,0.6857405412963659,-0.004192976076344121,22.927848368366284,-282.29724999934297,4.734662462659923,0.0,6.757092677654688,0.0,0.13630561202780012,2.5371855409916146,-0.002767645101340908,-79.48504569401535,0.33274633794925157,-1.129376190404604,-0.815123911665676,1.1422428703900298,0.21112339883859424,0.05525469622609579,-1.1301522148110141,5.254263565891473,0.7624712020988867,0.9545013900627672,0.08075474498452975,Drug Manufacturers—Specialty & Generic,Healthcare,EVO
2015Q4,2015,Q4,2015-12-31,2015-12-31,5847000.0,39479000.0,-645000.0,0.02222428775528863,11818000.0,0.2993490209985055,288538000.0,185502000.0,166940000.0,56400000.0,101444000.0,3133000.0,-622312000.0,848564643.7516205,827010643.7516205,0.7050880498001627,2.9599290780141843,0.07951465664834441,0.12368060721717286,0.046872057924102935,0.7050880498001627,0.03151987579648737,21.494076439413877,36.282052494938455,4.574423153128379,0.0,8.828917969996809,0.0,0.13682426578128357,2.392872340425532,0.020264228628464883,-121.29283072493146,0.2993490209985055,3.2224287755288628,0.8977691425429111,0.9647446208622836,0.1471264481701224,0.1360184562145535,3.025987525987526,-0.012558869701726845,2.0328209583194616,0.5284267233580795,0.08582049165743023,Drug Manufacturers—Specialty & Generic,Healthcare,EVO
2015Q3,2015,Q3,2015-09-30,2015-09-30,-2886000.0,33240000.0,-637000.0,-0.01,10403000.0,0.31296630565583633,284489000.0,177383000.0,171339000.0,62399000.0,107106000.0,3689000.0,-628159000.0,520031087.39670396,493603087.39670396,0.6742279519234416,2.745861311879998,0.08060417098727894,0.12927394395178793,-0.007455321952008944,0.6742279519234416,-0.016269879300722167,15.644737887987484,-45.047737993477476,2.9316850396977383,0.0,6.190566549200326,0.0,0.1168410729413088,2.2381929197583297,-0.010144504708442154,-355.45528871955156,0.31296630565583633,-1.1818181818181819,-4.645508026775491,0.9583393372931388,0.09805759883481317,0.13781034671333262,-1.1973063512682027,-1.0392676612008385,-1.4402067695855953,0.3396839952042265,-0.00021441488020305103,Drug Manufacturers—Specialty & Generic,Healthcare,EVO
2015Q2,2015,Q2,2015-06-30,2015-06-30,14627000.0,33416000.0,16222000.0,0.055,9143000.0,0.2736114436198228,290677000.0,180548000.0,174199000.0,66372000.0,110129000.0,3255000.0,-625273000.0,787837918.0524013,751339918.0524013,0.6865515910050166,2.624585668655457,0.07761880024907371,0.12496399849347542,0.07548655942100849,0.6865515910050166,0.08101446706692957,23.576667406404155,13.465473406241903,4.363592607242403,0.0,7.457142857142857,0.0,0.11495921589943477,2.139652263002471,0.05032045879102922,102.14416155223665,0.2736114436198228,12.0,7.90035011691539,0.8038731770568702,0.2444505428704667,0.38049222406764305,14.644589552238806,5.915757575757576,2.5443821836355056,0.35619288071476585,0.061821428090729845,Drug Manufacturers—Specialty & Generic,Healthcare,EVO
2015Q1,2015,Q1,2015-03-31,2015-03-31,-1072000.0,21542000.0,-3300000.0,-0.005,6623000.0,0.30744591959892303,227997000.0,163327000.0,123842000.0,30817000.0,64670000.0,3772000.0,-639900000.0,848298304.8253992,821245304.8253992,0.6212477258503664,4.018626083006133,0.09750566893424037,0.1361134411334317,-0.013936154260558435,0.6212477258503664,-0.006563519809951814,39.37880906254754,-197.8307613865203,5.193864485513107,0.0,3.9551961823966066,0.0,0.09448369934692123,3.1697439724827206,-0.004701816251968228,173.08677919310327,0.30744591959892303,-2.291298249754179,0.3182720929279661,0.7874261224745042,0.1848172080674683,-0.4789962240402769,-2.0540806293018683,-2.407849829351536,0.5217791265445969,-0.04665390066979084,0.0009885972874210914,Drug Manufacturers—Specialty & Generic,Healthcare,EVO
2014Q4,2014,Q4,2014-12-31,2014-12-31,1017000.0,30563000.0,2344000.0,0.0038720721575761733,12712000.0,0.41592775578313645,224600000.0,158383000.0,125300000.0,33068000.0,66217000.0,3111000.0,-638828000.0,743047090.5534512,715886090.5534512,0.6030190801704888,3.7891617273497036,0.09594390026714159,0.13605626866519765,0.0038977949480924826,0.6030190801704888,0.006421143683349855,24.311981498984103,182.6566102638769,4.6914573568719575,0.0,5.738026358084217,0.0,0.13607747105966161,2.7191242288617397,0.004528049866429207,-533.0323461645992,0.41592775578313645,1.2581381438384114,1.0724769267996601,0.836935173879564,0.16319328322632193,1.6075897435897435,1.2850336322869955,1.4542635658914729,1.3592102333345784,0.3335157646933311,-0.041833818517419796,Drug Manufacturers—Specialty & Generic,Healthcare,EVO
2014Q3,2014,Q3,2014-09-30,2014-09-30,-3568000.0,18848000.0,-5160000.0,-0.015,4875000.0,0.2586481324278438,213653000.0,155625000.0,115241000.0,31920000.0,58028000.0,3317000.0,-639845000.0,697350512.7575558,663606512.7575558,0.5925184164432566,3.61030701754386,0.10025602261611118,0.13763855421686746,-0.025013759423585316,0.5925184164432566,-0.02292690763052209,36.99864774817253,-48.86144287819197,4.480967150249355,0.0,4.21254145312029,0.0,0.08821781112364441,2.8646303258145362,-0.016699976129518426,233.30562487706786,0.2586481324278438,-8.328358208955223,0.20510365308042686,0.4762912271939038,0.05040667456229968,-0.32084146001671776,-7.454976303317536,-61.16867469879518,-1.3774727317105955,-0.3627542737429646,-0.06853283835932461,Drug Manufacturers—Specialty & Generic,Healthcare,EVO
2014Q2,2014,Q2,2014-06-30,2014-06-30,-422000.0,22474000.0,-83000.0,-0.001608,7178000.0,0.31939129660941534,220622000.0,156917000.0,113765000.0,31649000.0,63705000.0,2823000.0,-636278000.0,657316733.2268399,635696733.2268399,0.5977680076978997,3.594584347056779,0.09349475573605534,0.13145165915738893,-0.0005668474053128876,0.5977680076978997,-0.002689319831503279,29.247874576258784,-389.4056476462322,4.1889453228575615,-1.1848341232227488,5.418349273822175,0.0007606682969189681,0.1018665409614635,2.7691554235520868,-0.001912773884744042,-140.54238469677998,0.31939129660941534,0.8928,0.9599189225127753,0.7418341378124124,0.0016284994506491695,0.5560372859310644,0.8946580129805292,0.976163124641011,-1.3101299842002805,0.09722449596945441,0.012229992127278313,Drug Manufacturers—Specialty & Generic,Healthcare,EVO
2014Q1,2014,Q1,2014-03-31,2014-03-31,-4006000.0,17611000.0,-3482000.0,-0.015,4613000.0,0.2619385611265686,219625000.0,155963000.0,116078000.0,34391000.0,63662000.0,2890000.0,-635856000.0,616881365.7738415,595416365.7738415,0.5945424326523437,3.3752435230147424,0.0827455890722823,0.1165212261882626,-0.019757068860324408,0.5945424326523437,-0.025685579272006823,35.02818498517072,-38.49733935183734,3.9553058467318625,-0.3277583624563155,4.49757785467128,0.0021284481471618433,0.08018668184405237,2.6656101887121633,-0.018240182128628345,-102.86499345903644,0.2619385611265686,0.8266709982010016,0.8510219552363455,0.7368621991245626,-0.06760043580680687,-0.5186769616026711,0.8052219575047406,0.7964932787843366,-8.640427390598893,0.015613465358248925,0.05005349461535273,Drug Manufacturers—Specialty & Generic,Healthcare,EVO
2013Q4,2013,Q4,2013-12-31,2013-12-31,-20567000.0,25618000.0,-17110000.0,-0.08654062415587441,9584000.0,0.374111952533375,227380000.0,158967000.0,122526000.0,38953000.0,68413000.0,2358000.0,-631850000.0,524291470.7429933,495888470.7429933,0.6688920795539888,3.1454830179960465,0.07582461078371008,0.1084564720979826,-0.11117159010214077,0.6688920795539888,-0.12937905351425139,20.46574559852421,-6.372969693477334,3.2981151480684248,0.0,6.799830364715861,0.0,0.11266602163778697,2.5193951685364415,-0.09045210660568212,54.49448817617642,0.374111952533375,-71.6621529436393,0.6287123228573448,0.5798648146264509,-0.05536061872806368,-0.13556417425814016,-71.67491166077738,-106.61728395061728,-8.389848795507065,0.4113655208425044,0.08823826420737763,Drug Manufacturers—Specialty & Generic,Healthcare,EVO
2013Q3,2013,Q3,2013-09-30,2013-09-30,-283000.0,23630000.0,162000.0,-0.001191,11087000.0,0.46919170545916206,245876000.0,177691000.0,114620000.0,32157000.0,68185000.0,2766000.0,-611283000.0,541390072.4682913,516991072.4682913,0.7476778357019245,3.564387225176478,0.07030373033561632,0.0972812354030311,0.00026686868263877414,0.7476778357019245,-0.00159265241345932,22.91113298638558,-478.2597813324128,3.046806379998375,0.0,4.53470715835141,0.0,0.09610535391823521,2.6802562428087198,-0.0011509866762107728,-262.047469732958,0.46919170545916206,0.7617999999999999,0.9188615171245336,0.9743761882209359,-0.17768854320398308,0.8178389899983604,0.8366050808314087,1.096028452874926,-1.3957331981888095,0.541150216202202,0.21767916419176975,Drug Manufacturers—Specialty & Generic,Healthcare,EVO
2013Q2,2013,Q2,2013-06-30,2013-06-30,-1732000.0,19626000.0,-1687000.0,-0.005,6099000.0,0.3107612350963008,216579000.0,146698000.0,80641000.0,32832000.0,69881000.0,2656000.0,-611000000.0,590388860.4451376,571036860.4451376,0.6224754605541045,2.4561708089668617,0.08002160874322996,0.11814066994778388,-0.009389001418206807,0.6224754605541045,-0.011806568596708885,30.081975972951067,-85.21779163469076,4.024518810380084,0.0,5.092996987951807,0.0,0.09061820398099539,1.74317738791423,-0.007997081896213391,-120.19317191472672,0.3107612350963008,0.5,0.9857104224294961,-0.7299412759620008,-0.9246368545710139,0.36963844599146645,0.3924938618028762,0.3788659793814433,-2.17602692120445,0.1822270154706913,0.12830548346138618,Drug Manufacturers—Specialty & Generic,Healthcare,EVO
2013Q1,2013,Q1,2013-03-31,2013-03-31,-2851000.0,17064000.0,-2716000.0,-0.01,4453000.0,0.26095874355368026,221961000.0,149439000.0,83415000.0,34458000.0,72522000.0,2808000.0,-609268000.0,676927595.3624,653695595.3624,0.634501531895825,2.4207731150966394,0.07828852816485779,0.11628155969994446,-0.01596007774728469,0.634501531895825,-0.019078018455690952,39.669924716502585,-59.358785984075766,4.529792058046428,0.0,4.491096866096866,0.0,0.07687837052455161,1.7932845783272389,-0.01284459882591987,-575.6187035394559,0.26095874355368026,0.5352737645895154,0.8707832500038224,0.4636692721776327,0.0,-0.416153140159958,0.4360039564787339,0.5527009222661396,-1.023836386300808,0.580464760404379,0.21009430256878545,Drug Manufacturers—Specialty & Generic,Healthcare,EVO
2012Q4,2012,Q4,2012-12-31,2012-12-31,-5055000.0,23064000.0,-6072000.0,-0.02151804490049324,7627000.0,0.33068851890391954,225427000.0,152547000.0,88104000.0,33882000.0,72880000.0,2445000.0,-606417000.0,728443055.4674,706780055.4674,0.6493596825787422,2.600318753320347,0.07719572189666721,0.11407631746281474,-0.025982711155620546,0.6493596825787422,-0.03313732816771225,31.583552526335414,-36.0258682229179,4.775204071318348,0.0,6.313701431492842,0.0,0.10231250027725161,1.937223304409421,-0.02242411068771709,74.90417022801027,0.33068851890391954,-1.8607217960197298,-1.0360559110605578,-0.8500329122046791,-0.9434928984126272,-0.11396375464684015,-1.8635121284591731,-4.950553025374106,0.597228124462149,0.5498570335168986,0.2525819596952359,Drug Manufacturers—Specialty & Generic,Healthcare,EVO
2012Q3,2012,Q3,2012-09-30,2012-09-30,5854000.0,22155000.0,1537000.0,0.025,8608000.0,0.38853531934100655,227572000.0,158423000.0,83583000.0,40153000.0,69149000.0,4443000.0,-601362000.0,732523262.1593187,714806262.1593187,0.6743725474324116,2.0816128309217246,0.07843671453430123,0.11267303358729477,0.06724951536218192,0.6743725474324116,0.03695170524481925,33.06356407850682,31.28302281172355,4.623844152423061,0.0,3.0490659464325907,0.0,0.09735380451022094,1.4202425721614824,0.025723726996291284,279.1628285668135,0.38853531934100655,0.6666666666666669,1.0354260469627483,-0.8100726203609153,-0.9399950365955281,0.04238314361830952,0.5933587370713119,-0.41380625476735317,2.458134326387206,0.9401605991735102,0.19551630009533008,Drug Manufacturers—Specialty & Generic,Healthcare,EVO
2012Q2,2012,Q2,2012-06-30,2012-06-30,3674000.0,21936000.0,2622000.0,0.015,8258000.0,0.3764587892049599,215750000.0,151379000.0,73962000.0,33944000.0,64371000.0,3484000.0,-607216000.0,712536248.2960966,715290248.2960966,0.6465791448939874,2.178941786471836,0.09113789107763615,0.12989252141974778,0.01778313455131255,0.6465791448939874,0.0242702092099961,32.48250584865502,48.48504683560809,4.706968921026672,0.0,3.925947187141217,0.0,0.10167323290845887,1.607824652368607,0.017028968713789106,-210.4359859114284,0.3764587892049599,2.5,1.0347836964940271,-0.816547919789816,0.0,0.264624808575804,2.841604010025063,3.034134988363072,1.3912546193123982,0.9062385491303201,0.08341712894670177,Drug Manufacturers—Specialty & Generic,Healthcare,EVO
2012Q1,2012,Q1,2012-03-31,2012-03-31,-1995000.0,20110000.0,-1289000.0,-0.01,6530000.0,0.3247140726006962,214242000.0,145213000.0,78978000.0,38470000.0,69029000.0,3428000.0,-610890000.0,661217115.4029175,670288115.4029175,0.6206341685948127,2.0529763452040553,0.0882693402787502,0.13022938717607926,-0.007876645746510218,0.6206341685948127,-0.013738439395921852,32.88001568388451,-82.85928764447588,4.553429206771552,0.0,3.9614935822637105,0.0,0.09386581529298643,1.5277878866649337,-0.009311899627524016,-92.0786959201946,0.3247140726006962,0.0723049088025377,0.0,0.0,0.0,0.06908971840209562,0.20896114195083268,0.7015512850196804,0.9168191921711559,1.2236289798716966,-0.02668170253276389,Drug Manufacturers—Specialty & Generic,Healthcare,EVO
2011Q4,2011,Q4,2011-12-31,2011-12-31,-2522000.0,20416000.0,-4319000.0,-0.010779403809383178,6108000.0,0.29917711598746083,218213000.0,147245000.0,83333000.0,42833000.0,70968000.0,3556000.0,-608895000.0,625269730.236192,624205730.236192,0.6293470713372823,1.9455326500595336,0.07659030396905775,0.11350470304594383,-0.013505919640085826,0.6293470713372823,-0.01712791605827023,30.62645622238401,-61.98153551112132,4.246458149588726,0.0,4.0236220472440944,0.0,0.09355996205542291,1.4891088646604254,-0.011557514905161471,-668.0232160643077,0.29917711598746083,-1.3079829659823765,0.9864205778681767,-0.9624542842934348,-0.9452195632984077,-0.5768324788693363,-1.2995249406175773,-1.5019174898314933,0.9537528202459018,0.2789275617753661,-0.11120785213996436,Drug Manufacturers—Specialty & Generic,Healthcare,EVO
2011Q3,2011,Q3,2011-09-30,2011-09-30,8420000.0,26347000.0,8605000.0,0.035,14434000.0,0.5478422590807303,212919000.0,148828000.0,75317000.0,36553000.0,63714000.0,3231000.0,-606373000.0,563219537.5012494,548994537.5012494,0.6361130492239808,2.0604875112849834,0.05678685321648139,0.08124143306367082,0.05092511603715463,0.6361130492239808,0.05657537560136534,21.376989315719037,16.722670353362513,3.784365425197204,0.0,3.6870937790157847,0.0,0.12374189245675586,1.6298525428829371,0.03954555488237311,197.27479422110312,0.5478422590807303,6.0,1.0900164443818725,-0.026076082649260757,-0.8794816406082215,0.6997173810645313,5.941467436108821,3.9711149624494513,3.4521843878641945,1.2361345844866447,-0.300389789268991,Drug Manufacturers—Specialty & Generic,Healthcare,EVO
2011Q2,2011,Q2,2011-06-30,2011-06-30,1213000.0,18259000.0,1731000.0,0.005,8492000.0,0.46508571115614217,200655000.0,138192000.0,69339000.0,36343000.0,62044000.0,3267000.0,-614793000.0,515566182.2507065,504684182.2507065,0.5905456391799306,1.9079052362215558,0.06564999626224116,0.0953238971865231,0.008283725859841799,0.5905456391799306,0.008777642700011579,28.236277027805823,106.25848768563613,3.730796154992376,0.0,2.989592898683808,0.0,0.09099698487453589,1.5559530033293894,0.00604520196356931,342.56889186093457,0.46508571115614217,4.156414806629834,1.0165720603172903,-0.601486654199804,-0.8927598753265865,0.4269870609981516,4.350828729281768,3.137037037037037,1.0100787071381363,-0.7469677205524322,-0.9285026001694048,Drug Manufacturers—Specialty & Generic,Healthcare,EVO
2011Q1,2011,Q1,2011-03-31,2011-03-31,-362000.0,15106000.0,-810000.0,-0.0015840757018050482,5951000.0,0.393949424069906,186310000.0,129391000.0,82910000.0,31130000.0,56469000.0,2928000.0,-616006000.0,528373567.34041196,501845567.34041196,0.5662020418018149,2.6633472534532605,0.07122537705973915,0.10255736488627494,-0.008666849960744365,0.5662020418018149,-0.0027977216344258872,34.97772854100437,-364.8988724726602,4.083541879577497,0.0,3.126707650273224,0.0,0.08107992056250335,2.218695791840668,-0.0019429982287585208,-372.8818400426337,0.393949424069906,-1.1352668764659175,0.996101164367664,-0.5315443171423958,-0.9054949538118987,-0.18086717136958017,-1.1437648927720414,-2.1554921540656204,0.983090576297287,0.3353964980368905,0.0,Drug Manufacturers—Specialty & Generic,Healthcare,EVO
2010Q4,2010,Q4,2010-12-31,2010-12-31,2518000.0,16422000.0,701000.0,0.011710743555198315,7265000.0,0.4423943490439654,191859000.0,132161000.0,86692000.0,32802000.0,59222000.0,2819000.0,-615644000.0,505160488.709875,496898488.709875,0.6146559090542353,2.6428876288031216,0.06686681364960727,0.09707099673882613,0.00434052760733053,0.6146559090542353,0.019052519275731872,30.761203794292715,50.1549333508613,3.822311337761329,0.0,3.248315005321036,0.0,0.08559410817318969,2.0893847936101455,0.013124221433448522,243.33356874271436,0.4423943490439654,2.8918083462132915,1.0281688510886624,-0.5846598849450755,-0.9167048273304043,0.24678222069675648,2.891808346213292,0.043154761904761904,-0.9803773284221768,-0.8833366422400695,-0.9465128112723645,Drug Manufacturers—Specialty & Generic,Healthcare,EVO
2010Q3,2010,Q3,2010-09-30,2010-09-30,647000.0,13872000.0,672000.0,0.0030090750914270495,5827000.0,0.4200547866205306,178202000.0,132024000.0,80839000.0,27749000.0,45655000.0,2913000.0,-617931000.0,575482903.2959619,571570903.2959619,0.6140187478679517,2.913222098093625,0.08354002760911775,0.1127598012482579,0.005700745941202281,0.6140187478679517,0.004900624128946252,41.48521505882078,222.3658822627364,4.35892643228475,0.0,2.761757638173704,0.0,0.07784424417234374,2.4212764423943205,0.0036307112153623417,187.63707313203844,0.4200547866205306,-0.3981849817145901,0.0,0.0,0.0,-0.22564784053156145,-0.5178837555886736,-0.6299559471365639,1.0042778086286241,-0.870072226039612,-0.9453652545084232,Drug Manufacturers—Specialty & Generic,Healthcare,EVO
2010Q2,2010,Q2,2010-06-30,2010-06-30,1342000.0,15127000.0,1816000.0,0.005,7525000.0,0.4974548819990745,151387000.0,118473000.0,80070000.0,25274000.0,32107000.0,2718000.0,-619003000.0,602269294.4647821,581655294.4647821,0.5516905392008647,3.1680778665822587,0.08428068460303725,0.10769542427388519,0.009919849334110813,0.5516905392008647,0.011327475458543297,39.81419279862379,112.1962172996986,5.083599592014908,0.0,2.7969094922737305,0.0,0.09992271463203578,2.5649283849014797,0.008864697761366563,-497.3322002186475,0.4974548819990745,2.0,1.0093348187358744,0.6007845431320297,-0.8768749718590331,1.0179672834540092,2.045171339563863,2.23202170963365,1.0138518948709787,-0.8620765537745328,0.0,Drug Manufacturers—Specialty & Generic,Healthcare,EVO
2010Q1,2010,Q1,2010-03-31,2010-03-31,-1284000.0,9841000.0,-1474000.0,-0.005,3729000.0,0.3789249060054872,144532000.0,112561000.0,66119000.0,23807000.0,31321000.0,3012000.0,-620188000.0,559005832.8096164,547165832.8096164,0.5243405663086808,2.7772923929936573,0.08994547920183765,0.11549293272092466,-0.010754329557323538,0.5243405663086808,-0.01140714812412825,56.80376311448191,-108.84069953458263,4.966247926098883,0.0,2.0292164674634794,0.0,0.06808872775579111,2.267778384508758,-0.00888384579193535,-102.26963644522803,0.3789249060054872,0.9064106712760371,0.9904254312217794,0.11751942309573067,-0.8874515031931396,-0.48714069591527986,0.8876247155610012,0.8426390519910324,0.0,0.0,0.0,Drug Manufacturers—Specialty & Generic,Healthcare,EVO
2009Q4,2009,Q4,2009-12-31,2009-12-31,-11426000.0,13548000.0,-9367000.0,-0.05342489435678349,7271000.0,0.5366843814585178,146599000.0,110874000.0,68957000.0,26445000.0,35112000.0,2425000.0,-618904000.0,499302431.1580504,479581431.1580504,0.5184169207871532,2.6075628663263375,0.09007564853784815,0.11909915760232336,-0.07868190082549605,0.5184169207871532,-0.10305391705900391,36.854327661503575,-10.924698738798583,4.503331990891016,0.0,2.5884536082474225,0.0,0.09241536436128486,2.2067687653620722,-0.07794050436906118,399.1226468089931,0.5366843814585178,-2.5616596237855664,0.888595513811067,1.190327392873392,-0.8963806891865203,0.7755799755799756,-2.1261285909712724,-1.455307994757536,0.9326976514056073,-0.9727438373964735,-0.9548752880443686,Drug Manufacturers—Specialty & Generic,Healthcare,EVO
2009Q3,2009,Q3,2009-09-30,2009-09-30,-3655000.0,10396000.0,-3815000.0,-0.015,4095000.0,0.39390150057714507,154675000.0,120641000.0,68306000.0,22860000.0,33298000.0,2256000.0,-607452000.0,510632027.31773174,489052027.31773174,0.564084778583644,2.9880139982502185,0.061322127040568934,0.07862169577506818,-0.030887307979166317,0.564084778583644,-0.03029649953166834,49.118124982467464,-34.926951252922834,4.232657449107117,0.0,2.792996453900709,0.0,0.06721189591078067,2.4431321084864392,-0.02363019233877485,-99.01726339300596,0.39390150057714507,0.625,0.0,0.0,0.0,0.004661432777232581,0.5734624810362936,0.5698015336039693,0.9572538566929177,-0.5796026945097114,-0.8931281599147982,Drug Manufacturers—Specialty & Generic,Healthcare,EVO
2009Q2,2009,Q2,2009-06-30,2009-06-30,-8569000.0,10501000.0,-8868000.0,-0.04,4076000.0,0.388153509189601,161252000.0,127503000.0,76910000.0,23465000.0,33749000.0,2341000.0,-603797000.0,442849785.5599105,413391785.5599105,0.5967961255353159,3.2776475601960366,0.05575744796963759,0.0705159878591092,-0.06452616977423226,0.5967961255353159,-0.06720626181344752,42.172153657738356,-12.920112777451,3.473249927922562,0.0,2.7445536095685603,0.0,0.0651216729094833,2.7105902407841467,-0.05314042616525687,-209.48428834432852,0.388153509189601,0.6190476190476191,0.9395116811794226,0.11110276812256288,-0.9121186378096898,0.3682443773078214,0.6077722341740285,0.5620524470344215,0.8717725887981559,-0.748966566052105,-0.8916248183698511,Drug Manufacturers—Specialty & Generic,Healthcare,EVO
2009Q1,2009,Q1,2009-03-31,2009-03-31,-21847000.0,8238000.0,-20249000.0,-0.105,2979000.0,0.36161689730517116,175343000.0,135901000.0,90126000.0,28332000.0,39442000.0,2398000.0,-595228000.0,417506165.2303821,385793165.2303821,0.6376476947056515,3.181067344345616,0.05995106733659171,0.07735042420585574,-0.13783100206683052,0.6376476947056515,-0.1607567273235664,50.68052503403521,-4.777614377607705,3.0721346070329294,0.0,2.1930775646371976,0.0,0.04698220060110754,2.45288013553579,-0.1245957922471955,-23.135662486444758,0.36161689730517116,0.5495155427841636,0.898858107831813,-0.4955980497514234,-0.9500246974809133,-0.6303511601935724,0.5571165034766568,0.4674118884797475,0.7477048253583681,-0.726075045174234,-0.8935699266499877,Drug Manufacturers—Specialty & Generic,Healthcare,EVO
2008Q4,2008,Q4,2008-12-31,2008-12-31,-49329000.0,14440000.0,-38020000.0,-0.23308240343948716,8059000.0,0.5581024930747922,182900000.0,149859000.0,93078000.0,21826000.0,33041000.0,2139000.0,-573381000.0,334185677.17252636,290449677.17252636,0.7080925195531655,4.264546870704664,0.06193548387096774,0.07559105559225672,-0.24020377129338233,0.7080925195531655,-0.32916941925409887,23.143052435770525,-1.6936572663774168,2.2300007151557555,0.0,2.983169705469846,0.0,0.07895024603608529,3.8531109685695957,-0.269704756697649,-34.89460970789666,0.5581024930747922,-14.53882689596581,0.9828685296453252,1.119476467477436,1.0057091725087612,0.3599392507593655,-14.881841596909208,-3.5779650812763397,0.439346999366236,-0.6289576725905617,-0.9040427533300982,Drug Manufacturers—Specialty & Generic,Healthcare,EVO
2008Q3,2008,Q3,2008-09-30,2008-09-30,-3106000.0,10658000.0,-8305000.0,-0.015,5926000.0,0.5560142615875399,224592473.31,192429206.62,99497814.14,18707705.52,0.0,2543442.22,-523456863.94,392229547.65538496,368528581.33538496,0.9092392298839075,5.3185471640885655,0.05243278920458672,0.0611965824567094,-0.04618669916634878,0.9092392298839075,-0.016141000914344464,36.8014212474559,-31.570311305166207,2.0383056945713087,0.0,1.860470807156767,0.0,0.04745484050700577,4.747156505914468,-0.013829492833060604,-65.03910055401528,0.5560142615875399,0.9711779015206539,0.9987599468663515,0.0,0.0,2.9498834047874967,0.7416556694270529,0.0,0.0,0.0,0.0,Drug Manufacturers—Specialty & Generic,Healthcare,EVO
2008Q2,2008,Q2,2008-06-30,2008-06-30,-12022714.0,7208544.8,0.0,-0.520434,1500297.4500000002,0.20812764456981667,228533873.45,193080847.05,107310983.3,21893794.3,0.0,2814408.05,-521413413.9,46121786.5337229,16213061.383722901,8.259679940517561,4.901433795785685,0.054929777194480056,0.06501584668700572,0.0,8.259679940517561,-0.062267771162649865,6.398210431281901,-0.959055221094898,0.2388729241579267,0.0,2.0282230751862724,0.0,0.03154256605893099,4.2398270157311195,-0.052608017439613394,-3.691458121799545,0.20812764456981667,-4.478252631578947,0.0,0.0,0.0,-0.3028357574349442,0.13130679190751446,1.0,0.2317478887120915,6.007700786486374,0.8433764091454453,Drug Manufacturers—Specialty & Generic,Healthcare,EVO
2008Q1,2008,Q1,2008-03-31,2008-03-31,-13840000.0,7313000.0,-14378000.0,-0.095,2152000.0,0.294270477232326,,,,,,,,294855804.572398,,,0.0,0.0,0.0,0.0,,0.0,40.31940442669192,-5.326152539241294,0.0,0.0,0.0,0.0,0.0,0.0,0.0,-17.779534766787144,0.294270477232326,-1.1591832142089489,0.0,0.0,0.0,-0.3673306685156054,-2.5600840484459706,0.0,0.8500398696215794,0.20669341144430725,0.0,Drug Manufacturers—Specialty & Generic,Healthcare,EVO
2007Q4,2007,Q4,2007-12-31,2007-12-31,8871316.91,9731551.36,0.0,0.5967965936113091,3401460.909999999,0.34952915359221814,208205440.68,170822096.33,112016974.27,24375133.93,0.0,2397801.52,-495874407.82,32578135.145472005,6757187.255472006,11.4916473210838,4.595542924674302,0.04990710360912361,0.06082896020621619,0.0,11.4916473210838,0.05193307599306172,3.347681571036995,0.9180749452414727,0.19071382359420552,0.0,2.63995597517179,0.0,0.046740139586250506,3.84915163623062,0.04260847786218379,-15.289640139162842,0.34952915359221814,2.3735976671062198,1.0438643286681113,2.146379272121709,1.092654272082005,1.3712215885577008,1.8484273539592053,0.0,2.244472612834122,21.636262165620817,1.2969091628302838,Drug Manufacturers—Specialty & Generic,Healthcare,EVO
2007Q3,2007,Q3,2007-09-30,2007-09-30,-10456189.17,7381210.41,0.0,-0.434477,1434476.1900000004,0.19434159308838891,206049505.41,167060764.92,98251457.85,27145727.49,0.0,3016814.85,-504147953.4,35762804.472444,20831498.082443997,11.238612760859613,3.6194078013268967,0.03451993483724616,0.042576217721773855,0.0,11.238612760859613,-0.06258913740163426,4.845113807349653,-0.8550630610015063,0.214070637648341,,1.9711962833914052,,0.035822509718296924,2.226837390608462,-0.050746004700152704,0.0,0.19434159308838891,-3.900927221044083,0.9405648531422175,0.0,0.0,0.0,-0.5654806763599178,0.0,0.0,0.0,0.0,Drug Manufacturers—Specialty & Generic,Healthcare,EVO
2007Q2,2007,Q2,2007-06-30,2007-06-30,-6679219.57,7561310.95,0.0,-0.088652,0.0,0.0,,,,,,,,39019300.008288845,,,0.0,0.0,0.0,0.0,,0.0,5.160388227161699,-1.4604737723979646,0.0,,0.0,,0.0,0.0,0.0,0.0,0.0,0.8838920751089347,0.0,0.0,0.0,0.0,0.0,0.0,0.31961417162618627,10.545396084982949,0.0,Drug Manufacturers—Specialty & Generic,Healthcare,EVO
2007Q1,2007,Q1,2007-03-31,2007-03-31,0.0,0.0,0.0,-0.763531,0.0,0.0,,,,,,,,41237154.0726024,,,0.0,0.0,0.0,0.0,,0.0,0.0,0.0,0.0,0.0,0.0,,0.0,0.0,0.0,0.0,0.0,0.03813699318807412,0.0,0.0,0.0,0.0,1.0,0.0,1.0,-1.0,0.0,Drug Manufacturers—Specialty & Generic,Healthcare,EVO
2023Q1,2023,Q1,2023-04-07,2023-04-07,,,,,,,0.0,0.0,0.0,0.0,0.0,0.0,0.0,0.0,0.0,0.0,0.0,0.0,0.0,0.0,0.0,0.0,0.0,0.0,0.0,0.0,0.0,,0.0,0.0,0.0,0.0,0.0,0.0,-1.0,-1.0,-1.0,0.0,0.0,0.0,-1.0,-1.0,-1.0,Drug Manufacturers—Specialty & Generic,Healthcare,EVO
