Quarters,Year,Quarter,FillingDate,Date,NetIncome,Revenue,OperatingIncome,EPSDiluted,GrossProfit,GrossProfitRatio,TotalAssets,CommonStockEquity,CurrentAssets,CurrentLiability,TotalLiability,Inventory,RetainedEarnings,MarketCap,EnterpriseValue,bookValuePerShare,currentRatio,debtToAssets,debtToEquity,roic,shareholdersEquityPerShare,roe,priceToSalesRatio,peRatio,pbRatio,payoutRatio,inventoryTurnover,dividendYield,assetTurnover,quickRatio,returnOnAssets,priceToFreeCashFlowsRatio,grossProfitMargin,epsdilutedGrowth,fiveYNetIncomeGrowthPerShare,fiveYRevenueGrowthPerShare,fiveYShareholdersEquityGrowthPerShare,grossProfitGrowth,netIncomeGrowth,operatingIncomeGrowth,threeYNetIncomeGrowthPerShare,threeYRevenueGrowthPerShare,threeYShareholdersEquityGrowthPerShare,Industry,Sector,Symbol
2023Q1,2023,Q1,2023-05-15,2023-03-31,1285224.0,0.0,1285224.0,0.03,0.0,0.0,314245627.0,295837183.0,437035.0,1302087.0,18408444.0,0.0,-17972159.0,392250000.00000006,392585864.00000006,7.8889915466666665,0.33564193483231153,0.0013825458898112208,0.0014685746923164828,0.004337991956719233,7.8889915466666665,0.004344362621922343,0.0,76.29992903960711,1.3258982390999852,0.0,0.0,0.0,0.0,0.0757207467703771,0.004089870755783024,-2432.1508956639823,0.0,-0.9464285714285714,0.0,0.0,0.0,0.0,-0.7784399477795536,1.1855312037967072,0.0,0.0,0.0,Shell Companies,Financial Services,RRAC
2022Q4,2022,Q4,2023-03-27,2022-12-31,5800793.0,0.0,-6927266.0,0.56,0.0,0.0,311080023.0,294498950.0,591225.0,1135228.0,16581073.0,0.0,-15990598.0,308700000.0,308826705.0,9.816631666666666,0.5207984651541364,0.0007596116192906415,0.0008023797707937499,-0.024800526084113865,9.816631666666666,0.019697160210588188,0.0,13.304215475366902,1.0482210547779542,0.0,0.0,0.0,0.0,0.09654007829264254,0.018647269419804564,-2111.0434859913425,0.0,23.400000000000002,-0.7428601083364792,0.0,14.249858992798194,0.0,7.187974568767801,-21.73659222894091,-0.7428601083364792,0.0,14.249858992798194,Shell Companies,Financial Services,RRAC
2022Q3,2022,Q3,2022-11-10,2022-09-30,-937430.0,0.0,334060.0,-0.025,0.0,0.0,308666591.0,288698157.0,764235.0,959812.0,19968434.0,0.0,-19149485.0,378375000.0,378453737.0,7.69861752,0.7962340541689414,0.0007608241605908039,0.0008134482133185214,0.0017558417926598461,7.69861752,-0.0032470938150117807,0.0,-100.90753442923739,1.31062492373306,0.0,0.0,0.0,0.0,0.16264018370264177,-0.003037030982079949,-4675.972268564861,0.0,-1.1785714285714286,-6.259527146850872,0.0,21130.924394349702,0.0,-1.1638715235228698,-0.9416031904803026,-6.259527146850872,0.0,21130.924394349702,Shell Companies,Financial Services,RRAC
2022Q2,2022,Q2,2022-08-19,2022-06-30,5720518.0,0.0,5720518.0,0.14,0.0,0.0,307527683.0,289315435.0,862609.0,898314.0,18212248.0,0.0,-17148553.0,372750000.0,372738700.0,7.715078266666667,0.9602533189953624,0.0007339924581683919,0.0007801968809579759,0.0197571842273284,7.715078266666667,0.019772598720839075,0.0,16.29004576159012,1.2883861519521072,0.0,0.0,0.0,0.0,0.26385317383453893,0.018601635937926277,-3236.5199270643398,0.0,-0.1764705882352941,170.74830860534124,0.0,0.0,0.0,-0.11575059561634408,0.33669423855167807,170.74830860534124,0.0,0.0,Shell Companies,Financial Services,RRAC
2022Q1,2022,Q1,2022-05-16,2022-03-31,6469349.0,0.0,4279601.0,0.17,0.0,0.0,307018531.0,283594917.0,643284.0,606476.0,23423614.0,0.0,-22434463.0,74437500.0,74385307.0,37.8126556,1.0606916019760055,0.0,0.0,0.01816474774947439,37.8126556,0.02281193565962256,0.0,2.876545228893974,0.2624782587340943,0.0,0.0,0.0,0.0,0.08605946484279675,0.02107152613533937,-61.413177545650974,0.0,-0.7733333333333333,0.0,0.0,0.0,0.0,-0.7705792584269097,18.03059425601598,0.0,0.0,0.0,Shell Companies,Financial Services,RRAC
2021Q4,2021,Q4,2022-03-31,2021-12-31,28198623.0,0.0,-251289.0,0.75,0.0,0.0,308767625.0,-27783214.0,2274162.0,1976962.0,30547183.0,0.0,-27783964.0,367499980.40000004,365824379.40000004,-0.7408857461805731,1.150331670512635,0.0,0.0,0.018251917863492523,-0.7408857461805731,-1.014951797873349,0.0,3.258137643813317,-13.227410637228653,0.0,0.0,0.0,0.0,0.8475635849348647,0.09132635910257754,-6700.823798410036,0.0,218.83328492593668,0.0,0.0,0.0,0.0,219.37221890947953,-0.9460005730614647,0.0,0.0,0.0,Shell Companies,Financial Services,RRAC
2021Q3,2021,Q3,2021-09-30,2021-09-30,-129131.0,0.0,-129131.0,-0.003443,0.0,0.0,554235.0,-13663.0,105962.0,567898.0,567898.0,0.0,-162831.0,367987500.0,368094943.0,-0.0003643466666666667,0.18658632360036487,0.38504425018268423,-15.619190514528288,-0.6464889707722963,-0.0003643466666666667,9.451145429261508,0.0,-712.430593738142,-26933.140598697213,0.0,0.0,0.0,0.0,0.18658632360036487,-0.23298961631798787,-26933.140598697213,0.0,-2.829810901001112,0.0,0.0,0.0,0.0,-2.8317804154302673,-2.8317804154302673,0.0,0.0,0.0,Shell Companies,Financial Services,RRAC
2021Q2,2021,Q2,2021-06-30,2021-06-30,-33700.0,0.0,-33700.0,-0.000899,0.0,0.0,,,,,,,,367987500.0,,,0.0,0.0,0.0,0.0,,0.0,0.0,-2729.8775964391693,0.0,0.0,0.0,0.0,0.0,0.0,0.0,0.0,0.0,0.0,0.0,0.0,0.0,0.0,0.0,0.0,0.0,0.0,0.0,Shell Companies,Financial Services,RRAC
2021Q1,2021,Q1,2021-04-30,2021-04-30,,,,,,,100808.0,-342.0,25000.0,101150.0,101150.0,0.0,-25342.0,0.0,-25000.0,0.0,0.24715768660405338,0.0,0.0,,0.0,,0.0,0.0,0.0,0.0,0.0,,,0.24715768660405338,,0.0,0.0,0.0,0.0,0.0,0.0,0.0,0.0,0.0,0.0,0.0,0.0,Shell Companies,Financial Services,RRAC
