Quarters,Year,Quarter,FillingDate,Date,NetIncome,Revenue,OperatingIncome,EPSDiluted,GrossProfit,GrossProfitRatio,TotalAssets,CommonStockEquity,CurrentAssets,CurrentLiability,TotalLiability,Inventory,RetainedEarnings,MarketCap,EnterpriseValue,bookValuePerShare,currentRatio,debtToAssets,debtToEquity,roic,shareholdersEquityPerShare,roe,priceToSalesRatio,peRatio,pbRatio,payoutRatio,inventoryTurnover,dividendYield,assetTurnover,quickRatio,returnOnAssets,priceToFreeCashFlowsRatio,grossProfitMargin,epsdilutedGrowth,fiveYNetIncomeGrowthPerShare,fiveYRevenueGrowthPerShare,fiveYShareholdersEquityGrowthPerShare,grossProfitGrowth,netIncomeGrowth,operatingIncomeGrowth,threeYNetIncomeGrowthPerShare,threeYRevenueGrowthPerShare,threeYShareholdersEquityGrowthPerShare,Industry,Sector,Symbol
2023Q1,2023,Q1,2023-05-15,2023-03-31,-832000.0,4178000.0,-2189000.0,-0.0347,1315000.0,0.3147438966,81184000.0,73326000.0,74577000.0,5901000.0,7858000.0,8395000.0,-1348000.0,36173208.17,-20327791.83,3.0608913502957344,12.638027452974072,0.030855833661805283,0.03416250715980689,-0.029104716367535647,3.0608913502957344,-0.011346589204374983,8.658020146002873,-10.869353416466348,0.4933203525352536,0.0,0.3410363311494937,0.0,0.05146334253054789,10.599389933909507,-0.010248324793062672,0.6003652687047734,0.31474389660124463,-1.0357731958762886,0.8437096028681458,-0.8012344336311609,-0.5529203668051227,0.040348101265822785,-1.0346262693524222,-1.0722943294032168,0.6869025730128318,-0.4935532193130084,0.19599333854256676,Communication Equipment,Technology,CLRO
2022Q4,2022,Q4,2023-03-31,2022-12-31,24028000.0,4021000.0,30279000.0,0.97,1264000.0,0.3143496643,83750000.0,74130000.0,77427000.0,8120000.0,9620000.0,8961000.0,-516000.0,36407936.8,39647936.8,3.09486364522584,9.535344827586206,0.050435820895522385,0.05698097936058276,0.29889229519861316,3.09486364522584,0.3241332793740726,9.054448346182541,0.3788073997003496,0.49113633886415753,0.0,0.3076665550719786,0.0,0.048011940298507465,7.4701970443349754,0.28690149253731345,-15.884789179755671,0.31434966426262123,19.618042226487525,3.3313016412487095,-0.8479084713194974,-0.5412477277622525,-0.5081712062256809,20.253205128205128,27.795575221238938,9.412483028788492,-0.5581848212419129,0.1582860837457105,Communication Equipment,Technology,CLRO
2022Q3,2022,Q3,2022-11-14,2022-09-30,-1248000.0,6264000.0,-1130000.0,-0.0521,2570000.0,0.4102809706,57757000.0,50078000.0,24786000.0,5457000.0,7679000.0,9708000.0,-24544000.0,12936774.955500001,13908774.955500001,2.090716418352865,4.542056074766355,0.04193431099260696,0.048364551299972046,-0.021732391055995504,2.090716418352865,-0.02492112304804505,2.0652578153735632,-2.5915013933293274,0.2583325004093614,0.0,0.38051091882983107,0.0,0.10845438648129231,2.402052409748946,-0.021607770486694253,28.684645134146344,0.4102809706257982,-3.869158878504673,0.9521431968770654,-0.7890023251647418,-0.710752961747539,-0.08443177769861061,-3.8560311284046693,0.31473620375985445,0.5610711609724001,-0.2734819383384951,-0.24315542794657016,Communication Equipment,Technology,CLRO
2022Q2,2022,Q2,2022-08-12,2022-06-30,-257000.0,7375000.0,-1649000.0,-0.0107,2807000.0,0.3806101695,59349000.0,51323000.0,25632000.0,5470000.0,8026000.0,9858000.0,-23296000.0,12934655.6031,14442655.6031,2.143045253818475,4.6859232175502745,0.04567894994018434,0.05282232137638096,-0.032522563188669744,2.143045253818475,-0.00500750151004423,1.7538516071999999,-12.582349808463036,0.2520245426631335,0.0,0.46337999594238183,0.0,0.12426494127954978,2.3491773308957953,-0.004330317275775497,-6.622967538709678,0.38061016949152543,0.8699878493317132,0.8869536997547874,-0.7420127042243342,-0.7444671757550373,-0.0031960227272727275,0.8693441789527199,0.11009174311926606,0.9149333550556137,-0.20226497293037668,-0.2580462004362004,Communication Equipment,Technology,CLRO
2022Q1,2022,Q1,2022-05-19,2022-03-31,-1967000.0,7545000.0,-1853000.0,-0.0823,2816000.0,0.3732273028,62754000.0,51536000.0,27672000.0,8333000.0,11218000.0,9865000.0,-23039000.0,21808680.542999998,23952680.542999998,2.1565611687175603,3.3207728309132367,0.056825062944194794,0.0691943495808755,-0.03337674074258711,2.1565611687175603,-0.038167494566904686,2.89048118528827,-2.7718200995170306,0.423173714355014,0.0,0.47937151545869233,0.0,0.1202313796730089,1.732509300372015,-0.0313446154826784,-16.64784774274809,0.37322730284956923,0.17700000000000007,-0.5421111206837673,-0.7629456465922339,-0.7507484562676605,0.06747536012130402,0.13879159369527144,0.2516155088852989,0.40664353508935946,-0.16721466968492785,-0.2824006142021499,Communication Equipment,Technology,CLRO
2021Q4,2021,Q4,2022-04-15,2021-12-31,-2284000.0,7202000.0,-2476000.0,-0.1,2638000.0,0.3662871425,66192000.0,51504000.0,29441000.0,11472000.0,14688000.0,10033000.0,-21072000.0,28900396.32,34494396.32,2.2989359476022577,2.5663354253835426,0.10069192651679962,0.12940742466604535,-0.0362777580610533,2.2989359476022577,-0.044346070208139174,4.012829258539295,-3.1633533625218915,0.5611291612301957,0.0,0.4548988338483006,0.0,0.10880468938844573,0.6844490934449093,-0.03450568044476674,-5.10878492487184,0.36628714246042765,0.09090909090909087,0.16977471653629916,-0.7345503567604266,-0.73700112205655,-0.07471062784987724,-0.05301982480405717,-0.23245395719263315,0.5644342710451437,-0.5171146432005447,-0.5228345529009618,Communication Equipment,Technology,CLRO
2021Q3,2021,Q3,2021-11-12,2021-09-30,-2169000.0,6992000.0,-2009000.0,-0.11,2851000.0,0.4077517162,68237000.0,53765000.0,34061000.0,10322000.0,14472000.0,9218000.0,-18788000.0,45705815.050000004,43520815.050000004,2.7643692572111784,3.2998449912807595,0.10223192696044668,0.1297498372547196,-0.03270033837989489,2.7643692572111784,-0.04034223007532781,6.536872861842106,-5.268074579299217,0.8501035069282991,0.0,0.44922976784551966,0.0,0.10246640385714495,2.164115481495834,-0.031786274308659525,-9.743298880835644,0.4077517162471396,-0.301775147928994,-1.8229369482677018,-0.7515289624560865,-0.6915481828425442,-0.1673481308411215,-0.36759142496847413,-0.35195154777927323,0.9086599505994316,-0.5531566954946694,-0.48670409827742994,Communication Equipment,Technology,CLRO
2021Q2,2021,Q2,2021-08-10,2021-06-30,-1586000.0,7735000.0,-1486000.0,-0.0845,3424000.0,0.4426632191,59610000.0,46618000.0,26058000.0,8491000.0,12992000.0,9203000.0,-16619000.0,51445738.580000006,54407738.580000006,2.4828746466798224,3.068896478624426,0.08471732930716323,0.10832725556651937,-0.028242759101750274,2.4828746466798224,-0.03402119353039598,6.651032783451843,-8.109353496216897,1.1035595388047537,0.0,0.4684342062370966,0.0,0.12976010736453616,1.8351195383347074,-0.026606274115081364,-82.44509387820514,0.44266321913380735,0.04086265607264463,-1.8060164296551757,-0.6862704673207886,-0.7164123211372728,0.1401931401931402,0.04169184290030212,0.024934383202099737,0.6758222888748107,-0.5094291672614981,-0.6238053583458486,Communication Equipment,Technology,CLRO
2021Q1,2021,Q1,2021-05-13,2021-03-31,-1655000.0,7038000.0,-1524000.0,-0.0881,3003000.0,0.426683717,59848000.0,48180000.0,26230000.0,6710000.0,11668000.0,9816000.0,-15033000.0,67592782.8,70788782.8,2.5660727790008964,3.909090909090909,0.08738804972597246,0.10855126608551266,-0.02806642857684139,2.5660727790008964,-0.03435035284350353,9.603975959079284,-10.210390151057402,1.4029220174346202,0.0,0.4110635696821516,0.0,0.11759791471728379,2.2567809239940386,-0.027653388584413848,-38.20960022611645,0.42668371696504687,-1.303793103448276,-1.5940786698901823,-0.7348223448381457,-0.7132399906819329,-0.16187552330449345,-1.2982519372859975,-0.8653610771113831,0.6033392571037925,-0.5727970610436471,-0.6251945118286419,Communication Equipment,Technology,CLRO
2020Q4,2020,Q4,2021-03-31,2020-12-31,5549000.0,8566000.0,-817000.0,0.29,3583000.0,0.4182815783,62323000.0,49814000.0,29282000.0,7097000.0,12509000.0,10463000.0,-13378000.0,42610864.62,44792864.62,2.653731178853512,4.125968719177117,0.09603196251785055,0.12014694664150641,0.08524919803625337,2.653731178853512,0.11139438712008672,4.974418003735699,1.9197542178770952,0.8553993780864817,0.0,0.47624964159418903,0.0,0.1374452449336521,2.435254332816683,0.08903615037787013,-22.204723616466907,0.4182815783329442,4.913630229419703,0.7205456280313106,-0.7076772301239359,-0.7059383411393078,0.017897727272727273,5.403968253968254,0.2956896551724138,1.6869949778431264,-0.5865652155979683,-0.6066368836361552,Communication Equipment,Technology,CLRO
2020Q3,2020,Q3,2020-11-16,2020-09-30,-1260000.0,8412000.0,-1160000.0,-0.0741,3520000.0,0.4184498336,57772000.0,44250000.0,23931000.0,8314000.0,13522000.0,7838000.0,-18927000.0,38930492.35,38839492.35,2.6029082573367455,2.8783978830887658,0.09506335248909506,0.12411299435028249,-0.02278236489707682,2.6029082573367455,-0.02847457627118644,4.627971035425583,-7.7243040376984125,0.8797851378531073,0.0,0.6241388109211533,0.0,0.1456068683791456,1.6730815491941304,-0.02180987329502181,-17.157555024239755,0.41844983357108895,0.3825,-1.2802552727967635,-0.7158111079954431,-0.7077754106501096,0.3445378151260504,0.3495095508518327,0.3692224034801523,0.9319235224846041,-0.6007705075681796,-0.6398920974320015,Communication Equipment,Technology,CLRO
2020Q2,2020,Q2,2020-08-13,2020-06-30,-1937000.0,6357000.0,-1839000.0,-0.12,2618000.0,0.4118294793,52571000.0,40719000.0,19920000.0,6155000.0,11852000.0,8224000.0,-17667000.0,33301548.0,36781548.0,2.4454719041889583,3.2363931762794476,0.10625630100245383,0.1371841155234657,-0.03835412125083597,2.4454719041889583,-0.04756993049927552,5.238563473336479,-4.298083118224058,0.8178380608561114,0.0,0.45464494163424124,0.0,0.12092218143082688,1.7447603574329813,-0.03684540906583478,-12.144984682713348,0.4118294793141419,-0.09090909090909087,-1.7002820127576692,-0.7515282190404557,-0.7164879382531468,-0.07751937984496124,-0.04872766648619383,-0.05025699600228441,-0.22545993496582994,-0.6801585296457368,-0.7084063711787381,Communication Equipment,Technology,CLRO
2020Q1,2020,Q1,2020-05-20,2020-03-31,-1847000.0,5734000.0,-1751000.0,-0.11,2838000.0,0.4949424486,52346000.0,42614000.0,22204000.0,5405000.0,9732000.0,10350000.0,-15730000.0,27973218.0,29305218.0,2.5592879589327193,4.1080481036077705,0.07998700951362091,0.0982540948983902,-0.03639624549663426,2.5592879589327193,-0.04334256347679166,4.878482385769097,-3.7863045479155386,0.6564325808419768,0.0,0.27980676328502413,0.0,0.10954036602605739,1.9929694727104532,-0.035284453444389255,-22.043513002364065,0.4949424485524939,0.0833333333333333,-1.793584423359434,-0.7693362070996088,-0.6979626986460808,-0.058081646199800864,0.06952141057934509,0.11071609954291518,-1.0782317856260282,-0.7414395123362624,-0.704202002765861,Communication Equipment,Technology,CLRO
2019Q4,2019,Q4,2020-03-30,2019-12-31,-1985000.0,6325000.0,-1969000.0,-0.12,3013000.0,0.4763636364,55110000.0,44478000.0,25183000.0,6249000.0,10632000.0,11441000.0,-13883000.0,27632975.86,28388975.86,2.6719337205688856,4.029924787966075,0.08746144075485393,0.10836818202257295,-0.03777001769915883,2.6719337205688856,-0.04462880525203471,4.36884993833992,-3.4802236599496217,0.6212728958136606,0.0,0.2894851848614632,0.0,0.11477045908183632,2.0096015362457993,-0.03601887134821267,412.4324755223881,0.4763636363636364,0.0,-1.4304807301126008,-0.774290203660129,-0.6794713988713943,0.18762317698068584,-0.004554655870445344,0.061487130600571975,0.02892027829881316,-0.6862497523195219,-0.6943300785818751,Communication Equipment,Technology,CLRO
2019Q3,2019,Q3,2019-11-14,2019-09-30,-1976000.0,5992000.0,-2098000.0,-0.12,2537000.0,0.4233978638,53134000.0,45984000.0,27296000.0,4826000.0,7150000.0,11689000.0,-11898000.0,30138167.7915,30257167.7915,2.7624118551586436,5.656029838375466,0.04006850604132947,0.04629871259568546,-0.042184864112501226,2.7624118551586436,-0.042971468336812806,5.02973427762016,-3.8130273015561738,0.6554055278248957,0.0,0.29557703824108134,0.0,0.11277148341927956,2.0656858682138415,-0.03718899386456882,-4.785355317799301,0.4233978638184246,0.07692307692307698,-1.663386552614387,-0.7896201099934439,-0.6606116999091319,-0.13678121810139504,0.058150619637750235,0.0028517110266159697,-1.8759498212256231,-0.7512108496684503,-0.691766592238625,Communication Equipment,Technology,CLRO
2019Q2,2019,Q2,2019-08-14,2019-06-30,-2098000.0,6420000.0,-2104000.0,-0.13,2939000.0,0.457788162,55907000.0,48036000.0,25395000.0,5031000.0,7871000.0,12258000.0,-9922000.0,39747540.300000004,39664540.300000004,2.888380994987003,5.047704233750745,0.04058525766004257,0.047235406778249646,-0.04089698094644913,2.888380994987003,-0.0436755766508452,6.191205654205608,-4.73636085557674,0.8274531663752186,0.0,0.28397781040952846,0.0,0.11483356288121345,2.3722917908964423,-0.037526606686103706,-32.05446798387097,0.4577881619937695,0.07142857142857148,-2.2515317562486428,-0.7465101920244829,-0.6379826406790179,0.08690828402366864,0.0905938448201127,0.12003345880384776,-2.203739970583197,-0.7060208032369661,-0.6700964089609127,Communication Equipment,Technology,CLRO
2019Q1,2019,Q1,2019-05-17,2019-03-31,-2307000.0,6305000.0,-2391000.0,-0.14,2704000.0,0.4288659794,57936000.0,49979000.0,27862000.0,4981000.0,7957000.0,12331000.0,-7824000.0,34092723.849999994,32172723.849999994,3.005243888719088,5.593655892391086,0.04152858326429163,0.048140218891934615,-0.042858298664846306,3.005243888719088,-0.046159386942515854,5.407251998413956,-3.694486763112266,0.6821409762100081,0.0,0.2920282215554294,0.0,0.10882698149682409,2.740212808672957,-0.03981980115990058,-13.359217809561127,0.4288659793814433,0.3913043478260869,-3.571291303171682,-0.729038460474275,-0.6299900248002549,-0.1111111111111111,0.09029968454258674,0.08144448713023435,-1.9349395725240652,-0.7317975500051046,-0.6641623836297869,Communication Equipment,Technology,CLRO
2018Q4,2018,Q4,2019-04-15,2018-12-31,-2536000.0,7213000.0,-2603000.0,-0.23,3042000.0,0.4217385277,58915000.0,52201000.0,34365000.0,6008000.0,6714000.0,13228000.0,-5475000.0,13543501.25,2332501.25,4.81790113173283,5.719873501997337,0.0,0.0,-0.048618800774379335,4.81790113173283,-0.04858144479990805,1.8776516359351172,-1.335124334582019,0.2594490766460413,0.0,0.31531599637133356,0.0,0.12243062038530085,3.1531291611185086,-0.043045064924043114,-3.204045718003312,0.4217385276583946,0.8114754098360656,-2.2080159192221136,-0.579628551253162,-0.38449794069231935,0.02080536912751678,0.74995070005916,-0.12683982683982684,-2.3623047441361638,-0.5735441684611187,-0.4661252766241969,Communication Equipment,Technology,CLRO
2018Q3,2018,Q3,2018-11-09,2018-09-30,-10142000.0,6683000.0,-2310000.0,-1.22,2980000.0,0.4459075266,50799000.0,44736000.0,25530000.0,5282000.0,6063000.0,13299000.0,-2939000.0,17361017.63,14839017.629999999,5.38552762243811,4.833396440742143,0.0,0.0,-0.22719957081545064,5.38552762243811,-0.22670779685264664,2.5977880637438275,-0.4279485710412147,0.3880771108279685,0.0,0.27844198811940746,0.0,0.13155770782889428,1.8375615297235897,-0.19964959940156302,-5.686543606288896,0.44590752655992816,-3.692307692307692,-7.628002482446692,-0.41265466410061363,-0.29124358740994843,-0.08307692307692308,-3.688858067498844,0.22274562584118437,-5.616707663373053,-0.5379331439346701,-0.39537492592622575,Communication Equipment,Technology,CLRO
2018Q2,2018,Q2,2018-08-09,2018-06-30,-2163000.0,6971000.0,-2972000.0,-0.26,3250000.0,0.4662171855,61241000.0,54787000.0,28789000.0,5630000.0,6454000.0,14379000.0,7203000.0,31959211.900000002,27880211.900000002,6.599973449282709,5.113499111900533,0.0,0.0,-0.04014199837056271,6.599973449282709,-0.03948016865314764,4.584595022234974,-3.693852508090615,0.5833356799970796,0.0,0.2587801655191599,0.0,0.1138289707875443,2.1438721136767316,-0.035319475514769515,-11.537621624548738,0.4662171854827141,-0.18181818181818185,-3.26743113480184,-0.3474831146806053,-0.11290220734479646,-0.20712368870456208,-0.17172264355362946,-0.21703521703521703,-2.568552157697587,-0.4534636669247498,-0.23484212724937992,Communication Equipment,Technology,CLRO
2018Q1,2018,Q1,2018-06-20,2018-03-31,-1846000.0,7289000.0,-2442000.0,-0.22,4099000.0,0.5623542324,64186000.0,56874000.0,31541000.0,6552000.0,7312000.0,14622000.0,9367000.0,66041643.75,60464643.75,6.846411965631912,4.813949938949939,0.0,0.0,-0.03277987447067485,6.846411965631912,-0.032457713542216125,9.060453251474826,-8.943884581527628,1.1611921748074692,-0.31581798483206935,0.2181644097934619,0.008827763315627648,0.11356058953665908,2.2826617826617825,-0.028760165768236062,-38.71139727432591,0.5623542324049938,0.4883720930232558,-3.7824050080457896,-0.2888443763250761,-0.06415407142560127,-0.13759730696402273,0.4883592017738359,-0.34991708126036486,-2.5897921152590935,-0.4122778030945303,-0.19201284605777902,Communication Equipment,Technology,CLRO
2017Q4,2017,Q4,2018-04-20,2017-12-31,-3608000.0,9255000.0,-1809000.0,-0.43,4753000.0,0.5135602377,67877000.0,56567000.0,33886000.0,10600000.0,11310000.0,15970000.0,9160000.0,75045195.1,69474195.1,6.746263359371292,3.1967924528301888,0.0,0.0,-0.1135659768800401,6.746263359371292,-0.06378277087347747,8.108611031874661,-5.19991651191796,1.3266603337635017,-0.16324833702882482,0.2819035691922354,0.00784860375424622,0.1363495734932304,1.5145283018867925,-0.0531549714925527,-22.935573074572126,0.5135602377093463,0.6055045871559633,-1.1587605528275315,-0.22863034312404085,-0.07818688309402609,-0.26978030419419263,0.6110392410521777,-38.32608695652174,-2.553386216617171,-0.34432893874821446,-0.19070958206101946,Communication Equipment,Technology,CLRO
2017Q3,2017,Q3,2017-11-14,2017-09-30,-9276000.0,10560000.0,-46000.0,-1.09,6509000.0,0.6163825758,74372000.0,61584000.0,38323000.0,11533000.0,12788000.0,21089000.0,14325000.0,63474305.45,60461305.45,7.228134230809452,3.3228995057660624,0.0,0.0,-0.0005159876954681775,7.228134230809452,-0.15062353858144972,6.010824379734848,-1.7107132775442002,1.0306947494479086,-0.06457524795170332,0.19209066337901276,0.009436889395691686,0.14198892056150164,1.3029567328535507,-0.12472435862959177,-15.777853703703704,0.6163825757575757,-10.48577449947313,-11.680674733771491,-0.023950982804259915,0.5792093998435324,0.07249958807052233,-10.31219512195122,0.9585211902614968,-7.084390731607645,-0.2756091268803731,-0.11195566843447703,Communication Equipment,Technology,CLRO
2017Q2,2017,Q2,2017-08-09,2017-06-30,-820000.0,10311000.0,-1109000.0,-0.0949,6069000.0,0.5885947047,84743000.0,72444000.0,38617000.0,10953000.0,12299000.0,18610000.0,25427000.0,81414007.67500001,78047007.67500001,8.386575228253557,3.525700721263581,0.0,0.0,-0.01224670090000552,8.386575228253557,-0.011319087847164707,7.895840139171759,-24.821343803353663,1.1238198839793496,-0.7463414634146341,0.2279419666845782,0.0075171339364973715,0.12167376656479001,1.5271615082625765,-0.009676315447883601,-22.734992369449877,0.5885947046843177,-0.7771535580524344,-2.5035698130021107,-0.0672481928019754,0.8724275094455043,-0.09119496855345911,-0.7521367521367521,-1.108365019011407,-1.9417699412939102,-0.21617187304036015,0.051137583008774,Communication Equipment,Technology,CLRO
2017Q1,2017,Q1,2017-05-10,2017-03-31,-468000.0,11678000.0,-526000.0,-0.0534,6678000.0,0.5718444939,88059000.0,75863000.0,40705000.0,10840000.0,12196000.0,15901000.0,29141000.0,87242714.39999999,78603714.39999999,8.652147691544085,3.7550738007380073,0.0,0.0,-0.007653070741473147,8.652147691544085,-0.006169015198449837,7.470689707141633,-46.6040141025641,1.150003485229954,-0.938034188034188,0.31444563235016665,0.005031938804508357,0.13261563270080287,2.011439114391144,-0.005314618607978741,-54.52669649999999,0.5718444939201918,0.5549999999999999,-2.071999914150079,0.1933790552505127,0.9597329920363774,0.17363796133567663,0.5698529411764706,0.5508112724167379,-1.9893530352267583,-0.04809681006592829,0.06526494065587124,Communication Equipment,Technology,CLRO
2016Q4,2016,Q4,2017-03-16,2016-12-31,-1088000.0,10730000.0,-1171000.0,-0.12,5690000.0,0.5302889096,88124000.0,77449000.0,40140000.0,9321000.0,10675000.0,12907000.0,30976000.0,101006120.4,88906120.4,8.741238615080993,4.306404892178951,0.0,0.0,-0.015924641137545506,8.741238615080993,-0.014047954137561491,9.413431537744641,-23.20912693014706,1.304163002750197,-0.40808823529411764,0.3904857829084993,0.004395773228807231,0.1217602469247878,2.638236240746701,-0.012346239389950523,2104.294175,0.5302889095992545,-1.923076923076923,-1.786221953892218,-0.07913202844698469,1.0050705321771976,-0.25795513823682836,-1.8999172870140613,-1.8223314606741574,-1.633768140919375,-0.23529293714959978,0.11672079218177778,Communication Equipment,Technology,CLRO
2016Q3,2016,Q3,2016-11-09,2016-09-30,1209000.0,12908000.0,1424000.0,0.13,7668000.0,0.5940502014,91280000.0,79955000.0,43561000.0,9943000.0,11325000.0,13529000.0,33459000.0,100188220.4,87915220.4,8.962078040863176,4.381072111032887,0.0,0.0,0.014128813599381937,8.962078040863176,0.015121005565630667,7.761715246358848,20.717167162944584,1.2530575998999436,0.37138130686517784,0.38731613570847806,0.004481564780843238,0.14141104294478526,2.7975460122699385,0.01324496056091148,23.386606069094306,0.5940502014254726,0.3,-0.6350144836955304,0.14253367638966902,1.1378969548123594,0.0005219206680584551,0.26596858638743454,0.07878787878787878,-0.2643396611998596,0.056265282961564404,0.17944437888123718,Communication Equipment,Technology,CLRO
2016Q2,2016,Q2,2016-08-04,2016-06-30,955000.0,11966000.0,1320000.0,0.1,7664000.0,0.6404813639,90335000.0,79783000.0,42409000.0,9129000.0,10552000.0,14337000.0,33723000.0,102061265.6,92516265.6,8.755227507192503,4.645525249205828,0.0,0.0,0.011253816575752326,8.755227507192503,0.011969968539663839,8.529271736586995,26.71760879581152,1.2792357469636388,0.4869109947643979,0.30006277463904585,0.0045560869470542805,0.13246250069186916,2.844561288202432,0.01057176066862235,153.7067253012048,0.6404813638642821,-0.28571428571428575,-0.2865918380888697,-0.00687328711873137,1.2710102503296579,-0.09462492616656822,-0.3019005847953216,-0.3306288032454361,-0.08804509639026187,0.02032393658768859,0.1767839758004914,Communication Equipment,Technology,CLRO
2016Q1,2016,Q1,2016-05-10,2016-03-31,1368000.0,13033000.0,1972000.0,0.14,8465000.0,0.6495051024,94353000.0,82505000.0,46278000.0,10542000.0,11848000.0,15915000.0,36940000.0,106951744.8,93038744.8,8.948502913998276,4.389869095048378,0.0,0.0,0.01648883701267452,8.948502913998276,0.016580813284043393,8.206226102969385,19.545275,1.2963062214411247,0.3355263157894737,0.2870248193528118,0.004291655090417936,0.13813021313577734,2.649971542401821,0.014498744078089727,54.93155870570108,0.6495051024322873,-0.12499999999999993,0.6320173838141737,0.17981725497037102,1.4511175382705326,-0.06762859345742923,-0.1297709923664122,-0.2302888368462139,0.8577856662209206,0.14567636667513675,0.223183772893001,Communication Equipment,Technology,CLRO
2015Q4,2015,Q4,2016-03-15,2015-12-31,1572000.0,14283000.0,2562000.0,0.16,9079000.0,0.6356507736,93529000.0,82569000.0,46146000.0,9607000.0,10960000.0,15075000.0,36435000.0,118303345.32,104891345.32,9.024403892486648,4.8033725408556265,0.0,0.0,0.018709992400121302,9.024403892486648,0.019038622243214766,8.282807905902121,18.814145248091602,1.4327816168295606,0.494910941475827,0.3452072968490879,0.006576314455821849,0.1527119930716676,3.0462163006141356,0.016807621165627774,128.17263848320692,0.635650773646993,-0.36,0.8782637705258137,0.10375685946840554,1.539829823959668,-0.10885355319984295,-0.34960695076541165,-0.26966932725199544,-0.9366086544319604,0.09095520653416736,0.2330994859244244,Communication Equipment,Technology,CLRO
2015Q3,2015,Q3,2016-01-13,2015-09-30,2417000.0,15913000.0,3508000.0,0.25,10188000.0,0.6402312575,93141000.0,81406000.0,49524000.0,10326000.0,11735000.0,15825000.0,35641000.0,107661295.61999999,95174295.61999999,8.907218462099351,4.796048808832074,0.0,0.0,0.029240574720731764,8.907218462099351,0.02969068619020711,6.7656190297241245,11.135839431112949,1.322522856054836,0.13239553165080678,0.3617693522906793,0.002972284497945001,0.17084849851300715,2.753728452450126,0.025949903909127024,29.66693183246073,0.6402312574624521,0.5625,1.39256994739569,0.5008572080457947,1.5757181228925532,0.13313313313313313,0.5953795379537954,0.5298735281290885,1.5944300926325,0.37115687729759744,0.9460572635536,Communication Equipment,Technology,CLRO
2015Q2,2015,Q2,2015-08-12,2015-06-30,1515000.0,14013000.0,2293000.0,0.16,8991000.0,0.6416184971,90783000.0,78665000.0,48153000.0,10685000.0,12118000.0,15969000.0,33224000.0,117692399.835,106819399.835,8.625636204404277,4.5065980346279835,0.0,0.0,0.018570486883809655,8.625636204404277,0.01925888260344499,8.398801101477199,19.421188091584156,1.4961215259009726,0.0,0.31448431335712945,0.0,0.154357093288391,2.416003743565746,0.016688146459138825,-1401.0999980357142,0.6416184971098265,0.23076923076923075,3.2020770168562653,0.3807082274257868,1.5821620448202771,0.06251477192153156,0.19103773584905662,0.20747761979989468,1.631175057606065,0.20067038734827777,0.9258014238261326,Communication Equipment,Technology,CLRO
2015Q1,2015,Q1,2015-05-15,2015-03-31,1272000.0,13586000.0,1899000.0,0.13,8462000.0,0.6228470484,89681000.0,77109000.0,47272000.0,11046000.0,12572000.0,15409000.0,32029000.0,97007140.62,86142140.62,8.473416851032631,4.279558211117147,0.0,0.0,0.015639614926907387,8.473416851032631,0.01649612885655371,7.140228221698808,19.06586883254717,1.2580521160953972,0.0,0.3325329352975534,0.0,0.15149251234932706,2.42368278109723,0.014183606338020316,35.0585979833755,0.6228470484322096,-0.5185185185185185,4.75164621488152,0.5953573081367296,1.5743658876285285,-0.14671775738630635,-0.49643705463182897,-0.3749177090190915,1.8073437811997142,0.33770743389496943,0.9192500117022565,Communication Equipment,Technology,CLRO
2014Q4,2014,Q4,2015-03-31,2014-12-31,2526000.0,15351000.0,3038000.0,0.27,9917000.0,0.6460165462,88860000.0,76016000.0,44781000.0,10755000.0,12844000.0,14464000.0,31076000.0,89070519.7452,81630519.7452,8.33602277974821,4.16373779637378,0.0,0.0,0.03280866857511892,8.33602277974821,0.033229846348137235,5.8022617253077975,8.815372104631829,1.1717338421542833,0.0,0.3756913716814159,0.0,0.17275489534098581,2.2640632264063227,0.028426738690074276,118.44484008670211,0.646016546153345,0.5882352941176471,2.028236337031658,0.19026326834187665,1.3460917221179223,0.028734439834024895,0.534629404617254,-0.002953724975385625,0.7735618409244789,0.2800620923015767,0.9121218819486622,Communication Equipment,Technology,CLRO
2014Q3,2014,Q3,2014-10-31,2014-09-30,1646000.0,15739000.0,3047000.0,0.17,9640000.0,0.6124912637,89807000.0,74872000.0,44263000.0,12284000.0,14935000.0,13280000.0,30135000.0,77637281.19999999,68745281.19999999,8.139384458506772,3.603305112341257,0.0,0.0,0.02149047667381633,8.139384458506772,0.021984186344694946,4.932796314886587,11.79181063183475,1.0369334490864408,0.0,0.4592620481927711,0.0,0.17525359938534857,1.9810322370563334,0.018328192679857917,27.0796237181723,0.6124912637397547,0.7000000000000001,6.809878878339234,0.9980795880055635,1.564060311650005,0.19543650793650794,0.7623126338329764,1.6988485385296723,-0.518065302202949,0.3511271565229422,0.9416440214587434,Communication Equipment,Technology,CLRO
2014Q2,2014,Q2,2014-08-14,2014-06-30,934000.0,14111000.0,1129000.0,0.1,8064000.0,0.5714690667,87147000.0,73930000.0,40650000.0,10391000.0,13217000.0,13243000.0,29247000.0,91085477.93,84792477.93,7.978570421055483,3.9120392647483397,0.0,0.0,0.011955828268715257,7.978570421055483,0.012633572298119844,6.454927214938701,24.38048124464668,1.2320502898687948,0.0,0.4566185909537114,0.0,0.16192181027459351,2.105764603984217,0.010717523265287387,-104.33617174112257,0.5714690666855644,1.0,4.990080009819336,0.7270791927227687,1.4966993166217994,0.04700077901843677,0.9061224489795918,0.4835742444152431,-0.3138344947740129,0.1517567340022833,1.0695538972926455,Communication Equipment,Technology,CLRO
2014Q1,2014,Q1,2014-05-14,2014-03-31,490000.0,12708000.0,761000.0,0.05,7702000.0,0.6060749134,86436000.0,73769000.0,44248000.0,10058000.0,12667000.0,12641000.0,29482000.0,93096096.5,85447096.5,8.12206180954107,4.39928415191887,0.0,0.0,0.006003365001275567,8.12206180954107,0.006642356545432363,7.325786630468996,47.49800841836735,1.2619948284509754,0.0,0.3960129736571474,0.0,0.14702207413577675,2.110956452575065,0.005668934240362812,28.80448530321782,0.6060749134403526,-0.736842105263158,0.41860473625582034,0.6384886985766056,1.5180001728601917,-0.09907591531173236,-0.7185525560022975,-0.7235742826007991,-0.40658701980092665,0.16780366277504058,1.2247439979195662,Communication Equipment,Technology,CLRO
2013Q4,2013,Q4,2014-03-20,2013-12-31,1741000.0,14230000.0,2753000.0,0.19,8549000.0,0.6007730148,81061000.0,70335000.0,48066000.0,8649000.0,10726000.0,12278000.0,28992000.0,78802992.86,61610992.86,7.82759547084542,5.557405480402359,0.0,0.0,0.024486137526581186,7.82759547084542,0.02475296793914836,5.537806947294448,11.315765775416427,1.1203951497831806,0.0,0.4626975077374165,0.0,0.1755468104267157,3.4420164180830155,0.02147765263196852,-106.34681897435897,0.6007730147575545,0.05555555555555561,1.8518009201027694,0.412105400878667,1.469379709664072,0.14828744123572868,0.04690318701142514,0.1948784722222222,1.1181572234363266,0.1197324431156045,1.2029998505825665,Communication Equipment,Technology,CLRO
2013Q3,2013,Q3,2013-11-08,2013-09-30,1663000.0,12366000.0,2304000.0,0.18,7445000.0,0.6020540191,80995000.0,68598000.0,45912000.0,10042000.0,12397000.0,12442000.0,29667000.0,73215166.03999999,55025166.03999999,7.598559288878176,4.571997610037841,0.0,0.0,0.023380140697781826,7.598559288878176,0.02424268929123298,5.920683005013747,11.006489182200841,1.0673075897256479,0.0,0.39551519048384504,0.0,0.1526760911167356,2.85291774546903,0.020532131613062533,26.27967194544149,0.6020540190845868,0.6363636363636362,0.6427438776293376,0.35038377138186066,1.9022401176604775,0.08464452214452214,0.5913875598086125,0.5401069518716578,0.6665346822894138,0.18073019250723515,1.1972905404213232,Communication Equipment,Technology,CLRO
2013Q2,2013,Q2,2013-08-07,2013-06-30,1045000.0,11703000.0,1496000.0,0.11,6864000.0,0.5865162779,79388000.0,67655000.0,58399000.0,9340000.0,11733000.0,12304000.0,28004000.0,78112829.99,45726829.989999995,7.439961528399363,6.252569593147752,0.0,0.0,0.014975525105380779,7.439961528399363,0.015446012859359988,6.674598819960694,18.687279901913875,1.1545758626856848,0.0,0.3932867360208062,0.0,0.14741522648259184,4.407066381156317,0.01316319846828236,-128.89905938943895,0.5865162778774673,0.375,-0.689018292290103,0.2563800263325735,1.3409690798038958,-0.01928846978139734,0.42954856361149113,0.39943872778297473,1.9068917994624628,0.15645622150414099,1.2272196297528293,Communication Equipment,Technology,CLRO
2013Q1,2013,Q1,2013-05-06,2013-03-31,731000.0,11293000.0,1069000.0,0.08,6999000.0,0.6197644559,79499000.0,66960000.0,67052000.0,10109000.0,12539000.0,11604000.0,26960000.0,77982358.67999999,35402358.67999999,7.3157469157997514,6.6329013750123655,0.0,0.0,0.011061835034851393,7.3157469157997514,0.010916965352449223,6.905371352165058,26.669753310533515,1.1646110913978494,0.0,0.37004481213374696,0.0,0.14205210128429288,4.996240973390049,0.009195084214895784,-6.2732168514198365,0.6197644558576109,-0.9702602230483272,-0.19822971185965144,0.4342326560278728,1.6743520452722491,-0.055465587044534415,-0.9703928716079384,-0.9727948287270322,2.2863374583273353,0.3184553011647326,1.2226463814610184,Communication Equipment,Technology,CLRO
2012Q4,2012,Q4,2013-03-25,2012-12-31,24690000.0,13035000.0,39294000.0,2.69,7410000.0,0.5684695052,91939000.0,66668000.0,79287000.0,22820000.0,25271000.0,10873000.0,26229000.0,36529303.519999996,-18979696.480000004,7.318471863380329,3.474452234881683,0.0,0.0,0.37039915127170886,7.318471863380329,0.37034259314813706,2.8024014975067124,0.36987954151478325,0.5479285942281154,0.0,0.5173365216591557,0.0,0.1417787881095074,2.8000438212094654,0.2685476239680658,0.8912629561313619,0.5684695051783659,25.9,15.487445974051354,0.4379717430607888,1.6186178856651832,0.10317105850826262,25.576964477933263,27.228448275862068,28.62965612569029,0.011734352480802108,1.0597120126569672,Communication Equipment,Technology,CLRO
2012Q3,2012,Q3,2012-11-14,2012-09-30,929000.0,11573000.0,1392000.0,0.1,6717000.0,0.5804026614,50506000.0,41714000.0,38464000.0,7524000.0,8792000.0,11992000.0,1539000.0,36454852.0,22122852.0,4.577058768473398,5.11217437533227,0.0,0.0,0.021816196392734587,4.577058768473398,0.02227070048424989,3.149991532014171,9.81024004305705,0.8739236707100735,0.0,0.40493662441627754,0.0,0.22914109214746764,2.9238437001594897,0.018393854195541123,9.145723030607124,0.5804026613669748,0.6666666666666669,2.189912685341877,0.4741678305537691,0.7094385801315766,-0.053010009868884815,0.6156521739130435,0.23843416370106763,4.309676034544666,0.4829077144878577,0.4418602281486669,Communication Equipment,Technology,CLRO
2012Q2,2012,Q2,2012-08-14,2012-06-30,575000.0,11655000.0,1124000.0,0.06,7093000.0,0.6085800086,49477000.0,40792000.0,37417000.0,7384000.0,8685000.0,15064000.0,610000.0,37249347.8,26831347.799999997,4.4789852669581505,5.0673076923076925,0.0,0.0,0.01415888552329646,4.4789852669581505,0.014095901157089625,3.195997237237237,16.19536860869565,0.9131532604432242,0.0,0.3028412108337759,0.0,0.2355639994340805,2.4142741061755144,0.011621561533641894,-251.6847824324324,0.6085800085800086,0.1999999999999999,-0.6889696385110755,0.27661100180692755,0.612960908448539,0.16126391617550753,0.2693156732891832,0.5808720112517581,2.7519224251580945,0.45133275357509445,0.4015893656415416,Communication Equipment,Technology,CLRO
2012Q1,2012,Q1,2012-05-15,2012-03-31,453000.0,10154000.0,711000.0,0.05,6108000.0,0.6015363404,49751000.0,40168000.0,37023000.0,8405000.0,9583000.0,14475000.0,35000.0,40941684.0,30364684.0,4.414962511068182,4.404878048780488,0.0,0.0,0.011029432915455224,4.414962511068182,0.011277633937462657,4.032074453417373,22.59474834437086,1.01926120294762,0.0,0.2795164075993092,0.0,0.20409640007236035,2.1031528851873884,0.009105344616188619,-27.77590502035278,0.6015363403584795,-0.6875,-0.4297654976389711,0.31165581590865393,0.7207549976577619,-0.14080742720495146,-0.681210415200563,-0.6650965614696185,0.30923602052197746,0.3069465330264154,0.36872590072902894,Communication Equipment,Technology,CLRO
2011Q4,2011,Q4,2012-04-02,2011-12-31,1421000.0,11965000.0,2123000.0,0.16,7109000.0,0.594149603,49559000.0,39664000.0,41432000.0,8752000.0,9895000.0,12565000.0,-418000.0,39304016.64,22621016.64,4.35956664606175,4.73400365630713,0.0,0.0,0.03567470268075473,4.35956664606175,0.035825937878176686,3.2849157241955704,6.914851625615764,0.9909241791044776,0.0,0.38647035415837644,0.0,0.24142940737303012,2.8724862888482634,0.02867289493331181,10.639961191120737,0.5941496030087756,-0.5555555555555556,0.7178453939280817,0.5513497365640744,0.8638630199221253,0.018919306292102624,-0.578962962962963,-0.6043607901602683,1.298817221343411,0.1726403859176293,0.3753170381389695,Communication Equipment,Technology,CLRO
2011Q3,2011,Q3,2011-11-14,2011-09-30,3375000.0,11511000.0,5366000.0,0.36,6977000.0,0.6061158891,49033000.0,38105000.0,40915000.0,9835000.0,10928000.0,11912000.0,-1839000.0,44722401.48,31584401.479999997,4.192006551433517,4.160142348754448,0.0,0.0,0.08863712681458275,4.192006551433517,0.0885710536674977,3.885188209538702,3.3127704799999997,1.1736622878887284,0.0,0.38062458025520485,0.0,0.2347602634960129,2.5736654804270462,0.06883119531743928,30.279215626269462,0.6061158891495092,1.5714285714285712,5.682596621760558,0.6395981470307502,0.6326983166446584,-0.025013974287311346,1.5548826646479939,1.8649225840896957,2.311094450582327,0.24842140399097906,0.6011205709578765,Communication Equipment,Technology,CLRO
2011Q2,2011,Q2,2011-08-15,2011-06-30,1321000.0,11890000.0,1873000.0,0.14,7156000.0,0.6018502944,44361000.0,34668000.0,35206000.0,8703000.0,9693000.0,10212000.0,-5214000.0,58990800.0,46594800.0,3.855212677231026,4.045271745375158,0.0,0.0,0.03796242595415724,3.855212677231026,0.03810430368062767,4.961379310344827,11.164042392127175,1.7015922464520594,0.0,0.463572267920094,0.0,0.2680282229886612,2.4497299781684476,0.02977840896282771,-33.21554054054054,0.6018502943650126,0.5555555555555558,3.3428752478432435,0.6558032071376141,0.5446266057788303,0.13551253570295144,0.6268472906403941,0.5479338842975207,-0.6024697944031944,0.29078656096027505,0.21303499205155932,Communication Equipment,Technology,CLRO
2011Q1,2011,Q1,2011-05-17,2011-03-31,812000.0,10701000.0,1210000.0,0.09,6302000.0,0.5889169237,45075000.0,32607000.0,35747000.0,11434000.0,12468000.0,9800000.0,-6535000.0,60198336.96,46722336.96,3.650784906998866,3.1263774707014167,0.0,0.0,0.02467828026757091,3.650784906998866,0.024902628270003373,5.625487053546397,18.53397073891626,1.846178334713405,0.0,0.44887755102040816,0.0,0.23740432612312812,1.9318698618156376,0.018014420410427067,29.74226134387352,0.5889169236519951,-0.016393442622950834,11.450603485167635,0.6780168502415719,0.4509693204873628,-0.16319213915814632,-0.006119951040391677,27.13953488372093,-0.08731526778972243,0.392729637918467,0.33458472460212746,Communication Equipment,Technology,CLRO
2010Q4,2010,Q4,2011-03-31,2010-12-31,817000.0,12632000.0,43000.0,0.0915,7531000.0,0.5961842939,43981000.0,31735000.0,33997000.0,11241000.0,12246000.0,8780000.0,-7347000.0,34207660.32,22776660.32,3.553152974011992,3.0243750556000357,0.0,0.0,0.020127476116132175,3.553152974011992,0.02574444619505278,2.7080161747941736,10.467460318237453,1.0779158758468568,0.0,0.5809794988610478,0.0,0.2872149337213797,1.9021439373721198,0.01857620336054205,-402.4430625882353,0.5961842938568714,-0.1681818181818182,86.73732124123605,0.7811986178653,0.450003314943205,0.204189318835945,-0.17223910840932116,-0.9449423815620999,-0.44354919597747305,0.4212937808574357,0.27135146543484195,Communication Equipment,Technology,CLRO
2010Q3,2010,Q3,2010-11-15,2010-09-30,987000.0,10359000.0,781000.0,0.11,6254000.0,0.6037262284,41526000.0,30879000.0,30042000.0,9742000.0,10647000.0,6024000.0,-8164000.0,30538349.64,19022349.64,3.4581495478614213,3.0837610346951343,0.0,0.0,0.031479786027282096,3.4581495478614213,0.0319634703196347,2.948001702867072,7.735144285714285,0.9889682191780822,0.0,0.6814409030544488,0.0,0.2494581707845687,2.0859166495586123,0.023768241583586185,50.06286826229508,0.6037262284004248,1.7500000000000002,0.18903510194926115,0.3740884184145038,0.3225759459941689,0.10475181063416357,1.7960339943342776,0.5019230769230769,2.2903051306050495,0.34677392913783756,0.29154868923620186,Communication Equipment,Technology,CLRO
2010Q2,2010,Q2,2010-08-13,2010-06-30,353000.0,9937000.0,520000.0,0.04,5661000.0,0.569689041,41310000.0,29828000.0,29418000.0,9691000.0,11482000.0,6176000.0,-9151000.0,26787843.0,15881843.0,3.3404705261263477,3.0356000412754103,0.0,0.0,0.011834517902641813,3.3404705261263477,0.011834517902641813,2.695767636107477,18.971560198300285,0.8980770752313263,0.0,0.6923575129533679,0.0,0.24054708303074315,1.9951501393045092,0.008545146453643186,18.124386332882274,0.5696890409580356,1.0,1.2399668738302791,0.3795159470642739,0.513174280101886,0.08970163618864292,0.6267281105990783,0.13785557986870897,-0.8052450428621334,0.11014694892515531,0.20296184366008235,Communication Equipment,Technology,CLRO
2010Q1,2010,Q1,2010-05-17,2010-03-31,217000.0,8356000.0,457000.0,0.02,5195000.0,0.6217089517,39523000.0,29390000.0,26444000.0,8553000.0,10133000.0,6468000.0,-9504000.0,26966105.48,17538105.48,3.291457866091533,3.091780661756109,0.0,0.0,0.010382285968539797,3.291457866091533,0.0073834637631847565,3.227154796553375,31.06694179723502,0.917526555971419,0.0,0.48871366728509585,0.0,0.21142119778356905,1.878171401847305,0.005490473901272676,17.02405648989899,0.6217089516515079,0.0,3.534698557078595,0.48404460985100967,0.0,0.0,0.0,0.0,-0.7216719832511943,0.09982367379621489,0.28286311796713914,Communication Equipment,Technology,CLRO
2009Q3,2009,Q3,2009-11-16,2009-09-30,-275000.0,7646000.0,-646000.0,-0.0304,3954000.0,0.5171331415,40018000.0,28344000.0,30907000.0,9944000.0,11674000.0,9713000.0,-10420000.0,24286599.840000004,16226599.840000004,3.1744122482317807,3.1081053901850364,0.0,0.0,-0.010824940272409484,3.1744122482317807,-0.009702229748800452,3.176379785508763,-22.078727127272728,0.856851532599492,0.0,0.38010913209101205,0.0,0.19106402119046428,1.708467417538214,-0.006871907641561297,-13.854306811180836,0.5171331415119016,-2.8095238095238098,-1.108664828054917,0.4007048461474305,0.0,0.004573170731707317,-2.8333333333333335,-2.510869565217391,-1.5543274224553847,0.10871738820434518,0.23636675430573015,Communication Equipment,Technology,CLRO
2009Q2,2009,Q2,2009-10-13,2009-06-30,150000.0,7860000.0,-184000.0,0.0168,3936000.0,0.5007633588,40853000.0,28486000.0,28315000.0,10634000.0,12367000.0,7075000.0,-10145000.0,25761460.0,15960460.0,3.1956472963877047,2.6626857250329135,0.0,0.0,-0.023631634196002144,3.1956472963877047,0.0052657445762830865,3.2775394402035625,42.935766666666666,0.9043551218142246,0.0,0.5546289752650176,0.0,0.1923971311776369,1.5866089900319729,0.00367170097667246,177.66524137931034,0.500763358778626,-0.5800000000000001,1.0168217206568075,-0.7128902427249499,2.914307230716401,-0.01771899176441228,-0.5575221238938053,-1.4791666666666667,1.2683770793516171,0.10422411551191103,0.28036563737151216,Communication Equipment,Technology,CLRO
2009Q1,2009,Q1,2009-05-14,2009-03-31,339000.0,7612000.0,384000.0,0.04,4007000.0,0.5264056752,39373000.0,28753000.0,35612000.0,8850000.0,10620000.0,14046000.0,-9717000.0,26742000.0,15834000.0,3.2256001794929325,4.023954802259887,0.0,0.0,0.010196820825276986,3.2256001794929325,0.011790074079226515,3.5131371518654757,19.721238938053094,0.9300594720550899,0.0,0.2566566994162039,0.0,0.1933304548802479,2.0614689265536725,0.008609961140883346,-101.68060836501901,0.5264056752496059,-0.4285714285714286,4.966476980654651,0.3542098252922612,0.0,-0.3093760772147535,-0.43874172185430466,-0.49934810951760106,5.371565666261679,0.19597664946526072,0.28198374317543146,Communication Equipment,Technology,CLRO
2008Q4,2008,Q4,2009-02-17,2008-12-31,604000.0,9970000.0,767000.0,0.07,5802000.0,0.5819458375,40254000.0,28180000.0,36699000.0,10080000.0,12074000.0,12859000.0,-10056000.0,34937597.82,32614597.82,3.1698630389695177,3.6407738095238096,0.0,0.0,0.019049365648903298,3.1698630389695177,0.021433640880056778,3.5042725997993984,14.46092625,1.2398012001419447,0.0,0.3241309588614978,0.0,0.2476772494658916,1.9709325396825397,0.015004720027823323,-12.319322221438647,0.5819458375125376,-0.3636363636363636,1.435361713668965,0.4383426727023762,0.0,-0.1252826775214835,-0.4673721340388007,-0.5757743362831859,64.68085690170143,0.4124058153275358,0.29358683626612414,Communication Equipment,Technology,CLRO
2008Q3,2008,Q3,2008-11-12,2008-09-30,1134000.0,10258000.0,1808000.0,0.11,6633000.0,0.6466172743,39093000.0,26477000.0,24144000.0,10780000.0,12616000.0,10757000.0,-10660000.0,47631226.77,45900226.77,2.6181704410465683,2.2397031539888683,0.0,0.0,0.04134327991932314,2.6181704410465683,0.04282962571288288,4.6433248947163195,10.50071136904762,1.7989661506212937,0.0,0.33698986706330764,0.0,0.2623999181439132,1.0188311688311689,0.029007750748215794,-1161.737238292683,0.6466172743224801,-0.7027027027027027,-0.6043635366543286,0.6592124025398287,0.0,0.0961824491819534,-0.6965480331816966,14.801526717557252,0.20625513376899415,0.20145673932105507,0.0013243209746514007,Communication Equipment,Technology,CLRO
2008Q2,2008,Q2,2008-09-10,2008-06-30,3737000.0,10359000.0,-131000.0,0.37,6051000.0,0.5841297423,44300000.0,32140000.0,28885000.0,10406000.0,12160000.0,7799000.0,-11794000.0,39844380.78,36517380.78,3.178154548296132,2.7758024216798,0.0,0.0,-0.5858348092480015,3.178154548296132,0.11627255756067206,3.8463539704604695,2.6655325648916244,1.239713154324829,0.0,0.552378510065393,0.0,0.2338374717832957,1.588506630789929,0.08435665914221219,39.44988196039604,0.5841297422531132,2.7,0.0,0.0,0.0,0.05712788259958071,2.522148916116871,-1.1091666666666666,3.243082857885027,0.2697987600961394,0.43964800259657744,Communication Equipment,Technology,CLRO
2008Q1,2008,Q1,2008-05-13,2008-03-31,1061000.0,9163000.0,1200000.0,0.1,5724000.0,0.6246862381,39621000.0,29137000.0,25399000.0,8502000.0,10484000.0,7318000.0,-15531000.0,50593922.0,42027922.0,2.7355212746701074,2.987414725946836,0.0,0.0,0.03130158849415364,2.7355212746701074,0.03641418128153207,5.521545563680017,11.921282280867107,1.736414936335244,0.0,0.4699371412954359,0.0,0.23126624769692838,1.938955539872971,0.02677872845208349,87.08076075731498,0.6246862381316163,-0.375,11.389353330885095,0.36424622239600274,0.0,-0.10183587007688687,-0.4046015712682379,-0.3746743095362168,11.389353330885095,0.36424622239600274,0.0,Communication Equipment,Technology,CLRO
2007Q4,2007,Q4,2008-02-11,2007-12-31,1782000.0,10787000.0,1919000.0,0.16,6373000.0,0.5908037452,41602000.0,30296000.0,38942000.0,9321000.0,11306000.0,6792000.0,-16592000.0,58754930.079299994,55740930.079299994,2.7947841888054947,4.177877910095483,0.0,0.0,0.05058814317567416,2.7947841888054947,0.058819646157908634,5.446827670279039,8.242835308543771,1.9393626247458409,0.0,0.6498822143698468,0.0,0.25929041872986874,3.531809891642528,0.04283447911158118,502.1788895666666,0.5908037452489108,2.8867924528301887,4.892474497811849,0.2762370902391884,0.0,0.2391600233326852,2.8977635782747604,2.7303877366997296,4.892474497811849,0.2762370902391884,0.0,Communication Equipment,Technology,CLRO
2007Q3,2007,Q3,2007-11-13,2007-09-30,-939000.0,9442000.0,-1109000.0,-0.0848,5143000.0,0.5446939208,42729000.0,29349000.0,40101000.0,11484000.0,13380000.0,7490000.0,-18374000.0,79359493.44,76853493.44,2.6775216270836117,3.491901776384535,0.0,0.0,-0.046200067506558994,2.6775216270836117,-0.03199427578452418,8.404945291251853,-21.128725623003195,2.703993098231626,0.0,0.5739652870493992,0.0,0.22097404573006624,2.9265935214211076,-0.021975707365021413,80.81414810590631,0.5446939207794959,-1.424,0.1433463464405904,-0.23136047015892333,-0.5578262354897021,-0.22440054290453929,-1.4220224719101124,-1.5638027452974073,-1.3022451828958734,0.4090091908275374,0.0,Communication Equipment,Technology,CLRO
2007Q2,2007,Q2,2007-09-17,2007-06-30,2225000.0,10988000.0,1967000.0,0.2,6631000.0,0.6034765198,41063000.0,30438000.0,38317000.0,9151000.0,10625000.0,7263000.0,-17155000.0,51517903.2,48735903.2,2.7768715555954535,4.187192656540269,0.0,0.0,0.06022159037393579,2.7768715555954535,0.07309941520467836,4.6885605387695675,5.7885284494382025,1.6925521781983048,0.0,0.5998898526779568,0.0,0.2675888269244819,3.3702327614468364,0.05418503275454789,69.6187881081081,0.6034765198398253,1.3121387283236998,-0.03362467061727101,-0.298288681250197,-0.5485201315062657,0.28383349467570185,1.3177083333333333,2.576363636363636,1.2029184246190348,-0.6735953285578098,2.4013542173833384,Communication Equipment,Technology,CLRO
2007Q1,2007,Q1,2007-05-11,2007-03-31,960000.0,9355000.0,550000.0,0.0865,5165000.0,0.5521111705,39140000.0,28209000.0,36353000.0,9327000.0,10931000.0,6953000.0,-19380000.0,71245053.36,69933053.36,2.5657124442920063,3.8976090918837785,0.0,0.0,0.016608190423472054,2.5657124442920063,0.03403169201318728,7.615719226082309,18.5533993125,2.5256142848027223,0.0,0.6026175751474184,0.0,0.23901379662749106,3.1059290232657877,0.02452733776188043,15.974227210762331,0.5521111704970604,-0.038888888888888924,-0.5634223215072626,-0.37827607244981304,-0.5048571937211175,-0.015627977892128834,-0.11439114391143912,-0.3735763097949886,10.106875357669043,0.349347759289992,0.0,Communication Equipment,Technology,CLRO
