Year,Date,FillingDate,NetIncome,Revenue,OperatingIncome,EPSDiluted,GrossProfit,GrossProfitRatio,TotalAssets,CommonStockEquity,CurrentAssets,CurrentLiability,TotalLiability,Inventory,RetainedEarnings,EnterpriseValue,bookValuePerShare,currentRatio,debtToAssets,debtToEquity,roic,shareholdersEquityPerShare,roe,priceToSalesRatio,peRatio,pbRatio,payoutRatio,inventoryTurnover,dividendYield,assetTurnover,quickRatio,returnOnAssets,priceToFreeCashFlowsRatio,grossProfitMargin,epsdilutedGrowth,fiveYNetIncomeGrowthPerShare,fiveYRevenueGrowthPerShare,fiveYShareholdersEquityGrowthPerShare,grossProfitGrowth,netIncomeGrowth,operatingIncomeGrowth,threeYNetIncomeGrowthPerShare,threeYRevenueGrowthPerShare,threeYShareholdersEquityGrowthPerShare,Industry,Sector,Price,MarketCap,AvgVolume,Symbol
2022,2022-05-31,2022-07-22,81000000.0,1642900000.0,97400000.0,2.27,877400000.0,0.5340556333,1940800000.0,1218400000.0,996000000.0,619700000.0,722400000.0,281400000.0,976500000.0,1075285000.0,35.31594202898551,1.6072293045021784,0.050030915086562246,0.07969468154957321,0.06255115372841553,35.31594202898551,0.0664806303348654,0.7881094406232881,15.985,1.0626928759028234,0.25555555555555554,2.720326936744847,0.01598721023181455,0.8465065952184666,1.0372761013393577,0.041735366859027206,7.036875,0.5340556333313043,8.09375,0.5574661235347911,-0.05136751479565689,-0.06319191623700343,0.3843483748816661,8.431192660550458,9.935779816513762,4.297658862876255,0.01350396208873014,-0.023317756583681598,Publishing,Communication Services,38.59,1275329961,167591,SCHL
2021,2021-05-31,2021-07-23,-10900000.0,1300300000.0,-10900000.0,-0.32,633800000.0,0.4874259786,2008300000.0,1182300000.0,1028300000.0,695500000.0,826000000.0,269700000.0,916400000.0,1105967000.0,34.46938775510204,1.4785046728971962,0.14071602848180054,0.23902562801319463,-0.004191884658076143,34.46938775510204,-0.009219318277932842,0.9150711374298239,-109.1621100917431,1.0064002368265246,-1.889908256880734,2.471264367816092,0.01731285933637961,0.6474630284320072,1.0228612508986341,-0.005427475974704974,49.99441176470588,0.4874259786203184,0.7460317460317459,-1.2675037252996437,-0.22739430964023233,-0.06557699797476234,-0.13897568265181362,0.7505720823798627,-1.4560669456066946,-1.2255067055393587,-0.18481743513280657,-0.0861749836215528,Publishing,Communication Services,38.59,1275329961,167591,SCHL
2020,2020-05-31,2020-07-27,-43700000.0,1487100000.0,23900000.0,-1.26,736100000.0,0.4949902495,2033600000.0,1180600000.0,1035300000.0,501500000.0,853000000.0,270600000.0,948000000.0,644728000.0,34.12138728323699,2.064406779661017,0.02080055074744296,0.03582923936981196,0.009431826442762045,34.12138728323699,-0.03701507707945113,0.690557460829803,-23.49949656750572,0.8698356767745214,-0.4759725400457666,2.7753141167775315,0.020254584547310037,0.7312647521636507,1.4428713858424727,-0.021488985051140833,-16.070860719874805,0.49499024947885145,-3.9302325581395348,-1.1401267614753423,-0.1412191326723521,-0.07439825433430071,-0.15778032036613274,-3.801282051282051,-0.42822966507177035,-1.837834083046895,-0.14381023296629775,-0.0948792641603914,Publishing,Communication Services,38.59,1275329961,167591,SCHL
2019,2019-05-31,2019-07-29,15600000.0,1653900000.0,41800000.0,0.43,874000000.0,0.528447911,1878500000.0,1272800000.0,960600000.0,541500000.0,605700000.0,323700000.0,1012600000.0,848068000.0000002,36.15909090909091,1.773961218836565,0.009262709608730369,0.013670647391577624,0.01928785664846574,36.15909090909091,0.01225644248900063,0.7042553963359334,74.66461538461539,0.9151225644248902,1.3525641025641026,2.409329626197096,0.018115195472403086,0.8804365184988022,1.0788550323176362,0.008304498269896194,54.42841121495328,0.5284479109982466,4.071428571428571,-0.6807394041769042,-0.1753055657061755,0.2634351351619758,-0.011088481556913329,4.12,-0.24820143884892087,-0.626939393939394,-0.042420051030389996,-0.01977120922970158,Publishing,Communication Services,38.59,1275329961,167591,SCHL
2018,2018-05-31,2018-07-25,-5000000.0,1628400000.0,55600000.0,-0.14,883800000.0,0.5427413411938099,1825400000.0,1320800000.0,958300000.0,445800000.0,504600000.0,294900000.0,1065200000.0,1191369840.0,37.71989947452593,2.149618663077613,0.004327818560315547,0.00598122350090854,0.13948470936504354,37.71989947452593,-0.0037855844942459114,0.9674341930729551,-315.07396800000004,1.1927391278013326,-4.22,2.5249237029501526,0.013393680305571927,0.8920784485592199,1.338716913414087,-0.0027391256710857896,78.768492,0.5427413411938099,-1.0952380952380951,-1.14600583141781,-0.17493769673156595,0.38765942074262444,-0.046704778341063534,-1.095602294455067,-0.374578177727784,-1.0158423359097524,-0.07079220250191888,0.023217623308888772,Publishing,Communication Services,38.59,1275329961,167591,SCHL
2017,2017-05-31,2017-07-24,52300000.0,1741600000.0,88900000.0,1.47,927100000.0,0.5323265962333487,1760400000.0,1307900000.0,970500000.0,387100000.0,452500000.0,282500000.0,1091200000.0,1037635820.0,37.69816106531389,2.507104107465771,0.0035219268348102703,0.004740423579784387,0.04040580596954066,37.69816106531389,0.03998776664882636,0.8472300298576022,28.212921988527725,1.1281717409587888,0.3977055449330784,2.8831858407079647,0.014096574083847044,0.9893206089525108,1.6618444846292948,0.029709157009770507,19.491886657859972,0.5323265962333487,0.2672413793103449,-0.5406941762264368,-0.2711256945684171,0.41657548505093756,0.018231740801757275,0.291358024691358,0.3150887573964497,0.0859521754417126,-0.11890949371265705,0.3172117999498195,Publishing,Communication Services,38.59,1275329961,167591,SCHL
2016,2016-05-31,2016-07-26,40500000.0,1672800000.0,67600000.0,1.16,910500000.0,0.544296987087518,1713100000.0,1257600000.0,950100000.0,378300000.0,455500000.0,271200000.0,1059800000.0,937892600.0,36.88841957057374,2.5114988104678826,0.00367754363434709,0.005009541984732824,0.03425546928346021,36.88841957057374,0.032204198473282444,0.795846843615495,32.87142222222222,1.0585978053435114,0.5061728395061729,2.810840707964602,0.015398568278678934,0.976475395481875,1.5754692043351837,0.023641351935088435,-11.6270096069869,0.544296987087518,-0.8681818181818182,-0.001991327140475699,-0.1479327905198341,0.6500090375486361,0.03784338310726092,-0.8625254582484725,1.0547112462006079,0.21470067941748697,-0.12947003504412746,0.35707050248061645,Publishing,Communication Services,38.59,1275329961,167591,SCHL
2015,2015-05-31,2015-07-29,294600000.0,1635800000.0,32900000.0,8.8,877300000.0,0.5363125076415209,1822300000.0,1204900000.0,1110500000.0,547600000.0,617400000.0,257600000.0,1039900000.0,945838100.0,36.86400489521187,2.027940102264427,0.0032925423914832905,0.004979666362353722,0.014084717108339495,36.86400489521187,0.24450161839156775,0.8843612299792151,4.910516293279023,1.2006291808448835,0.06687033265444671,2.9444875776397517,0.013617780424834657,0.8976568073313944,1.2794010226442658,0.16166383142182955,10.590322840409955,0.5363125076415209,5.470588235294118,4.864274033698756,-0.04504630857730561,0.6203470359769186,-0.10140325719553415,5.635135135135135,-0.4786053882725832,1.7462425424506653,-0.2733248428015748,0.385230582597387,Publishing,Communication Services,38.59,1275329961,167591,SCHL
2014,2014-05-31,2014-07-29,44400000.0,1822300000.0,63100000.0,1.36,976300000.0,0.535751522800856,1528500000.0,915400000.0,663400000.0,429700000.0,613100000.0,272700000.0,765100000.0,1134581800.0,28.619665468188213,1.5438678147544798,0.08884527314360484,0.14835044789163207,0.052761507634509916,28.619665468188213,0.04850338649770592,0.5595575920539977,22.965806306306305,1.1139193795062268,0.4009009009009009,3.102310231023102,0.017456426112538247,1.1922145894667975,0.6381196183383756,0.029048086359175662,-8.216614020950846,0.535751522800856,0.43157894736842123,4.75674349099392,0.1922768609065443,0.41093127849539346,0.014021603656003323,0.42765273311897106,-0.07069219440353461,0.1661875133410409,-0.010636617583869775,0.2801499013473377,Publishing,Communication Services,38.59,1275329961,167591,SCHL
2013,2013-05-31,2013-07-29,31100000.0,1792400000.0,67900000.0,0.95,962800000.0,0.5371568846239678,1441000000.0,864400000.0,721200000.0,421700000.0,576600000.0,278100000.0,738900000.0,933932000.0,27.18238993710692,1.7102205359260139,0.041429562803608606,0.06906524757056919,0.046364813386404094,27.18238993710692,0.03597871355853771,0.5365052443650971,30.920643086816717,1.112484960666358,0.5112540192926045,2.9830996044588276,0.016534391534391537,1.2438584316446912,0.716860327246858,0.021582234559333797,7.14968029739777,0.5371568846239678,-0.7040498442367601,3.200471698113208,-0.011009711129817077,0.20485453048452382,-0.16971369437737152,-0.6962890625,-0.6355340848094472,-0.36369802352044306,0.07549504177364477,0.19479435537620726,Publishing,Communication Services,38.59,1275329961,167591,SCHL
2012,2012-05-31,2012-07-27,102400000.0,2148800000.0,186300000.0,3.21,1159600000.0,0.5396500372300819,1670300000.0,830300000.0,929900000.0,502500000.0,840000000.0,295300000.0,723900000.0,862640000.0,26.612179487179485,1.850547263681592,0.1297371729629408,0.2609900036131519,0.10741934005470369,26.612179487179485,0.12332891725882211,0.3913067758749069,8.211328125,1.012694206913164,0.12890625,3.349813748730105,0.015698587127158554,1.2864754834460874,1.0129353233830847,0.061306352152307966,4.071864406779661,0.5396500372300819,1.7672413793103448,1.295140778914572,0.3460013639834842,0.003847545306147874,0.13663987453440501,1.598984771573604,0.8500496524329693,9.882194728348573,0.4412688376891049,0.3119634982851543,Publishing,Communication Services,38.59,1275329961,167591,SCHL
2011,2011-05-31,2011-07-27,39400000.0,1906100000.0,100700000.0,1.16,1020200000.0,0.5352290016263574,1487000000.0,740000000.0,758100000.0,422700000.0,747000000.0,309900000.0,635800000.0,1055244000.0,22.356495468277945,1.79347054648687,0.17410894418291864,0.34986486486486484,0.05134400101787073,22.356495468277945,0.05324324324324324,0.4730307958659042,22.8843654822335,1.2184378378378378,0.27411167512690354,2.8586640851887704,0.011978119967525987,1.2818426361802286,0.770286255027206,0.026496301277740417,5.851031797534069,0.5352290016263574,-0.23684210526315796,-0.2785864615574326,0.048334298454185,-0.11418255473437476,-0.031241097711518374,-0.2976827094474153,-0.21573208722741433,3.678247734138973,0.01041991985246016,-0.009052371294975993,Publishing,Communication Services,38.59,1275329961,167591,SCHL
2010,2010-05-31,2010-07-26,56100000.0,1912900000.0,128400000.0,1.52,1053100000.0,0.5505253803126143,1600400000.0,830400000.0,894500000.0,393400000.0,770000000.0,315700000.0,607800000.0,985130000.0,22.75068493150685,2.2737671581087953,0.19288927768057987,0.3717485549132948,0.05651594907094975,22.75068493150685,0.0675578034682081,0.48122222803073866,16.408734402852048,1.1085380539499037,0.19429590017825313,2.7234716503009184,0.011841004638632092,1.1952636840789803,1.1606507371631927,0.035053736565858536,5.364393939393939,0.5505253803126143,4.454545454545454,-0.04535012812373504,0.006333760187364075,-0.030397709190259022,0.07404385517593065,4.923076923076923,0.8238636363636364,0.07481560577636813,0.02424417178261979,-0.14181327262093982,Publishing,Communication Services,38.59,1275329961,167591,SCHL
2009,2009-05-31,2009-07-30,-14300000.0,1849300000.0,70400000.0,-0.44,980500000.0,0.5302006164494674,1608800000.0,785000000.0,819800000.0,407400000.0,823800000.0,344800000.0,562800000.0,1031474000.0,20.28423772609819,2.0122729504172803,0.22476379910492292,0.46063694267515926,0.022297885818354582,20.28423772609819,-0.01821656050955414,0.4398821175579949,-56.8862937062937,1.036272611464968,-0.5874125874125874,2.519721577726218,0.010326082947949166,1.1494903033316757,0.8370152184585175,-0.008888612630532073,8.978741721854304,0.5302006164494674,0.0,-1.2496682700169905,-0.15588183784922416,-0.06494737511772805,-0.14879763868391355,0.1686046511627907,-0.6594097726173198,-1.2239448773928177,-0.13008160987637227,-0.19629032791887097,Publishing,Communication Services,38.59,1275329961,167591,SCHL
2008,2008-05-31,2008-07-30,-17200000.0,2205600000.0,206700000.0,-0.44,1151900000.0,0.5222615161407327,1761600000.0,873100000.0,918000000.0,441700000.0,888500000.0,370200000.0,588300000.0,1494870000.0,22.560723514211887,2.078333710663346,0.2334809264305177,0.47108005955789717,0.09496640287594954,22.560723514211887,-0.019699919825907686,0.5456882480957562,-69.97500000000001,1.3785018898178902,0.0,2.8462992976769312,0.0,1.2520435967302452,0.7699796241793072,-0.009763851044504996,4.7798649722001585,0.5222615161407327,-1.3098591549295775,-1.2962962988244215,0.1369540808967753,0.14078730625004598,-0.018657352189470098,-1.2824302134646963,0.684596577017115,-1.276052448591671,0.09435550746141268,-0.03849359843179942,Publishing,Communication Services,38.59,1275329961,167591,SCHL
TTM,,,,,,,,,,,,,,,,1166329961.0,34.12166172106825,1.4569006123410269,0.047829560585885486,0.07809374728237238,0.053676852162764424,34.12166172106825,0.05277000441854104,0.7545884628128514,20.741355661881983,1.130953126358814,0.3843700159489633,2.151292517006803,0.020730759264058044,0.9001864181091878,0.7677814413565709,0.03339547270306258,49.81757660156251,0.5322170285781906,,,,,,,,,,,Publishing,Communication Services,38.59,1275329961,167591,SCHL
