Quarters,Year,Quarter,FillingDate,Date,NetIncome,Revenue,OperatingIncome,EPSDiluted,GrossProfit,GrossProfitRatio,TotalAssets,CommonStockEquity,CurrentAssets,CurrentLiability,TotalLiability,Inventory,RetainedEarnings,MarketCap,EnterpriseValue,bookValuePerShare,currentRatio,debtToAssets,debtToEquity,roic,shareholdersEquityPerShare,roe,priceToSalesRatio,peRatio,pbRatio,payoutRatio,inventoryTurnover,dividendYield,assetTurnover,quickRatio,returnOnAssets,priceToFreeCashFlowsRatio,grossProfitMargin,epsdilutedGrowth,fiveYNetIncomeGrowthPerShare,fiveYRevenueGrowthPerShare,fiveYShareholdersEquityGrowthPerShare,grossProfitGrowth,netIncomeGrowth,operatingIncomeGrowth,threeYNetIncomeGrowthPerShare,threeYRevenueGrowthPerShare,threeYShareholdersEquityGrowthPerShare,Industry,Sector,Symbol
2023Q3,2023,Q3,2023-03-24,2023-02-28,-19300000.0,324900000.0,-27700000.0,-0.57,163800000.0,0.5041551247,1877500000.0,1149900000.0,927900000.0,636900000.0,727600000.0,367500000.0,966400000.0,1537057000.0,1428057000.0,34.12166172106825,1.4569006123410269,0.047829560585885486,0.07809374728237238,-0.015408111328295003,34.12166172106825,-0.016784068179841724,4.730861803631886,-19.910064766839376,1.3366875380467866,-0.35751295336787564,0.4383673469387755,0.004489098322313356,0.1730492676431425,0.7677814413565709,-0.010279627163781625,-301.38372549019607,0.5041551246537396,-1.2688679245283019,0.5931965453185689,-0.022535813621960058,-0.05925857224053861,-0.4998473282442748,-1.2563081009296149,-1.2767232767232768,0.5431094907518451,-0.10785705485043577,-0.016029148933482194,Publishing,Communication Services,SCHL
2023Q2,2023,Q2,2022-12-16,2022-11-30,75300000.0,587900000.0,100100000.0,2.12,327500000.0,0.5570675285,2034000000.0,1218100000.0,1082300000.0,724700000.0,815900000.0,380400000.0,992400000.0,1418640000.0,1247140000.0,35.30724637681159,1.4934455636815234,0.04405113077679449,0.07355717921352926,0.05371790332252101,35.30724637681159,0.061817584763155735,2.4130634461643137,4.7099601593625495,1.1646334455299236,0.09163346613545817,0.6845425867507886,0.004863813229571985,0.28903638151425765,0.861597902580378,0.037020648967551625,20.589840348330913,0.55706752849124,2.6060606060606064,0.33915084139191337,-0.002173375287953542,-0.050468972468552094,1.7660472972972974,2.658590308370044,2.7228915662650603,0.06898640538885477,-0.007754322102177229,-0.025576043248217342,Publishing,Communication Services,SCHL
2023Q1,2023,Q1,2022-09-23,2022-08-31,-45400000.0,262900000.0,-58100000.0,-1.32,118400000.0,0.4503613541,1931700000.0,1166300000.0,991500000.0,668300000.0,765400000.0,379100000.0,924100000.0,1574713000.0,1428313000.0,34.00291545189504,1.4836151428998952,0.04829942537661128,0.07999657035068164,-0.03383099814873101,34.00291545189504,-0.0389265197633542,5.989779383796121,-8.671327092511012,1.3501783417645545,-0.11233480176211454,0.3811659192825112,0.00323868539854564,0.1360977377439561,0.7825826724524914,-0.023502614277579333,-21.96252440725244,0.4503613541270445,-1.9041095890410962,0.2685831453011794,0.4259949827106923,-0.037085580123326245,-0.5914423740510697,-1.871401151631478,-1.8870229007633588,0.21101223493060228,0.14908235963590696,-0.008101334513106927,Publishing,Communication Services,SCHL
2022Q4,2022,Q4,2022-07-22,2022-05-31,52100000.0,514400000.0,65500000.0,1.46,289800000.0,0.5633748056,1940800000.0,1218400000.0,996000000.0,619700000.0,722400000.0,281400000.0,976500000.0,1290356460.0,1070856460.0,35.43714734454075,1.6072293045021784,0.050030915086562246,0.07969468154957321,0.045194806295580696,35.43714734454075,0.04276099803020354,2.5084690124416795,6.191729654510557,1.0590581582403151,0.09980806142034548,0.7981520966595593,0.004029894189083224,0.26504534212695796,1.0372761013393577,0.026844600164880463,38.51810328358209,0.5633748055987559,4.318181818181818,0.3454495431590192,0.04762160027597445,-0.052146398383615816,0.6569468267581475,4.450331125827814,4.358974358974359,1.9789312583659955,0.11849114678844716,-0.01927032803221048,Publishing,Communication Services,SCHL
2022Q3,2022,Q3,2022-03-18,2022-02-28,-15100000.0,344500000.0,-19500000.0,-0.44,174900000.0,0.5076923077,1940500000.0,1185300000.0,991300000.0,659200000.0,755200000.0,299400000.0,929500000.0,1455968000.0,1240268000.0,34.25722543352601,1.5037924757281553,0.048028858541612984,0.07862988273011053,-0.010950818940509663,34.25722543352601,-0.012739390871509323,4.226322206095791,-24.10543046357616,1.2283540032059395,-0.3443708609271523,0.5664662658650634,0.003571507066089365,0.1775315640298892,0.9397754854368932,-0.007781499613501675,52.56202166064982,0.5076923076923077,-1.2291666666666667,0.014351212371443652,0.030048046339056424,-0.06107127044643969,-0.3888888888888889,-1.2207602339181287,-1.2203389830508475,-0.22144577484172848,-0.024934266814131568,-0.048080486239622716,Publishing,Communication Services,SCHL
2022Q2,2022,Q2,2021-12-17,2021-11-30,68400000.0,524200000.0,88500000.0,1.92,286200000.0,0.5459748188,1980700000.0,1208800000.0,1027500000.0,671700000.0,770700000.0,279300000.0,950100000.0,1303473200.0,1095273200.0,34.90615073635576,1.5297007592675302,0.046700661382339574,0.0765221707478491,0.04924928882884664,34.90615073635576,0.05658504301786896,2.4865951926745518,4.764156432748538,1.0783199867637325,0.07456140350877193,0.8521303258145363,0.003912623596710695,0.26465391023375573,1.0180139943427124,0.034533245822184075,18.782034582132564,0.5459748187714613,3.7428571428571433,0.0037566923551603892,-0.16173488745665537,-0.055464525322543944,1.2624505928853755,3.8264462809917354,3.765625,-0.028968650232223548,-0.11885532717746031,-0.0435182111787927,Publishing,Communication Services,SCHL
2022Q1,2022,Q1,2021-09-24,2021-08-31,-24200000.0,259800000.0,-32000000.0,-0.7,126500000.0,0.4869130100076982,1925300000.0,1148300000.0,958100000.0,661600000.0,775700000.0,298100000.0,887000000.0,1144021080.0,1008721080.0,33.364325769241944,1.448155985489722,0.09001194619020413,0.15091874945571715,-0.016683824852317806,33.364325769241944,-0.021074632064791432,4.403468360277136,-11.818399586776861,0.9962736915440217,-0.21487603305785125,0.4471653807447165,0.004545370789845935,0.13494000934919234,0.8892079806529625,-0.012569469693034852,21.42361573033708,0.4869130100076982,-4.181818181818182,0.38883562063967103,-0.08092449315347382,-0.057607013804933827,-0.3780727630285152,-4.184210526315789,-4.298969072164948,0.5979708802238888,0.21140435965231852,-0.033085617755778896,Publishing,Communication Services,SCHL
2021Q4,2021,Q4,2021-07-23,2021-05-31,7600000.0,401400000.0,9700000.0,0.22,203400000.0,0.5067264573991032,2008300000.0,1180800000.0,1028300000.0,695500000.0,826000000.0,269700000.0,916400000.0,1192572820.0,1108672820.0,34.34754785036942,1.4785046728971962,0.14071602848180054,0.23932926829268292,0.0060009319964005655,34.34754785036942,0.006436314363143632,2.9710334329845542,39.229369078947364,1.0099702066395664,0.6842105263157895,0.7341490545050056,0.004360320739156206,0.19987053727032814,1.0228612508986341,0.003784295175023652,48.87593524590164,0.5067264573991032,1.5365853658536586,-0.7774914189307115,-0.2223299791539761,-0.0653566833750858,0.5467680608365019,1.5467625899280575,1.4008264462809918,-0.8481655774178963,-0.1790041337845559,-0.09268175007617413,Publishing,Communication Services,SCHL
2021Q3,2021,Q3,2021-03-19,2021-02-28,-13900000.0,277500000.0,-24200000.0,-0.41,131500000.0,0.47387387387387386,2035000000.0,1175400000.0,1058300000.0,730000000.0,858200000.0,304800000.0,913900000.0,1016700800.0,945800800.0,34.22033306160475,1.4497260273972603,0.13872235872235872,0.24017355793772333,-0.009939972890983025,34.22033306160475,-0.01182576144291305,3.6637866666666667,-18.285985611510792,0.8649828143610687,-0.3669064748201439,0.479002624671916,0.00501622502903509,0.13636363636363635,0.9486301369863014,-0.00683046683046683,184.85469090909092,0.47387387387387386,-1.4019607843137254,-0.5423311077468524,-0.2428407552781844,-0.04274046293744534,-0.36442725954567423,-1.396011396011396,-1.4959016393442623,0.7125445346103629,-0.18088934200635015,-0.05653818252054056,Publishing,Communication Services,SCHL
2021Q2,2021,Q2,2020-12-18,2020-11-30,35100000.0,406200000.0,48800000.0,1.02,206900000.0,0.5093549975381585,2106900000.0,1186400000.0,1111100000.0,606600000.0,919000000.0,306500000.0,933100000.0,814663400.0,748863400.0,34.54360168874654,1.8316848005275306,0.13802268736057716,0.24511126095751853,0.022938847545120263,34.54360168874654,0.029585300067430882,2.005572131954702,5.802445868945869,0.6866684086311531,0.14814814814814814,0.6502446982055465,0.006383004318102421,0.192795101808344,1.2416749093306956,0.016659547202050404,22.69257381615599,0.5093549975381585,1.879310344827586,-0.46064817234528366,-0.3268722874904186,-0.05203677474460549,1.248913043478261,1.8819095477386936,1.856140350877193,-0.3729571600013156,-0.30745639845724876,-0.07100595565859658,Publishing,Communication Services,SCHL
2021Q1,2021,Q1,2020-09-25,2020-08-31,-39800000.0,215200000.0,-57000000.0,-1.16,92000000.0,0.4275092936802974,2056300000.0,1146000000.0,1055200000.0,563500000.0,908900000.0,323200000.0,903100000.0,770805000.0,735405000.0,33.45204039932278,1.8725820763087844,0.1556679472839566,0.2793193717277487,-0.02796103351552499,33.45204039932278,-0.03472949389179756,3.5818076208178438,-4.841739949748743,0.6726047120418849,-0.12814070351758794,0.3811881188118812,0.006616459415805553,0.10465399017653067,1.2037267080745342,-0.019355152458298885,-18.3525,0.4275092936802974,-2.052631578947368,0.21446310126326468,0.09739972167878945,-0.05267905602528218,-0.21635434412265758,-2.0615384615384613,-0.23376623376623376,0.35801586135606134,0.1686966344306609,-0.05268558161209818,Publishing,Communication Services,SCHL
2020Q4,2020,Q4,2020-07-27,2020-05-31,-13000000.0,284000000.0,-46200000.0,-0.38,117400000.0,0.41338028169014085,2033600000.0,1179200000.0,1035300000.0,501500000.0,853000000.0,270600000.0,948000000.0,1016361920.0,939561920.0,34.4352295292606,2.064406779661017,0.15588119590873328,0.26882632293080055,-0.007945623675894756,34.4352295292606,-0.011024423337856174,3.5787391549295773,-19.54542153846154,0.8619080054274083,-0.3923076923076923,0.6156688839615669,0.005017897561530051,0.13965381589299763,1.4428713858424727,-0.006392604248623131,-18.084731672597865,0.41338028169014085,0.696,-1.0442617571061679,-0.10295844060158175,-0.05934007409238656,-0.3830793483972675,0.6997690531177829,0.23,-1.3370696826655173,-0.4192777420160635,-0.07894515282351589,Publishing,Communication Services,SCHL
2020Q3,2020,Q3,2020-03-20,2020-02-29,-43300000.0,373300000.0,-60000000.0,-1.25,190300000.0,0.5097776587195285,1948400000.0,1197900000.0,941200000.0,630300000.0,749100000.0,307700000.0,966200000.0,1108516960.0,935516960.0,34.677512737378414,1.4932571791210534,0.04660234038185178,0.07579931546873696,-0.03170599487383138,34.677512737378414,-0.03614658986559813,2.9695069916956873,-6.400213394919169,0.9253835545538026,-0.12009237875288684,0.5947351316217094,0.004690952134823449,0.19159310203243687,0.8646676185943202,-0.022223362759187026,92.37641333333333,0.5097776587195285,-1.618811881188119,-0.8572965634752137,-0.07388144658750015,0.23725194170646505,-0.4283568639231,-1.6098591549295775,-1.5708848715509038,-1.8309787855729263,0.11796889444156827,-0.04955195388592709,Publishing,Communication Services,SCHL
2020Q2,2020,Q2,2019-12-20,2019-11-30,71000000.0,597200000.0,105100000.0,2.02,332900000.0,0.5574346952444742,2031700000.0,1260000000.0,1022600000.0,650700000.0,770400000.0,357800000.0,1014700000.0,1291158620.0,1108958620.0,36.233967907057,1.5715383433225756,0.04705419107151646,0.07587301587301587,0.04963804450837936,36.233967907057,0.05634920634920635,2.1620204621567316,4.546333169014085,1.0247290634920634,0.07323943661971831,0.7386808272778088,0.0040273905308396574,0.2939410346015652,0.9265406485323497,0.03494610424767436,13.634198732840549,0.5574346952444742,2.2023809523809526,-0.02490534290448573,-0.15591635522339856,0.25011392755901984,2.48586387434555,2.213675213675214,2.2025171624713957,0.037596606338271985,-0.04895292109592499,-0.019534742314218263,Publishing,Communication Services,SCHL
2020Q1,2020,Q1,2019-09-20,2019-08-31,-58500000.0,232600000.0,-87400000.0,-1.68,95500000.0,0.4105760963026655,1944600000.0,1195400000.0,938800000.0,625400000.0,747900000.0,403600000.0,948900000.0,1222925970.0,1121725970.0,34.28063433798859,1.5011192836584586,0.05049881723747814,0.08214823490045173,-0.042574334593351776,34.28063433798859,-0.048937594110757904,5.257635296646604,-5.226179358974359,1.0230265768780324,-0.0905982905982906,0.3396927651139742,0.004333868222620213,0.11961328807981075,0.6803645666773265,-0.0300833076211046,-10.689912325174825,0.4105760963026655,-4.359999999999999,-0.5923536695071598,-0.23926155374356817,0.24292740183452072,-0.6260767423649177,-4.268156424581005,-3.73125,-0.4581665932358485,-0.187861000690432,-0.03172539478617503,Publishing,Communication Services,SCHL
2019Q4,2019,Q4,2019-07-29,2019-05-31,17900000.0,470700000.0,32000000.0,0.5,255400000.0,0.5425961334183131,1878500000.0,1271500000.0,960600000.0,541500000.0,605700000.0,323700000.0,1012600000.0,1164404010.0000002,847704010.0000002,36.133450794282304,1.773961218836565,0.009262709608730369,0.01368462445930004,0.01386649624045589,36.133450794282304,0.014077860794337397,2.473771000637349,16.26262583798883,0.9157719307904051,0.29608938547486036,0.6651220265678097,0.0045516847713363675,0.2505722651051371,1.0788550323176362,0.009528879425073196,36.50169310344828,0.5425961334183131,2.388888888888889,-0.41637374749813133,-0.21490410393533968,0.2726048215071679,0.3941048034934498,2.4206349206349205,2.4953271028037385,-0.4880118787120975,-0.10908582394435003,-0.016759844440891552,Publishing,Communication Services,SCHL
2019Q3,2019,Q3,2019-03-22,2019-02-28,-12600000.0,360100000.0,-21400000.0,-0.36,183200000.0,0.5087475701194113,2023100000.0,1269100000.0,1097000000.0,696100000.0,754000000.0,356800000.0,1000500000.0,1492062150.0,1175462150.0,35.9875230398412,1.5759229995690274,0.01062725520241214,0.016941139390118983,-0.009963462868696902,35.9875230398412,-0.009928295642581356,4.143466120522077,-29.60440773809524,1.175685249389331,-0.4126984126984127,0.49579596412556054,0.0034851095177235074,0.17799416736691218,0.941531389168223,-0.006228065839553161,1147.7401153846154,0.5087475701194113,-1.1809045226130654,0.0546748174682129,-0.12475715803333375,0.3151878568464339,-0.46479696172947704,-1.175977653631285,-1.2179226069246436,-0.3617297603856516,-0.0430154435697246,0.00669387358472767,Publishing,Communication Services,SCHL
2019Q2,2019,Q2,2018-12-20,2018-11-30,71600000.0,604700000.0,98200000.0,1.99,342300000.0,0.5660658177608732,2081900000.0,1284600000.0,1172300000.0,739400000.0,797300000.0,365600000.0,1018400000.0,1626592000.0,1281992000.0,36.49431818181818,1.585474709223695,0.006484461309380854,0.010509107893507707,0.0550454291231149,36.49431818181818,0.05573719445741865,2.6899156606581776,5.679441340782123,1.2662245056827028,0.07541899441340782,0.7177242888402626,0.003319824516535185,0.2904558336135261,0.9945902082769813,0.0343916614630866,15.447217473884141,0.5660658177608732,2.1371428571428575,0.1117370965226884,-0.12164484624810355,0.3163402247514766,2.6766917293233083,2.168026101141925,2.171837708830549,0.0734922608208433,-0.022271268580621745,0.0014957872329577672,Publishing,Communication Services,SCHL
2019Q1,2019,Q1,2018-10-03,2018-08-31,-61300000.0,218400000.0,-83800000.0,-1.75,93100000.0,0.42628205128205127,1899600000.0,1209400000.0,1003400000.0,631400000.0,690200000.0,402300000.0,952100000.0,1473459960.0,1226759960.0,34.50597734600131,1.5891669306303453,0.012160454832596337,0.019100380353894494,-0.04967659068970326,34.50597734600131,-0.0506862907226724,6.746611538461538,-6.009216802610115,1.2183396394906567,-0.08482871125611746,0.31145911011682825,0.0035291084530047223,0.114971572962729,0.7815964523281597,-0.032269951568751315,-12.58292023911187,0.42628205128205127,-2.2237762237762237,-0.8601191967175241,-0.2828281448317633,0.32538963594980275,-0.6758356545961003,-2.206692913385827,-2.1339648173207038,-0.18257955346032037,0.08858309663542173,-0.022832848400902248,Publishing,Communication Services,SCHL
2018Q4,2018,Q4,2018-07-25,2018-05-31,50800000.0,496200000.0,73900000.0,1.43,287200000.0,0.5787988714228134,1825400000.0,1320800000.0,958300000.0,445800000.0,504600000.0,294900000.0,1065200000.0,1569701100.0,1185701100.0,37.856119231871595,2.149618663077613,0.004327818560315547,0.00598122350090854,0.03940597341451923,37.856119231871595,0.038461538461538464,3.163444377267231,7.724906988188977,1.1884472289521504,0.10433070866141732,0.7087148185825703,0.0033764389921113005,0.27183083159855376,1.338716913414087,0.02782951681823162,33.04633894736842,0.5787988714228134,2.0141843971631204,1.1535323641744486,-0.09927402073800791,0.3926707445320647,0.6107683679192373,2.032520325203252,4.118143459915612,-0.8302411089678435,0.5382768452976526,0.034107650757591194,Publishing,Communication Services,SCHL
2018Q3,2018,Q3,2018-03-23,2018-02-28,-49200000.0,344700000.0,-23700000.0,-1.41,178300000.0,0.5172613867130839,1833700000.0,1267600000.0,1005600000.0,499600000.0,566100000.0,356900000.0,1019600000.0,1272456680.0,917556680.0,36.271031246423256,2.012810248198559,0.004199160167966407,0.006074471442095298,-0.01444432924062473,36.271031246423256,-0.03881350583780372,3.6914902233826514,-6.465735162601626,1.0038313979173241,-0.10569105691056911,0.46623704118800785,0.004086583128315221,0.18798058570104162,1.0980784627702163,-0.02683099743687626,-669.7140421052632,0.5172613867130839,-1.8812499999999999,-1.241282997852673,-0.17050404302574107,0.3722783162515302,-0.48273861328691614,-1.861646234676007,-1.2210820895522387,-1.0859733685781123,-0.15472081196074397,0.2941067653033079,Publishing,Communication Services,SCHL
2018Q2,2018,Q2,2017-12-15,2017-11-30,57100000.0,598300000.0,107200000.0,1.6,344700000.0,0.5761323750626776,1908300000.0,1302700000.0,1075100000.0,538500000.0,605600000.0,355700000.0,1074100000.0,1440598080.0,1064098080.0,37.18387851801108,1.9964716805942433,0.005921500812241262,0.008674291855377294,0.050800290139409655,37.18387851801108,0.04383204114531358,2.407818953702156,6.307347110332749,1.105855592231519,0.09281961471103327,0.7129603598538093,0.003679027532786938,0.31352512707645547,1.2074280408542246,0.029921920033537705,14.478372663316582,0.5761323750626776,1.8839779005524862,-0.15870445224454166,-0.11590636013493222,0.35298930617606183,3.683423913043478,1.8963893249607535,2.0530451866404715,-0.22162395737362958,-0.1606374017575234,0.282886945621403,Publishing,Communication Services,SCHL
2018Q1,2018,Q1,2017-09-21,2017-08-31,-63700000.0,189200000.0,-101800000.0,-1.81,73600000.0,0.3890063424947146,1759600000.0,1243000000.0,956800000.0,450900000.0,516600000.0,386500000.0,1022200000.0,1387936000.0,1088036000.0,35.3125,2.1219782656908404,0.00681973175721755,0.009654062751407884,-0.05085688741098598,35.3125,-0.051246983105390186,7.335813953488372,-5.447158555729985,1.1166017699115045,-0.08320251177394035,0.29909443725743856,0.003818619878726397,0.10752443737213004,1.014193834553116,-0.036201409411229825,-11.094612310151879,0.3890063424947146,-2.6454545454545455,-0.7758336873406967,-0.42332254768392374,0.3805929626411815,-0.7430167597765364,-2.616751269035533,-2.5856697819314642,-0.717690199280192,-0.38698863636363634,0.28034018987341774,Publishing,Communication Services,SCHL
2017Q4,2017,Q4,2017-07-24,2017-05-31,39400000.0,499600000.0,64200000.0,1.1,286400000.0,0.5732586068855084,1760400000.0,1307900000.0,970500000.0,387100000.0,452500000.0,282500000.0,1091200000.0,1487826990.0,1049926990.0,37.38673069776749,2.507104107465771,0.0035219268348102703,0.004740423579784387,0.03013469294574234,37.38673069776749,0.030124627265081427,2.9780364091273017,9.440526586294416,1.1375693783928433,0.1319796954314721,0.7546902654867257,0.003495030023618539,0.28379913655987277,1.6618444846292948,0.022381276982503976,-929.89186875,0.5732586068855084,3.5,-0.3775924245911924,-0.3369808361071304,0.4183813284110273,0.6281978396816373,3.5584415584415585,3.7203389830508473,0.2921944903996583,-0.1617939064095834,0.3167448084946733,Publishing,Communication Services,SCHL
2017Q3,2017,Q3,2017-03-24,2017-02-28,-15400000.0,336200000.0,-23600000.0,-0.44,175900000.0,0.5232004759071981,1847600000.0,1269000000.0,1054600000.0,508100000.0,578600000.0,351200000.0,1057100000.0,1567231860.0,1111231860.0,36.485437451482134,2.0755756740799054,0.0031392076206971206,0.004570527974783294,-0.012006149459165305,36.485437451482134,-0.012135539795114263,4.661605770374777,-25.44207564935065,1.2350132860520093,-0.33766233766233766,0.4564350797266515,0.0033179519461785313,0.18196579346178826,1.2481794922259397,-0.008335137475644079,69.34654247787611,0.5232004759071981,-1.2291666666666667,-0.3369089194161637,-0.35627681238501396,0.4449218193570539,-0.5,-1.2268041237113403,-1.2118491921005385,-0.17147554438029122,-0.17147621758898585,0.3333844686892112,Publishing,Communication Services,SCHL
2017Q2,2017,Q2,2016-12-16,2016-11-30,67900000.0,623100000.0,111400000.0,1.92,351800000.0,0.5645963729738405,1907500000.0,1275200000.0,1133000000.0,559400000.0,632300000.0,348300000.0,1077700000.0,1521369540.0,1085769540.0,36.95589172897467,2.0253843403646763,0.0038269986893840107,0.0057245922208281055,0.05313425706408162,36.95589172897467,0.0532465495608532,2.4416137698603757,5.601507879234168,1.1930438676286075,0.07658321060382917,0.7789262130347402,0.00341797299293898,0.3266579292267366,1.2951376474794423,0.035596330275229356,8.928225,0.5645963729738405,2.6695652173913045,-0.25852004734316314,-0.17787662684007052,0.45675782936703685,2.113274336283186,2.7146464646464645,2.7654516640253566,0.07549128354041697,-0.07671457037443284,0.33298905824320674,Publishing,Communication Services,SCHL
2017Q1,2017,Q1,2016-09-23,2016-08-31,-39600000.0,282700000.0,-63100000.0,-1.15,113000000.0,0.39971701450300673,1775200000.0,1218600000.0,1009300000.0,481100000.0,556600000.0,375700000.0,1015000000.0,1385749200.0,1110249200.0,35.40383497966299,2.0979006443566828,0.00681613339342046,0.009929427211554242,-0.03194368366185898,35.40383497966299,-0.03249630723781388,4.901836575875486,-8.748416666666666,1.1371649433776463,-0.13131313131313133,0.45169017833377695,0.0037524827724959176,0.1592496620099144,1.0604863853668676,-0.022307345651194233,-11.977089023336214,0.39971701450300673,-2.1855670103092786,-0.3160631315784397,-0.19933744824385408,0.5347767925738396,-0.624709398870807,-2.164705882352941,-2.0804794520547945,-0.22360220685259213,-0.054718458386880844,0.35987673916328433,Publishing,Communication Services,SCHL
2016Q4,2016,Q4,2016-07-26,2016-05-31,34000000.0,513800000.0,58400000.0,0.97,301100000.0,0.5860256909303231,1713100000.0,1257600000.0,950100000.0,378300000.0,455500000.0,271200000.0,1059800000.0,1336330050.0,942930050.0,36.74936442535285,2.5114988104678826,0.00367754363434709,0.005009541984732824,0.027755523807617304,36.74936442535285,0.02703562340966921,2.600875924484235,9.825956249999999,1.062603411259542,0.15,0.7842920353982301,0.0038164224474335515,0.2999241141789738,1.5754692043351837,0.019847060883777946,22.611337563451777,0.5860256909303231,4.730769230769231,0.24192747143566812,-0.14723460955174117,0.5395004016026195,0.6015957446808511,4.777777777777778,4.560975609756097,0.4695179010848093,-0.04909243542336532,0.35195486895675687,Publishing,Communication Services,SCHL
2016Q3,2016,Q3,2016-03-25,2016-02-29,-9000000.0,366000000.0,-16400000.0,-0.26,188000000.0,0.5136612021857924,1760700000.0,1226200000.0,1055500000.0,467500000.0,534500000.0,333100000.0,1030900000.0,1201564030.0,866664030.0,35.7482289146089,2.257754010695187,0.009655250752541603,0.013863969988582614,-0.005681511990453828,35.7482289146089,-0.007339748817484912,3.282961830601093,-33.37677861111111,0.9799086853694341,-0.5777777777777777,0.5343740618432903,0.004327692798859833,0.2078718691429545,1.1550802139037433,-0.005111603339580849,73.26609939024391,0.5136612021857924,-1.141304347826087,0.6769866396052477,-0.1420491697451553,0.5746547020119959,-0.45459820133449375,-1.1386748844375962,-1.1560418648905804,0.5822757876168269,-0.10263397844413731,0.3524986110989417,Publishing,Communication Services,SCHL
2016Q2,2016,Q2,2015-12-18,2015-11-30,64900000.0,601800000.0,105100000.0,1.84,344700000.0,0.5727816550348953,1823200000.0,1248100000.0,1110700000.0,499400000.0,575100000.0,332000000.0,1045100000.0,1463202720.0,1123302720.0,36.43981197629266,2.224068882659191,0.011518209741114524,0.01682557487380819,0.0502012145251891,36.43981197629266,0.05199903853857864,2.431377068793619,5.636374114021572,1.172344139091419,0.08012326656394453,0.7743975903614457,0.0035538479589485726,0.33007898200965335,1.2276732078494192,0.035596752961825365,13.636558434296365,0.5727816550348953,2.2432432432432434,-0.12974191665010984,-0.09504720287788172,0.739322231142594,3.4941329856584096,2.3137651821862346,2.322012578616352,-0.021921642804655743,-0.09040530931271251,0.3259153667659814,Publishing,Communication Services,SCHL
2016Q1,2016,Q1,2015-09-25,2015-08-31,-49400000.0,191200000.0,-79500000.0,-1.48,76700000.0,0.40115062761506276,1707000000.0,1179500000.0,1000400000.0,458600000.0,527500000.0,367000000.0,985400000.0,1443300420.0,1198700420.0,35.31225675109275,2.181421718273005,0.0033391915641476275,0.0048325561678677405,-0.04120702652649002,35.31225675109275,-0.04188215345485375,7.548642364016737,-7.304151923076923,1.2236544467994914,-0.10121457489878542,0.3119891008174387,0.0034642822316922764,0.11200937316930287,0.868512865242041,-0.02893966022261277,-4.854693642785065,0.40115062761506276,-1.1783132530120481,-0.5167675043954907,-0.28963934844238054,0.6089517464526673,-0.584731997834326,-1.1749911441728658,-10.137931034482758,-0.451309368122229,-0.3858564164360927,0.38058345247538966,Publishing,Communication Services,SCHL
2015Q4,2015,Q4,2015-07-29,2015-05-31,282300000.0,304300000.0,8700000.0,8.3,184700000.0,0.6069668090699967,1822300000.0,1204900000.0,1110500000.0,547600000.0,617400000.0,257600000.0,1039900000.0,1456773640.0,955973640.0,36.607522634745095,2.027940102264427,0.0032925423914832905,0.004979666362353722,0.0027992488146092905,36.607522634745095,0.23429330234874263,4.787294249096287,1.2900935529578461,1.2090411154452652,0.017357421183138506,0.4642857142857143,0.003363597380853212,0.16698677495472755,1.2794010226442658,0.15491411951928882,30.16094492753623,0.6069668090699967,13.205882352941176,9.603629966346501,-0.3800974280219305,0.5914397484517074,0.014277869302580999,13.773755656108598,1.2471590909090908,3.7398643354451635,-0.5707779846892478,0.3888196591526804,Publishing,Communication Services,SCHL
2015Q3,2015,Q3,2015-03-27,2015-02-28,-22100000.0,382100000.0,-35200000.0,-0.68,182100000.0,0.4765768123527872,1551500000.0,917800000.0,715300000.0,508100000.0,633700000.0,341400000.0,762600000.0,1211929460.0,1282829460.0,28.027850729860134,1.4077937413894903,0.05510796003867225,0.09315755066463281,-0.02156771253104836,28.027850729860134,-0.024079320113314446,3.1717599057838264,-13.7096092760181,1.3204722815428198,-0.22171945701357465,0.5858230814294083,0.0040431396064916185,0.24627779568159847,0.4310175162369612,-0.014244279729294231,112.21569074074074,0.4765768123527872,-1.3317073170731708,-3.410898604845957,0.07088963709059135,0.2434173778337951,-0.516847970283895,-1.3226277372262774,-1.3120567375886525,-1.0377794605018087,-0.22292616022801418,0.10997855303533705,Publishing,Communication Services,SCHL
2015Q2,2015,Q2,2014-12-22,2014-11-30,68500000.0,665600000.0,112800000.0,2.05,376900000.0,0.5662560096153846,1651100000.0,948200000.0,810500000.0,546300000.0,702900000.0,346500000.0,789700000.0,1125688740.0,1188588740.0,28.98453261600538,1.4836170602233205,0.06407849312579493,0.11157983547774732,0.06521800692864627,28.98453261600538,0.07224214300780427,1.691239092548077,4.1083530656934295,1.1871849187935033,0.07445255474452554,0.8331890331890331,0.004530559664299387,0.40312518926776086,0.604978949295259,0.04148749318636061,8.006321052631579,0.5662560096153846,2.952380952380952,0.37329969206230157,0.12194434739560725,0.2755857661982783,1.8211077844311376,3.0087976539589443,3.1123595505617976,-0.2109924129455721,-0.07369602837234132,0.14253621935485516,Publishing,Communication Services,SCHL
2015Q1,2015,Q1,2014-09-26,2014-08-31,-34100000.0,283800000.0,-53400000.0,-1.05,133600000.0,0.47075405214940097,1680800000.0,892700000.0,824400000.0,540800000.0,788100000.0,390500000.0,726100000.0,1134139680.0,1317639680.0,27.580560447369233,1.5244082840236686,0.11833650642551166,0.22280721406967627,-0.03063069264235781,27.580560447369233,-0.03819872297524364,3.996263847780127,-8.314807038123167,1.270460042567492,-0.14076246334310852,0.38463508322663253,0.004232282923034666,0.168848167539267,0.4705991124260355,-0.020287958115183247,-17.973687480190176,0.47075405214940097,-2.235294117647059,-0.6673450280143087,0.011286785665492094,0.30805524467001966,-0.5497135153353556,-2.213523131672598,-2.0987654320987654,-0.2051589604782877,-0.1452393568804938,0.1956333014521693,Publishing,Communication Services,SCHL
2014Q4,2014,Q4,2014-07-29,2014-05-31,28100000.0,549300000.0,48600000.0,0.85,296700000.0,0.5401419989077008,1528500000.0,915400000.0,663400000.0,429700000.0,613100000.0,272700000.0,765100000.0,1027811200.0,1142711200.0,28.393300248138956,1.5438678147544798,0.08884527314360484,0.14835044789163207,0.028038002651347767,28.393300248138956,0.03069696307625082,1.8711290733661023,9.144227758007117,1.1228000873934891,0.17437722419928825,0.9262926292629263,0.004767412536465841,0.3593719332679097,0.6381196183383756,0.01838403663722604,16.084682316118936,0.5401419989077008,3.236842105263158,0.14533597298241538,0.2648937780029345,0.31658105609204845,0.6230853391684902,3.322314049586777,2.4169096209912535,0.08948511166253101,-0.03229557177889888,0.1894490644490644,Publishing,Communication Services,SCHL
2014Q3,2014,Q3,2014-03-27,2014-02-28,-12100000.0,373500000.0,-34300000.0,-0.38,182800000.0,0.4894243641231593,1587900000.0,876000000.0,711500000.0,470000000.0,711900000.0,335600000.0,741900000.0,1129453920.0,1287153920.0,27.36302867495471,1.5138297872340425,0.11316833553750236,0.20513698630136987,-0.009612042022199663,27.36302867495471,-0.013812785388127854,3.023973012048193,-23.33582479338843,1.2893309589041095,-0.3884297520661157,0.5682359952324195,0.004161303012698384,0.23521632344606083,0.4851063829787234,-0.007620127212041061,-4.4222941268598275,0.4894243641231593,-1.2111111111111112,0.6125913662772536,0.013188613954094536,0.3193463453623792,-0.48995535714285715,-1.2075471698113207,-1.362196409714889,0.5347030693991698,-0.06192241128698232,0.2052994811918753,Publishing,Communication Services,SCHL
2014Q2,2014,Q2,2014-01-07,2013-11-30,58300000.0,623200000.0,94700000.0,1.8,358400000.0,0.5750962772785623,1579900000.0,883400000.0,876100000.0,544200000.0,696500000.0,342300000.0,758900000.0,973126560.0,923526560.0,27.72407732864675,1.609886071297317,0.04278751819735426,0.07652252660176591,0.05909032530123061,27.72407732864675,0.06599501924383065,1.5614996148908857,4.1729269296741,1.1015695721077654,0.07204116638078903,0.773590417762197,0.004315985373988765,0.3944553452750174,0.7416391032708562,0.03690106968795493,6.688155051546392,0.5750962772785623,2.914893617021277,0.5961688685032036,0.11152567699300021,0.2721812393911616,1.5895953757225434,2.9498327759197323,3.0631808278867103,-0.15967963980428176,0.0073355254366165076,0.3233082560086696,Publishing,Communication Services,SCHL
2014Q1,2014,Q1,2013-09-27,2013-08-31,-29900000.0,276300000.0,-45900000.0,-0.94,138400000.0,0.5009048136083967,1506400000.0,827900000.0,788700000.0,525300000.0,678500000.0,374600000.0,705300000.0,938418000.0,1009618000.0,26.034591194968552,1.5014277555682467,0.057753584705257564,0.10508515521198213,-0.029714769698114162,26.034591194968552,-0.036115472883198455,3.3963735070575463,-7.846304347826087,1.1334919676289408,-0.13377926421404682,0.3681260010678057,0.004262492833683923,0.18341741901221456,0.4328954882924043,-0.019848645778013808,-12.015595390524968,0.5009048136083967,-2.4242424242424243,0.27422536474144665,0.15544190665342605,0.2313877527633947,-0.5023372887450558,-2.390697674418605,-2.0876777251184833,0.035707904516866784,0.07824448523450335,0.18622837578993412,Publishing,Communication Services,SCHL
2013Q4,2013,Q4,2013-07-29,2013-05-31,21500000.0,502100000.0,42200000.0,0.66,278100000.0,0.5538737303326031,1441000000.0,864400000.0,721200000.0,421700000.0,576600000.0,278100000.0,738900000.0,961632000.0,933932000.0,27.18238993710692,1.7102205359260139,0.041429562803608606,0.06906524757056919,0.028508653410437304,27.18238993710692,0.024872744099953725,1.915220075682135,11.181767441860465,1.112484960666358,0.18604651162790697,0.8054656598345918,0.004159595354563908,0.3484385843164469,0.716860327246858,0.014920194309507287,13.582372881355932,0.5538737303326031,2.0476190476190474,4.243571371706074,0.18685993628364508,0.1799479768827765,0.46832101372756074,2.0696517412935322,2.523465703971119,-0.16413586628758517,0.05868132458624207,0.18170071860496115,Publishing,Communication Services,SCHL
2013Q3,2013,Q3,2013-03-29,2013-02-28,-20100000.0,380500000.0,-27700000.0,-0.63,189400000.0,0.49776609724047305,1653500000.0,845800000.0,900600000.0,484800000.0,807700000.0,352500000.0,721400000.0,963200000.0,978900000.0,26.43125,1.8576732673267327,0.12845479286362263,0.2511231969732797,-0.015691423701413996,26.43125,-0.02376448332939229,2.531406044678055,-11.980099502487562,1.1388034996453062,-0.19900497512437812,0.5421276595744681,0.00415282392026578,0.2301179316601149,0.8108498349834984,-0.012156032657998186,-28.924924924924923,0.49776609724047305,-1.3333333333333335,0.7064836447168088,-0.004847913735274932,0.06391912767548003,-0.4631519274376417,-1.325242718446602,-1.2745292368681864,-3.105245535714286,0.0912659854563691,0.17258636363636365,Publishing,Communication Services,SCHL
2013Q2,2013,Q2,2013-01-02,2012-11-30,61800000.0,616200000.0,100900000.0,1.89,352800000.0,0.572541382667965,1769000000.0,876700000.0,1015700000.0,564500000.0,892300000.0,356400000.0,745500000.0,895114000.0,849014000.0,27.482758620689655,1.7992914083259521,0.11938948558507631,0.24090338770388958,0.05609452267146627,27.482758620689655,0.07049161628835406,1.4526355079519637,3.6210113268608413,1.0210037641154328,0.06310679611650485,0.7390572390572391,0.0043569869312735585,0.3483323911814585,0.9392382639503986,0.034934991520633125,11.57974126778784,0.572541382667965,2.8529411764705883,-0.01157954246902524,-0.0015151144146013295,0.030574832648326868,1.4757894736842105,2.925233644859813,3.1242105263157893,0.27059222231636026,0.06517916208193025,0.20949391100604947,Publishing,Communication Services,SCHL
2013Q1,2013,Q1,2012-09-28,2012-08-31,-32100000.0,293600000.0,-47500000.0,-1.02,142500000.0,0.4853542234332425,1722800000.0,805700000.0,977300000.0,584300000.0,917100000.0,396400000.0,687800000.0,962325000.0,980125000.0,25.57777777777778,1.6725996919390724,0.12241699558857673,0.26175996028298376,-0.027639419048505726,25.57777777777778,-0.039841131934963386,3.277673705722071,-7.494742990654206,1.194396177237185,-0.12461059190031153,0.38118062563067606,0.004156599901280752,0.1704202461109821,0.6926236522334417,-0.018632458788019505,48.848984771573605,0.4853542234332425,-1.5795454545454546,-13.557823129251698,-0.3647548188355821,0.10546851551713798,-0.5985915492957746,-1.563157894736842,-1.5196936542669583,-0.6127536231884058,0.0750035206308972,0.21306985161056827,Publishing,Communication Services,SCHL
2012Q4,2012,Q4,2012-07-27,2012-05-31,57000000.0,678500000.0,91400000.0,1.76,355000000.0,0.5232129697862933,1670300000.0,830300000.0,929900000.0,502500000.0,840000000.0,295300000.0,723900000.0,848925000.0,870725000.0,26.358730158730157,1.850547263681592,0.1297371729629408,0.2609900036131519,0.057127955709629016,26.358730158730157,0.06864988558352403,1.2511790714812085,3.723355263157895,1.022431651210406,0.06842105263157895,1.095496105655266,0.004594045410371941,0.406214452493564,1.0129353233830847,0.034125606178530804,7.956185567010309,0.5232129697862933,18.6,0.7916077322017916,0.4085128356830172,-0.06612116355251883,0.4349232012934519,6.533980582524272,8.680672268907562,1.377858002406739,0.5991116549958078,0.22223920736022643,Publishing,Communication Services,SCHL
2012Q3,2012,Q3,2012-03-23,2012-02-29,-10300000.0,467000000.0,-11900000.0,-0.1,247400000.0,0.5297644539614561,1646200000.0,785300000.0,921700000.0,547000000.0,860900000.0,397200000.0,670900000.0,950727000.0,1061427000.0,25.2508038585209,1.6850091407678245,0.13515976187583525,0.2833312110021648,-0.007001247994294883,25.2508038585209,-0.013116006621673245,2.035817987152034,-23.075898058252427,1.2106545269323825,-0.30097087378640774,0.552870090634441,0.003260662629755966,0.28368363503826993,0.7007312614259598,-0.006256833920544284,74.275546875,0.5297644539614561,-1.0384615384615385,-0.8399428462855473,0.29246361293160883,-0.008287475411907453,-0.3808808808808809,-1.1243961352657006,-1.085,0.6605305466237942,0.3040556544796998,0.2175024988624347,Publishing,Communication Services,SCHL
2012Q2,2012,Q2,2011-12-22,2011-11-30,82800000.0,685300000.0,140000000.0,2.6,399600000.0,0.5831022909674595,1610900000.0,791500000.0,889800000.0,501100000.0,819400000.0,376200000.0,685200000.0,844584000.0,945084000.0,25.368589743589745,1.775693474356416,0.13315537898069402,0.2710044219835755,0.08067695589560588,25.368589743589745,0.10461149715729627,1.232429592879031,2.550072463768116,1.067067593177511,0.03743961352657005,0.7594364699627858,0.0036704460420751515,0.425414364640884,0.8024346437836759,0.05139983859954063,5.448929032258064,0.5831022909674595,3.988505747126437,0.49934812608829243,0.26709779797015815,-0.007401780776206096,1.5355329949238579,4.055350553505535,5.216867469879518,1.315188291986436,0.24829860788143757,0.1640944280680674,Publishing,Communication Services,SCHL
2012Q1,2012,Q1,2011-10-05,2011-08-31,-27100000.0,318000000.0,-33200000.0,-0.87,157600000.0,0.49559748427672956,1559100000.0,715100000.0,839700000.0,528600000.0,844000000.0,422800000.0,605600000.0,860560000.0,1082660000.0,23.06774193548387,1.5885357548240635,0.16406901417484446,0.35771220808278564,-0.0218773307934221,23.06774193548387,-0.03789679765067823,2.7061635220125786,-7.938745387453875,1.2034121101943784,-0.11439114391143912,0.3793755912961211,0.0036023054755043226,0.2039638252838176,0.47446083995459704,-0.017381822846514013,-12.65529411764706,0.49559748427672956,-2.1153846153846154,0.21947004608294943,0.28264094240938553,-0.03394170062167508,-0.48157894736842105,-2.092741935483871,-1.6548323471400395,0.32521516326128375,0.3641426146010186,0.0910612995817281,Publishing,Communication Services,SCHL
2011Q4,2011,Q4,2011-07-27,2011-05-31,24800000.0,545800000.0,50700000.0,0.78,304000000.0,0.5569805789666544,1487000000.0,740000000.0,758100000.0,422700000.0,747000000.0,309900000.0,635800000.0,844440000.0,998040000.0,23.870967741935484,1.79347054648687,0.17410894418291864,0.34986486486486484,0.029162188079581854,23.870967741935484,0.03351351351351351,1.547160131916453,8.5125,1.141135135135135,0.125,0.7802516940948693,0.0036710719530102793,0.3670477471418964,0.770286255027206,0.01667787491593813,9.0508038585209,0.5569805789666544,1.962962962962963,-0.12760416666666663,0.22673903708872303,-0.047367984186077995,0.5958005249343832,1.9880478087649402,2.69,4.837974683544304,0.32345203516269777,0.036203959935121724,Publishing,Communication Services,SCHL
2011Q3,2011,Q3,2011-03-31,2011-02-28,-25100000.0,384300000.0,-30000000.0,-0.81,190500000.0,0.4957064793130367,1554200000.0,701500000.0,807700000.0,508600000.0,852700000.0,374500000.0,614200000.0,970260000.0,1153860000.0,22.702265372168284,1.588084939048368,0.17648951228928067,0.3910192444761226,-0.02176566719932091,22.702265372168284,-0.03578047042052744,2.524746291959407,-9.663944223107569,1.3831218816821098,-0.09163346613545817,0.5174899866488651,0.0023704986292334015,0.2472654741989448,0.5589854502556036,-0.016149787672114273,19.720731707317075,0.4957064793130367,-1.3785046728971964,-1.19539928844347,0.06828990550055632,-0.044276103782319796,-0.4942925404831431,-1.335113484646195,-1.2323780015491868,0.6204216191478543,0.04087045201545253,-0.0861811540878869,Publishing,Communication Services,SCHL
2011Q2,2011,Q2,2010-12-22,2010-11-30,74900000.0,667900000.0,129100000.0,2.14,376700000.0,0.5640065878125468,1584400000.0,720700000.0,835000000.0,513000000.0,863700000.0,367900000.0,642400000.0,966640000.0,1199140000.0,20.950581395348838,1.6276803118908383,0.18032062610451907,0.3964201470792285,0.07931284685789615,20.950581395348838,0.10392673789371444,1.4472825273244498,3.2264352469959947,1.3412515609823783,0.036048064085447265,0.7915194346289752,0.002793180501531077,0.42154758899267863,0.6641325536062378,0.04727341580408988,8.909124423963133,0.5640065878125468,3.183673469387755,0.34402812702054447,0.15084885633601594,-0.14168510845791804,1.630586592178771,3.127840909090909,3.7585470085470085,0.11088041101421198,0.003606545610161408,-0.2143750118613468,Publishing,Communication Services,SCHL
2011Q1,2011,Q1,2010-10-01,2010-08-31,-35200000.0,290900000.0,-46800000.0,-0.98,143200000.0,0.4922653832932279,1643300000.0,792300000.0,925300000.0,487300000.0,851000000.0,433000000.0,569900000.0,845823000.0,1019923000.0,21.94736842105263,1.8988302893494766,0.18152498022272257,0.3764988009592326,-0.02758731951278535,21.94736842105263,-0.044427615802095165,2.9076074252320385,-6.007265625,1.0675539568345325,-0.07670454545454546,0.34110854503464205,0.0031921572243838246,0.1770218462849145,0.690744920993228,-0.021420312785249192,-8.728823529411764,0.4922653832932279,-2.2115753424657534,-0.8751331876861965,-0.3408397565895076,-0.0337177829373651,-0.5220293724966623,-2.2054794520547945,-1.7945670628183361,-12.929560743965174,-0.4507976319541759,-0.051437345389405476,Publishing,Communication Services,SCHL
2010Q4,2010,Q4,2010-07-26,2010-05-31,29200000.0,538400000.0,58900000.0,0.8088642659279779,299600000.0,0.5564635958395245,1600400000.0,830400000.0,894500000.0,393400000.0,770000000.0,315700000.0,607800000.0,910442000.0,975042000.0,23.002770083102494,2.2737671581087953,0.19288927768057987,0.3717485549132948,0.02792128708721068,23.002770083102494,0.03516377649325626,1.6910141158989598,7.794880136986301,1.0963896917148361,0.18493150684931506,0.7564143173899271,0.005931185072744886,0.3364158960259935,1.1606507371631927,0.018245438640339916,26.31335260115607,0.5564635958395245,6.392428439519853,-0.22589732147269576,0.026916916239255493,0.000752584737909216,0.45366327025715675,6.214285714285714,74.625,-0.19914429116041793,-0.02474236234607069,-0.18502143195385323,Publishing,Communication Services,SCHL
2010Q3,2010,Q3,2010-04-02,2010-02-28,-5600000.0,398800000.0,-800000.0,-0.15,206100000.0,0.5168004012036108,1662800000.0,825000000.0,933600000.0,468800000.0,837800000.0,374600000.0,581400000.0,1099464000.0,1182164000.0,22.540983606557376,1.9914675767918089,0.19340870820303102,0.38981818181818184,-0.0004855989559622447,22.540983606557376,-0.006787878787878788,2.7569307923771316,-49.083214285714284,1.3326836363636365,-0.5,0.5144153764014949,0.002546695480706963,0.23983642049554968,0.9057167235494881,-0.003367813326918451,14.99950886766712,0.5168004012036108,-1.0993377483443707,-6.650273224043716,-0.20680923415436928,-0.12399019961191639,-0.47207991803278687,-1.100900900900901,-1.0075757575757576,0.14996963735717836,-0.062144568701828516,-0.1147142924871918,Publishing,Communication Services,SCHL
2010Q2,2010,Q2,2009-12-22,2009-11-30,55500000.0,660100000.0,105600000.0,1.51,390400000.0,0.5914255415846084,1707700000.0,827100000.0,968900000.0,500300000.0,880600000.0,374700000.0,589800000.0,917644000.0,1075744000.0,22.72252747252747,1.9366380171896862,0.19699010364818176,0.4067222826744045,0.0485217211083417,22.72252747252747,0.0671019223793979,1.3901590668080595,4.133531531531532,1.1094716479264903,0.0,0.7197758206565252,0.0,0.3865433038589916,0.9252448530881471,0.032499853604263045,6.498895184135978,0.5914255415846084,3.396825396825397,-0.16681678885076417,0.05433894809127631,0.01176054590332321,1.4476489028213166,3.4130434782608696,3.991501416430595,-0.13857328159523574,0.046146117162579,-0.11093440615106956,Publishing,Communication Services,SCHL
2010Q1,2010,Q1,2009-10-02,2009-08-31,-23000000.0,315600000.0,-35300000.0,-0.63,159500000.0,0.5053865652724968,1670800000.0,767500000.0,888200000.0,503800000.0,903300000.0,435000000.0,537000000.0,886704000.0,1180404000.0,21.085164835164836,1.7630011909487893,0.20822360545846302,0.4532899022801303,-0.019334106804475445,21.085164835164836,-0.02996742671009772,2.8095817490494297,-9.63808695652174,1.155314657980456,0.0,0.3588505747126437,0.0,0.1888915489585827,0.5601429138547043,-0.013765860665549438,-11.441341935483871,0.5053865652724968,-1.827870036101083,0.5024660405697682,0.06085779842955928,0.03495519014230293,-0.39743105402342277,-1.8303249097472925,-1.743157894736842,0.4358320251177395,0.0841148251569272,-0.1169704195694294,Publishing,Communication Services,SCHL
2009Q4,2009,Q4,2009-07-30,2009-05-31,27700000.0,490300000.0,47500000.0,0.760989010989011,264700000.0,0.5398735468080766,1608800000.0,785000000.0,819800000.0,407400000.0,823800000.0,344800000.0,562800000.0,765128000.0,983128000.0,21.565934065934066,2.0122729504172803,0.22476379910492292,0.46063694267515926,0.02962202034230315,21.565934065934066,0.03528662420382166,1.5605302875790332,6.905487364620939,0.9746853503184714,0.09747292418772563,0.654292343387471,0.0035288213213998183,0.3047613127797116,0.8370152184585175,0.017217802088513177,6.053227848101266,0.5398735468080766,1.7765193989683785,0.3395537024420024,-0.09178048544620179,-0.0021649149186093717,0.25569259962049334,1.7694444444444444,3.101769911504425,-0.1701454470009158,-0.061485779195845795,-0.1393562479643677,Publishing,Communication Services,SCHL
2009Q3,2009,Q3,2009-04-09,2009-02-28,-36000000.0,424900000.0,-22600000.0,-0.98,210800000.0,0.4961167333490233,1654100000.0,765300000.0,886000000.0,460500000.0,888800000.0,413800000.0,537700000.0,406269000.0,743069000.0,20.739837398373982,1.9239956568946797,0.22598391874735504,0.4884359074872599,-0.015999390084516858,20.739837398373982,-0.047040376323010585,0.9561520357731231,-2.8213125,0.5308624068992552,-0.08055555555555556,0.5173997100048332,0.007138127693720171,0.25687685146000844,0.5072747014115092,-0.02176410132398283,7.966058823529412,0.4961167333490233,-1.8521739130434782,-5.504065040650406,-0.02416058058885684,0.011699385286535724,-0.4411452810180276,-1.8352668213457077,-1.209647495361781,-1.6367831313926045,-0.01090596084824912,-0.12689073621722055,Publishing,Communication Services,SCHL
2009Q2,2009,Q2,2009-01-09,2008-11-30,43100000.0,661600000.0,107800000.0,1.15,377200000.0,0.5701330108827086,1789700000.0,819400000.0,959500000.0,486300000.0,970300000.0,430300000.0,576600000.0,510608000.0,928708000.0,21.79255319148936,1.9730618959490027,0.25082416047382244,0.5478398828411033,0.04717899649158147,21.79255319148936,0.05259946302172321,0.7717775090689238,2.9617633410672854,0.6231486453502563,0.0,0.6609342319312108,0.0,0.36967089456333463,0.6183425868805265,0.02408224842152316,6.890796221322537,0.5701330108827086,1.8846153846153846,-0.32571965158378263,-0.012340177822421255,0.04095109749053241,1.7735294117647058,1.8778004073319756,2.6610169491525424,-0.29242185955538597,0.042972700848070824,-0.10719074683383996,Publishing,Communication Services,SCHL
2009Q1,2009,Q1,2008-10-07,2008-08-31,-49100000.0,285000000.0,-64900000.0,-1.3,136000000.0,0.47719298245614034,1805700000.0,801300000.0,954900000.0,512800000.0,1004400000.0,482600000.0,536300000.0,989190000.0,1448490000.0,21.142480211081793,1.8621294851794072,0.2719167082018054,0.6127542743042556,-0.030430848526222284,21.142480211081793,-0.06127542743042556,3.470842105263158,-5.036608961303463,1.2344814676151257,0.0,0.3087443016991297,0.0,0.15783352716398072,0.4450078003120125,-0.02719167082018054,-6.147855811062772,0.47719298245614034,-5.236708860759494,-1.0563722219976168,-0.37733049047434575,0.11400803609312195,-0.5130683852488364,-5.215189873417722,-2.199630314232902,-1.4913740753970226,-0.38487959173841785,-0.06915479520677931,Publishing,Communication Services,SCHL
2008Q4,2008,Q4,2008-07-30,2008-05-31,-7900000.0,504200000.0,54100000.0,-0.20844327176781002,279300000.0,0.5539468464894883,1761600000.0,873100000.0,918000000.0,441700000.0,888500000.0,370200000.0,588300000.0,1178690000.0,1469990000.0,23.03693931398417,2.078333710663346,0.2334809264305177,0.47108005955789717,0.024574954339249735,23.03693931398417,-0.009048218989806437,2.3377429591431973,-37.300316455696205,1.3500057267208796,0.0,0.6075094543490005,0.0,0.2862170753860127,0.7699796241793072,-0.004484559491371481,-51.24739130434783,0.5539468464894883,0.9025966019776589,-1.2859019463469796,-0.06047618220857676,0.17376512556716628,0.19974226804123713,0.9037758830694276,89.16666666666667,-1.1994852558004137,-0.0839881540458606,0.002239142487250177,Publishing,Communication Services,SCHL
2008Q3,2008,Q3,2008-04-09,2008-02-29,-82100000.0,458400000.0,600000.0,-2.14,232800000.0,0.5078534031413613,2032400000.0,953100000.0,1099600000.0,581600000.0,1079300000.0,453200000.0,657100000.0,1337769626.82,1575469626.82,24.843288660246873,1.890646492434663,0.2145739027750443,0.45755954254537823,0.0002980716063035665,24.843288660246873,-0.08613996432693316,2.918345608246073,-4.073598132825822,1.4035983913755115,0.0,0.4977934686672551,0.0,0.22554615233221806,0.702372764786795,-0.04039559141901201,14.96386607181208,0.5078534031413613,-2.108808290155441,-165.8102564387283,0.07375397363356798,0.28228214936444274,-0.4562018220042046,-2.085978835978836,-0.9953917050691244,-105.99999994786846,-0.1302011876452352,-0.03451576381452308,Publishing,Communication Services,SCHL
2008Q2,2008,Q2,2008-01-09,2007-11-30,75600000.0,746200000.0,130200000.0,1.93,428100000.0,0.5737067810238542,2177500000.0,1028600000.0,1212700000.0,632000000.0,1148900000.0,478100000.0,739200000.0,1359257157.96,1649457157.96,26.667407111102882,1.9188291139240505,0.21942594718714123,0.464514874586817,0.05211214133500223,26.667407111102882,0.07349795839004472,1.8215721763066202,4.494898009126985,1.32146330736924,0.0,0.6653419786655511,0.0,0.3426865671641791,0.8395569620253165,0.0347187141216992,4.442016856078432,0.5737067810238542,28.57142857142857,0.020833321990740863,0.14448011977103167,0.3854177287903395,0.6314786585365854,28.0,24.03846153846154,0.07103824064427929,0.12476402346318352,0.18741325801792344,Publishing,Communication Services,SCHL
2008Q1,2008,Q1,2007-10-09,2007-08-31,-2800000.0,586900000.0,5200000.0,-0.07,262400000.0,0.4470949054353382,2240900000.0,925500000.0,1274900000.0,607500000.0,1315400000.0,531200000.0,663600000.0,1363200000.0,1974700000.0,23.1375,2.0986008230452673,0.2919362756035521,0.7068611561318207,0.0027760829774252592,23.1375,-0.0030253916801728795,2.3227125575055374,-121.7142857142857,1.4729335494327391,0.0,0.6108810240963856,0.0,0.26190369940648844,0.8587654320987654,-0.0012494979695657994,-11.303482587064677,0.4470949054353382,-1.0693069306930694,0.9385964912556053,0.8704118139703485,0.3406456560463567,-0.2367655613728912,-1.0693069306930694,-0.9259259259259259,0.9448818900596421,0.7952530802517763,0.1356930761091833,Publishing,Communication Services,SCHL
2007Q4,2007,Q4,2007-07-30,2007-05-31,40400000.0,611700000.0,70200000.0,1.01,343800000.0,0.5620402157920549,1877700000.0,1129000000.0,904700000.0,414100000.0,748700000.0,422900000.0,672800000.0,1270800000.0,1552900000.0,28.225,2.1847379859937215,0.1623795068434787,0.2700620017714792,0.03009024591079682,28.225,0.03578387953941541,2.0774889651790094,7.8638613861386135,1.1255978742249777,0.0,0.6334830929297707,0.0,0.3257708899185173,0.7350881429606375,0.021515684081589177,10.852263023057215,0.5620402157920549,6.611111111111111,-0.24011471019230773,0.10588821820240298,0.5360150613089443,0.35088408644400787,6.246753246753247,10.0,0.7778827551111112,0.03111904572267623,0.3059436790595796,Publishing,Communication Services,SCHL
2007Q3,2007,Q3,2007-04-02,2007-02-28,-7700000.0,497000000.0,-7800000.0,-0.18,254500000.0,0.5120724346076458,1952400000.0,1089200000.0,1000600000.0,409400000.0,863200000.0,489500000.0,632500000.0,1488238896.62,1870938896.62,25.461818049549,2.444064484611627,0.21107355050194632,0.37835108336393686,-0.003178558122205663,25.461818049549,-0.007069408740359897,2.99444446,-48.31944469545454,1.366359618637532,0.0,0.49540347293156284,0.0,0.25455849211227205,0.7510991695163655,-0.003943863962302807,53.151389165,0.5120724346076458,-1.1028571428571428,-1.562499997077922,-0.001499574487601316,0.41745712382874756,-0.38288069835111543,-1.1025299600532623,-1.0617088607594938,-0.1999999937662339,-0.01540832560782819,0.24203990485604873,Publishing,Communication Services,SCHL
2007Q2,2007,Q2,2007-01-09,2006-11-30,75100000.0,735500000.0,126400000.0,1.75,412400000.0,0.5607070020394289,2110800000.0,1084400000.0,1155200000.0,714900000.0,1026400000.0,494300000.0,640100000.0,,,,,,,,,,,,,,,,,,,,,,,,,,,,,,,Publishing,Communication Services,SCHL
2007Q1,2007,Q1,2006-10-06,2006-08-31,-46900000.0,334900000.0,-66100000.0,-1.12,163100000.0,0.48701104807405193,2005000000.0,999900000.0,1041800000.0,689800000.0,1005100000.0,548000000.0,565000000.0,,,,,,,,,,,,,,,,,,,,,,,,,,,,,,,Publishing,Communication Services,SCHL
