Quarters,Year,Quarter,FillingDate,Date,NetIncome,Revenue,OperatingIncome,EPSDiluted,GrossProfit,GrossProfitRatio,TotalAssets,CommonStockEquity,CurrentAssets,CurrentLiability,TotalLiability,Inventory,RetainedEarnings,MarketCap,EnterpriseValue,bookValuePerShare,currentRatio,debtToAssets,debtToEquity,roic,shareholdersEquityPerShare,roe,priceToSalesRatio,peRatio,pbRatio,payoutRatio,inventoryTurnover,dividendYield,assetTurnover,quickRatio,returnOnAssets,priceToFreeCashFlowsRatio,grossProfitMargin,epsdilutedGrowth,fiveYNetIncomeGrowthPerShare,fiveYRevenueGrowthPerShare,fiveYShareholdersEquityGrowthPerShare,grossProfitGrowth,netIncomeGrowth,operatingIncomeGrowth,threeYNetIncomeGrowthPerShare,threeYRevenueGrowthPerShare,threeYShareholdersEquityGrowthPerShare,Industry,Sector,Symbol
2023Q1,2023,Q1,2023-05-05,2023-03-31,29048000.0,83702000.0,53575000.0,0.99,83702000.0,1.0,7667648000.0,777555000.0,87922000.0,63245000.0,6890093000.0,0.0,454338000.0,1608874920.0,1822394920.0,26.64867365823566,1.3901810419796032,0.03931348961246004,0.3876793281504202,0.038792591483798086,26.64867365823566,0.03735812900695128,19.221463286420875,13.84669271550537,2.0691461311418484,0.2947190856513357,0.0,0.005321109735491433,0.010916254893286704,27.023258755632856,0.0037883846519819377,202.8590240827134,1.0,-0.01980198019801982,0.67684349239387,0.6946444444795974,0.7815917737590728,-0.021624275294557696,-0.025790656336988967,0.09609640328982365,0.6940509335063282,0.45717936697350253,0.4645316256421351,Banks—Regional,Financial Services,SYBT
2022Q4,2022,Q4,2023-02-24,2022-12-31,29817000.0,85552000.0,48878000.0,1.01,85552000.0,1.0,7496261000.0,760432000.0,1249289000.0,660000.0,6735829000.0,0.0,439898000.0,1894621860.0,1888449860.0,26.080598141098193,1892.862121212121,0.010184143801823335,0.10039424958444673,0.044701504371226844,26.080598141098193,0.03921060660256275,22.145851178230785,15.885416540899486,2.491507274812212,0.2835966059630412,0.0,0.004463159735737452,0.011412622906272873,1917.8242424242424,0.003977582957690507,54.95161726318232,1.0,0.041237113402061897,3.663476878615002,0.7159437327817856,0.7631004635853476,26.05629348513599,0.04786505007907222,0.04886161241175082,0.38159368160623774,0.3818512695309772,0.44384746623214455,Banks—Regional,Financial Services,SYBT
2022Q3,2022,Q3,2022-11-04,2022-09-30,28455000.0,3162000.0,46601000.0,0.97,3162000.0,1.0,7557205000.0,727754000.0,1277609000.0,401000.0,6826456000.0,0.0,421269000.0,1982083440.0000002,1914379440.0000002,24.970971726598957,3186.0573566084786,0.0034727124644627215,0.036061636212236556,0.046957739175221544,24.970971726598957,0.03909975073994784,626.8448576850095,17.414192936215077,2.7235624125734796,0.2969952556668424,0.0,0.004263695377022069,0.0004184086576981834,3186.0573566084786,0.0037652809471226466,41.61592844545226,1.0,0.06593406593406587,0.8804749999014957,-0.9343732769001748,0.684030589403281,-0.9590255280549437,0.0619914906322311,0.14086713834553333,0.2775264169089624,-0.9452813773545512,0.4215596447329321,Banks—Regional,Financial Services,SYBT
2022Q2,2022,Q2,2022-08-05,2022-06-30,26794000.0,77170000.0,40847000.0,0.91,77170000.0,1.0,7586135000.0,747131000.0,1245517000.0,277000.0,6835974000.0,0.0,401275000.0,1742616420.0,1680338420.0,25.647282963166386,4496.451263537906,0.0034462872068583015,0.03499252473796429,0.04125096802963338,25.647282963166386,0.03586251942430444,22.58152675910328,16.259390348585505,2.332410808813983,0.3025677390460551,0.0,0.0046521999373792195,0.01017250549851802,4560.306859205776,0.003531969837077774,310.018932574275,1.0,2.1379310344827593,0.9765384632595037,0.6352918502168174,0.7896540513011324,0.15825653648725724,2.3737093930999746,1.9386330935251799,0.261488353154399,0.417363201519955,0.49451338243366016,Banks—Regional,Financial Services,SYBT
2022Q1,2022,Q1,2022-05-06,2022-03-31,7942000.0,66626000.0,13900000.0,0.29,66626000.0,1.0,7777134000.0,755048000.0,1293546000.0,337000.0,7019009000.0,0.0,384949000.0,1440467000.0,1356713000.0,27.72853470437018,3838.415430267062,0.003348920052039736,0.034494495714179764,0.015056191133738362,27.72853470437018,0.01051853656986046,21.620193317923935,45.34333291362377,1.9077820218052362,1.0434399395618232,0.0,0.005752995382747401,0.00856690909530426,3838.415430267062,0.0010211988117987938,559.6219891219891,1.0,-0.6847826086956522,-0.9862155092927952,-0.965318885452898,-0.9557643798489498,0.05088328075709779,-0.6770100451421367,-0.5843301435406698,-0.5774318149261796,0.3816064954800828,0.662344706359711,Banks—Regional,Financial Services,SYBT
2021Q4,2021,Q4,2022-02-25,2021-12-31,24589000.0,63400000.0,33440000.0,0.92,63400000.0,1.0,6646025000.0,675869000.0,62304000.0,0.0,5970156000.0,0.0,0.0,1692308960.0,2810302960.0,25.512192359957723,0.0,0.0,0.0,0.037883509552709256,25.512192359957723,0.036381310579417014,26.692570347003155,17.205955508560738,2.5039008446903175,0.30180161860994753,0.0,0.004385133078773039,0.00953953679078848,0.0,0.0036998055228501248,43.42817080681585,1.0,0.05747126436781615,0.9626500260959473,0.45971793315942,0.8246218015507308,0.02892012074393846,0.061609532855539245,0.0,0.4334728070581507,0.3058403008273416,0.5758390467795989,Banks—Regional,Financial Services,SYBT
2021Q3,2021,Q3,2021-11-08,2021-09-30,23162000.0,61618000.0,0.0,0.87,61618000.0,1.0,6181188000.0,663547000.0,4875813000.0,0.0,5517641000.0,0.0,375462000.0,1553345250.0,1478825250.0,25.05369076835945,0.0,0.0016178119804801277,0.015070522510085947,0.0,25.05369076835945,0.03490634423786107,25.20927732156188,16.76609586823245,2.3409724556060083,0.32017960452465244,0.0,0.004774212300839108,0.009968633861322452,0.0,0.003747176109188072,107.37162162162163,1.0,4.117647058823529,0.8702986249167826,0.4419195349691945,0.8000027854084998,0.09259521951911483,4.53585086042065,0.0,0.42663039985267176,0.3183269682433057,0.6066500771505027,Banks—Regional,Financial Services,SYBT
2021Q2,2021,Q2,2021-08-06,2021-06-30,4184000.0,56396000.0,0.0,0.17,56396000.0,1.0,6088072000.0,651089000.0,4845662000.0,0.0,5436983000.0,0.0,359628000.0,1228484600.0,1180007600.0,26.971375310687655,0.0,0.0016425561327132793,0.015358883347745085,0.0,26.971375310687655,0.0064261567926965435,21.78318675083339,73.40371653919695,1.8868151665901283,1.7179732313575526,0.0,0.005851111198300735,0.00926335956604981,0.0,0.0006872454859272361,65.52966341281272,1.0,-0.8282828282828283,-0.617041587213048,0.5025767488926131,0.9748587578454734,0.10658504042068911,-0.8157639806252752,0.0,-0.7112146155307189,0.3178251443771812,0.7661385653424835,Banks—Regional,Financial Services,SYBT
2021Q1,2021,Q1,2021-05-07,2021-03-31,22710000.0,50964000.0,0.0,0.99,50964000.0,1.0,4794075000.0,443232000.0,4038172000.0,0.0,4350843000.0,0.0,362607000.0,1155079320.0,1136198320.0,19.59296260277606,0.0,0.005043725849094976,0.05455382282867663,0.0,19.59296260277606,0.05123727528698289,22.664612667765482,12.715536327608982,2.6060377409573316,0.27181858212241305,0.0,0.005344221728426407,0.010630622174246335,0.0,0.004737097354547019,43.30194264292409,1.0,0.26923076923076916,1.2715372113032757,0.4942908037286919,0.47144092683382116,0.03476000974579713,0.280446549391069,0.0,0.6909001006538744,0.33085513882710926,0.3098836153853843,Banks—Regional,Financial Services,SYBT
2020Q4,2020,Q4,2021-02-26,2020-12-31,17736000.0,49252000.0,0.0,0.78,49252000.0,1.0,4608629000.0,440701000.0,3936899000.0,0.0,4167928000.0,0.0,353574000.0,914564639.9999999,903024639.9999999,19.506085955827025,0.0,0.006865165323570199,0.07179243977209038,0.0,19.506085955827025,0.04024497334927763,18.56908633151953,12.8913599458728,2.075249749830384,0.34398962562020746,0.0,0.006670933614927426,0.010686909273886009,0.0,0.003848433015545404,24.09666016757127,1.0,0.21875000000000003,0.8053632104586274,0.46984296564120875,0.5102428034479,0.06862808913189698,0.22039496318722906,0.0,2.579896718043114,0.27486935398862505,0.3186503240989753,Banks—Regional,Financial Services,SYBT
2020Q3,2020,Q3,2020-11-06,2020-09-30,14533000.0,46089000.0,0.0,0.64,46089000.0,1.0,4365129000.0,428598000.0,3864479000.0,0.0,3936531000.0,0.0,341970000.0,768691280.0,775710280.0,18.979629793640953,0.0,0.012951736363346879,0.13190915496572544,0.0,18.979629793640953,0.033908231023009903,16.678410900648746,13.223203743205119,1.7935017895557142,0.42007844216610474,0.0,0.007942070059647354,0.010558450849906155,0.0,0.0033293403241920227,101.69219208890065,1.0,0.08474576271186449,0.022745359904490635,-0.06127717406384593,-0.0032836753585054387,0.011899795815311656,0.08714841412327948,0.0,0.239512762570834,0.2345335424606171,0.2799773071704368,Banks—Regional,Financial Services,SYBT
2020Q2,2020,Q2,2020-08-07,2020-06-30,13368000.0,45547000.0,0.0,0.59,45547000.0,1.0,4334533000.0,420231000.0,3777817000.0,0.0,3914302000.0,0.0,335575000.0,906912000.0000001,921982000.0000001,18.627260638297873,0.0,0.014172691729420447,0.14618626422134492,0.0,18.627260638297873,0.031811075337136,19.911563879069973,16.960502692998205,2.1581273156906557,0.4605026929982047,0.0,0.006787869164814227,0.010507937071882946,0.0,0.0030840692642090856,60.376273217495516,1.0,0.017241379310344845,-0.031719901487612716,-0.06828484216381592,0.005965900791394846,0.027545909849749584,0.010278113663845224,0.0,0.27335779680269084,0.24630072314214368,0.29980054861360006,Banks—Regional,Financial Services,SYBT
2020Q1,2020,Q1,2020-05-08,2020-03-31,13232000.0,44326000.0,0.0,0.58,44326000.0,1.0,3784586000.0,409702000.0,3266779000.0,0.0,3374884000.0,0.0,328475000.0,651387880.0,672916880.0,18.19603837271274,0.0,0.018282316744817003,0.1688812844457679,0.0,18.19603837271274,0.03229664487847265,14.695390515724405,12.307056378476421,1.5899065174199782,0.46243954050785974,0.0,0.009393788536562886,0.011712245408084266,0.0,0.0034962873085721924,58.509645198958054,1.0,-0.20547945205479456,0.3950756861391273,0.3833148180074352,0.4939258861801159,-0.0719206046774565,-0.2052375518049132,0.0,-0.9722257247099928,-0.9720961422717282,-0.9709716705087054,Banks—Regional,Financial Services,SYBT
2019Q4,2019,Q4,2020-02-28,2019-12-31,16649000.0,47761000.0,0.0,0.73,47761000.0,1.0,3724197000.0,406297000.0,3172423000.0,0.0,3317900000.0,0.0,333699000.0,923562580.0,956652580.0,18.06326412661717,0.0,0.02146852059652054,0.19678461814879264,0.0,18.06326412661717,0.040977413074671974,19.337170076003435,13.8681389272629,2.2731218295975606,0.3647666526518109,0.0,0.006575623711389433,0.012824509551992014,0.0,0.004470493907814221,51.702546044897275,1.0,-0.03947368421052635,0.8597996545548124,0.490843275185252,0.5231398577687733,0.06819198425478619,-0.033944528258094464,0.0,0.5651555800111436,0.2951511635680783,0.29187743129142535,Banks—Regional,Financial Services,SYBT
2019Q3,2019,Q3,2019-11-08,2019-09-30,17234000.0,44712000.0,0.0,0.76,44712000.0,1.0,3533926000.0,396111000.0,3080973000.0,0.0,3137815000.0,0.0,323592000.0,827359500.0,841237500.0,17.56589800443459,0.0,0.023199410513972278,0.2069748126156557,0.0,17.56589800443459,0.04350800659411125,18.504193505099302,12.001849541603805,2.0887061959905178,0.3393292329116862,0.0,0.0070682695974361815,0.012652217392214778,0.0,0.00487672916750379,48.96487542167249,1.0,0.05555555555555561,0.12633072335742707,-0.07398459532129883,0.018132710469165272,0.054379097297552234,0.041769932902133836,0.0,0.6344604529450282,0.22888418584612225,0.2620362256612264,Banks—Regional,Financial Services,SYBT
2019Q2,2019,Q2,2019-08-06,2019-06-30,16543000.0,42406000.0,0.0,0.72,42406000.0,1.0,3463823000.0,389365000.0,2959888000.0,0.0,3074458000.0,0.0,313927000.0,822703140.0,855718140.0,17.160959055048703,0.0,0.024331208609677805,0.2164524289548367,0.0,17.160959055048703,0.042487126475158274,19.40063057114559,12.432798464607387,2.11293552322371,0.3559813818533519,0.0,0.007158110518455053,0.012242542416283973,0.0,0.004775936876682209,86.40024574669187,1.0,0.058823529411764594,0.3200209162186803,-0.11502145209903097,0.024596901063499495,0.056663012060201336,0.05766894699827377,0.0,0.6110021463304159,0.2020916542969995,0.2565347481357801,Banks—Regional,Financial Services,SYBT
2019Q1,2019,Q1,2019-04-30,2019-03-31,15641000.0,40132000.0,0.0,0.68,40132000.0,1.0,3281016000.0,377994000.0,0.0,0.0,2903022000.0,0.0,303659000.0,792228560.0,796067560.0,16.68037597634703,0.0,0.014584811533988253,0.12659724757535834,0.0,16.68037597634703,0.04137896368725429,19.74057011860859,12.662690365066172,2.095876019196072,0.36647273192251134,0.0,0.007235285736227433,0.012231577048085106,0.0,0.004767120916204005,87.48106890459364,1.0,1.384180790960452,0.8366668169283183,0.28251957386565035,0.5315825267931563,-0.032684149633629,0.06706235502797107,0.0,0.5617775103783722,0.17466586191156794,0.2527042685772849,Banks—Regional,Financial Services,SYBT
2018Q4,2018,Q4,2019-02-28,2018-12-31,14658000.0,41488000.0,0.0,-1.77,41488000.0,1.0,3302924000.0,366500000.0,2813867000.0,0.0,2936424000.0,0.0,298156000.0,742526399.9999999,738811399.9999999,16.189592720204963,0.0,0.014586166681401086,0.13145156889495224,0.0,16.189592720204963,0.039994542974079124,17.897377554955646,12.664183381088824,2.025992905866303,0.38627370719061266,0.0,0.007625318103167781,0.012560991412457569,0.0,0.004437885945907324,41.16,1.0,-3.95,1.2238742565845366,0.3701428562472628,0.5299194755837769,0.038576113350189,0.056356298645142695,0.0,0.48908494278151565,0.23567828190415802,0.2534660183396802,Banks—Regional,Financial Services,SYBT
2018Q3,2018,Q3,2018-11-02,2018-09-30,13876000.0,39947000.0,0.0,0.6,39947000.0,1.0,3324797000.0,352980000.0,0.0,0.0,2971817000.0,0.0,289340000.0,809010640.0,791481640.0,15.593744477822938,0.0,0.01458735676193163,0.13740155249589212,0.0,15.593744477822938,0.039311009122329876,20.25210003254312,14.575717786105507,2.2919446994163977,0.40811473046987606,0.0,0.006999907936933932,0.012014868877708924,0.0,0.004173487885125017,81.29126205787782,1.0,0.0169491525423729,0.14972507408027125,-0.14299121155152444,-0.008212106577469775,-0.0040389937420529055,0.021872008248030046,0.0,-0.02581990125424271,-0.18831600899561168,-0.18109363289363292,Banks—Regional,Financial Services,SYBT
2018Q2,2018,Q2,2018-08-03,2018-06-30,13579000.0,40109000.0,0.0,0.59,40109000.0,1.0,3323840000.0,345515000.0,0.0,0.0,2978325000.0,0.0,281164000.0,863143750.0,867912750.0,15.271381215469614,0.0,0.01468813179936459,0.14129922000492018,0.0,15.271381215469614,0.03930075394700664,21.519951881123937,15.89115085794241,2.498136839211033,0.3854481184181457,0.0,0.006063879857787304,0.012067067006835467,0.0,0.004085335034177337,41.06102231102231,1.0,0.017241379310344845,0.3304683982557062,-0.1268612634512483,-0.0156684422954413,0.04947930294625569,0.013055804237541033,0.0,-0.01926231248795543,-0.18188241880619663,-0.17526849175217887,Banks—Regional,Financial Services,SYBT
2018Q1,2018,Q1,2018-05-04,2018-03-31,13404000.0,38218000.0,0.0,0.58,38218000.0,1.0,3285480000.0,337702000.0,0.0,0.0,2947778000.0,0.0,274002000.0,792452700.0,799970700.0,14.957788900208177,0.0,0.014956718652982212,0.14551290782998028,0.0,14.957788900208177,0.03969179927865396,20.735064629232298,14.780153312444048,2.346603514341046,0.38846612951357806,0.0,0.006570739174716673,0.011632394657706028,0.0,0.004079769166149238,80.70604949587535,1.0,1.402777777777778,0.8176846800405987,0.2667000690091178,0.48369935327560304,-0.009074880730138976,1.7100687424181156,0.0,0.40939168093861245,0.18947536009428007,0.22806006342287113,Banks—Regional,Financial Services,SYBT
2017Q4,2017,Q4,2018-03-13,2017-12-31,4946000.0,38568000.0,0.0,-1.44,38568000.0,1.0,3239646000.0,333644000.0,2617469000.0,0.0,2906002000.0,0.0,267193000.0,850323500.0000001,857799500.0000001,14.792462868543561,0.0,0.015266482819419159,0.14823584419321192,0.0,14.792462868543561,0.014824183860641882,22.047383841526656,42.98036291953094,2.548595209264965,0.9591589162959968,0.0,0.0055790531485957985,0.011905004435669823,0.0,0.0015267100170821132,278.8860282059692,1.0,-3.8235294117647056,-0.29805864653026026,0.3192398084439761,0.5040596830595443,0.034910242305524995,-0.5774094326725906,0.0,-0.44901893615702876,0.20057763732538644,0.24733767007496169,Banks—Regional,Financial Services,SYBT
2017Q3,2017,Q3,2017-11-03,2017-09-30,11704000.0,37267000.0,0.0,0.51,37267000.0,1.0,3155913000.0,334255000.0,0.0,0.0,2821658000.0,0.0,267681000.0,856596000.0,859006000.0,14.828098660278592,0.0,0.01587813098776804,0.14991548368760377,0.0,14.828098660278592,0.035015183018952595,22.98537580164757,18.29707792207792,2.562702128614381,0.3856801093643199,0.0,0.005269695398997894,0.011808627170647606,0.0,0.003708593994828121,44.261664858161524,1.0,0.10869565217391301,0.07874481187280426,-0.1972114747275685,0.02202586460589057,0.009754247161785027,0.1039426523297491,0.0,-0.23481181438696716,-0.2279016062494619,-0.14055220653778464,Banks—Regional,Financial Services,SYBT
2017Q2,2017,Q2,2017-08-04,2017-06-30,10602000.0,36907000.0,0.0,0.46,36907000.0,1.0,3126762000.0,326500000.0,0.0,0.0,2800262000.0,0.0,260956000.0,886258700.0,891789700.0,14.330860729491288,0.0,0.016129465562137443,0.15446554364471668,0.0,14.330860729491288,0.03247166921898928,24.013295580784135,20.89838473872854,2.7144217457886675,0.4275608375778155,0.0,0.005114759381205511,0.01180358466682146,0.0,0.003390728171827597,67.1103059215508,1.0,-0.021276595744680753,0.057877085223178866,-0.18524593386702232,0.01285958248495749,0.025735805008198772,-0.01751459549624687,0.0,-0.15752157487287025,-0.2329589193738779,-0.1443744230198151,Banks—Regional,Financial Services,SYBT
2017Q1,2017,Q1,2017-05-05,2017-03-31,10791000.0,35981000.0,0.0,0.47,35981000.0,1.0,3033343000.0,319687000.0,0.0,0.0,2713656000.0,0.0,255015000.0,20731500.0,27903500.0,626.8372549019608,0.0,0.016732364259498513,0.15876466668960576,0.0,626.8372549019608,0.033754891503251616,0.5761790945221089,0.4802960800667222,0.06484936828835704,0.39718283754981004,0.0,0.20673853797361505,0.011861830330430815,0.0,0.003557461190508294,1.3565959952885749,1.0,1.3498760173389621,66.57676552011146,51.70953980296921,66.85892429632588,-0.022335135722631308,0.01648455162019593,0.0,55.303637174571435,50.09228457541574,56.55583615814161,Banks—Regional,Financial Services,SYBT
2016Q4,2016,Q4,2017-03-13,2016-12-31,10616000.0,36803000.0,0.0,-1.343333,36803000.0,1.0,3039481000.0,313872000.0,2418771000.0,0.0,2725609000.0,0.0,252439000.0,1053933600.0000001,1065299600.0000001,13.982181040627227,0.0,0.01680385565825218,0.16272556965896925,0.0,13.982181040627227,0.033822704796859865,28.637165448468878,24.819461190655616,3.35784523627466,0.4032592313489073,0.0,0.004061925722834911,0.012108317176517966,0.0,0.0034927015500343644,78.19658703071673,1.0,-3.9202891304347824,0.5484952166967525,0.24960169442639685,0.5470198708996142,0.018965612713882276,0.014235215438998758,0.0,0.6242647597604598,0.2257078706334947,0.32131866779431945,Banks—Regional,Financial Services,SYBT
2016Q3,2016,Q3,2016-11-07,2016-09-30,10467000.0,36118000.0,0.0,0.46,36118000.0,1.0,2938665000.0,311570000.0,0.0,0.0,2627095000.0,0.0,247011000.0,737809600.0,747642600.0,13.918695555059191,0.0,0.017479365630311723,0.1648618288025163,0.0,13.918695555059191,0.03359437686555188,20.427753474721744,17.62227954523741,2.368038001091248,0.38635712238463743,0.0,0.0054810888879732655,0.012290614956111024,0.0,0.0035618214393270415,52.53183339266643,1.0,0.02222222222222224,0.11747022595339504,-0.13191809290459544,0.0463685146211818,0.04002533978346003,0.035413987535859136,0.0,-0.12301024002048823,-0.21644878896984704,-0.11474798350236023,Banks—Regional,Financial Services,SYBT
2016Q2,2016,Q2,2016-08-05,2016-06-30,10109000.0,34728000.0,0.0,0.45,34728000.0,1.0,2909519000.0,305051000.0,0.0,0.0,2604468000.0,0.0,241745000.0,630545280.0,632929280.0,13.657369269340974,0.0,0.014779762565564961,0.14096659247142282,0.0,13.657369269340974,0.0331387210663135,18.156682791983414,15.593661094074587,2.0670159415966514,0.3995449599366901,0.0,0.006405566940410687,0.011935993543950049,0.0,0.003474457461869127,48.739683079539304,1.0,0.038462337278720955,0.04064240363973782,-0.16783257780560223,0.05310479437965992,0.03508092158206909,0.027859684799186577,0.0,0.0032938697399826846,-0.23421936190501833,-0.11970113394727597,Banks—Regional,Financial Services,SYBT
2016Q1,2016,Q1,2016-05-06,2016-03-31,9835000.0,33551000.0,0.0,0.433333,33551000.0,1.0,2824107000.0,296323000.0,0.0,0.0,2527784000.0,0.0,235809000.0,571631821.8,579845821.8,13.315493843803361,0.0,0.0153096182262216,0.14590835000995536,0.0,13.315493843803361,0.033190133739196756,17.037698482906617,14.530549613624808,1.9290835399209645,0.3791560752414845,0.0,0.006523429693360713,0.011880215586732372,0.0,0.003482516774329018,34.69692393323217,1.0,1.3532607898156466,0.6596405161926038,0.22781483290505938,0.5838172415142231,0.019756238412206317,0.019593613933236574,0.0,0.35305870982155096,0.12815677643661416,0.3207961241063752,Banks—Regional,Financial Services,SYBT
2015Q4,2015,Q4,2016-03-04,2015-12-31,9646000.0,32901000.0,0.0,-1.226666,32901000.0,1.0,2816801000.0,286519000.0,2202258000.0,0.0,2530282000.0,0.0,231091000.0,558875570.5500001,566448570.5500001,12.915860887596637,0.0,0.015431690062592282,0.1517107067943138,0.0,12.915860887596637,0.03366617920626555,16.986583099297896,14.484645722320133,1.9505707145075895,0.385755753680282,0.0,0.006658011543317403,0.011680271343272031,0.0,0.0034244520645938426,65.4114665905899,1.0,-2.9784935483870965,0.48179876463989857,0.14521133950276466,0.5679379576988621,0.025656212980859155,0.038991813873330464,0.0,0.39189584289063983,0.14424359721540067,0.31325160696194687,Banks—Regional,Financial Services,SYBT
2015Q3,2015,Q3,2015-11-05,2015-09-30,9284000.0,32078000.0,0.0,0.62,32078000.0,1.0,2624607000.0,280948000.0,0.0,0.0,2343659000.0,0.0,225178000.0,357538108.2,363902108.2,19.042158058831504,0.0,0.01664973079779182,0.15554123894813274,0.0,19.042158058831504,0.033045261044748496,11.145897755471038,9.627803430633348,1.2726131106112162,0.38334769495906934,0.0,0.009954183675461982,0.012222020287227764,0.0,0.0035372914878303687,18.843581121534733,1.0,0.03333333333333337,0.3545006288520581,0.16575657954783585,0.5565787491366838,0.006368627450980392,0.0313263719173517,0.0,0.3073811080387413,0.05576357000049736,0.31247967119161646,Banks—Regional,Financial Services,SYBT
2015Q2,2015,Q2,2015-08-04,2015-06-30,9002000.0,31875000.0,0.0,0.6,31875000.0,1.0,2482687000.0,272382000.0,0.0,0.0,2210305000.0,0.0,219466000.0,370593443.0,371673443.0,18.516791298436438,0.0,0.01565038202560371,0.14264892687475678,0.0,18.516791298436438,0.033049173587094596,11.626460956862745,10.291975199955566,1.3605650997496164,0.394467896023106,0.0,0.00958192884162821,0.012838912033615191,0.0,0.0036259101529914966,50.87773791872598,1.0,0.45161407388231756,0.5078826596659488,0.20917820342876453,0.5644451684857891,0.019445421690600314,-0.027336574824419233,0.0,0.39118426227842834,0.08984873033810471,0.3087078199636638,Banks—Regional,Financial Services,SYBT
2015Q1,2015,Q1,2015-05-07,2015-03-31,9255000.0,31267000.0,0.0,0.413333,31267000.0,1.0,2512263000.0,267601000.0,0.0,0.0,2244662000.0,0.0,214100000.0,504295477.65,507150477.65,12.18001410982909,0.0,0.014625857245041621,0.13730890392786274,0.0,12.18001410982909,0.03458507255204577,16.12868128218249,13.622244128849271,1.884505206071726,0.366612641815235,0.0,0.0067281983487364715,0.01244575110169596,0.0,0.003683929588582087,102.7078365885947,1.0,1.3483142280016214,0.7309508637773358,0.22247984391963982,0.5844716961974812,0.001730048377278698,0.06110983719330429,0.0,0.34537194462771664,0.06324278496727803,0.31856019874942454,Banks—Regional,Financial Services,SYBT
2014Q4,2014,Q4,2015-03-06,2014-12-31,8722000.0,31213000.0,0.0,-1.186667,31213000.0,1.0,2563868000.0,259895000.0,2002481000.0,0.0,2303973000.0,0.0,209584000.0,487098130.5,481714130.5,11.859228838694957,0.0,0.014365794182851848,0.14171877104215164,0.0,11.859228838694957,0.033559706804671116,15.605617226796527,13.961767097569366,1.874211241078128,0.388672322861729,0.0,0.006959583270254411,0.012174183694324357,0.0,0.003401891205007434,63.00583760186263,1.0,-2.7711447761194026,1.8245167228191885,0.27026715996655853,0.5801213838321314,0.00022431583669807088,-0.11800991000101123,0.0,0.30317043725531956,0.08557560373466154,0.3121316777188468,Banks—Regional,Financial Services,SYBT
2014Q3,2014,Q3,2014-11-05,2014-09-30,9889000.0,31206000.0,0.0,0.67,31206000.0,1.0,2407871000.0,251446000.0,0.0,0.0,2156425000.0,0.0,204215000.0,292452085.8,291069085.8,17.25305338273638,0.0,0.015332632022230426,0.14682675405454848,0.0,17.25305338273638,0.039328523818235324,9.37166204576043,7.393368535746789,1.1630810822204372,0.3270300333704116,0.0,0.011058221695199823,0.012959996611114133,0.0,0.004106947589800284,30.233855660084775,1.0,0.21818181818181814,1.09530535355962,0.26742784997632263,0.5291519730603267,0.01588645094081646,0.23089370176748816,0.0,0.6216026552307446,0.15200257172700324,0.29703618915724234,Banks—Regional,Financial Services,SYBT
2014Q2,2014,Q2,2014-08-07,2014-06-30,8034000.0,30718000.0,0.0,0.55,30718000.0,1.0,2411375000.0,243614000.0,0.0,0.0,2167761000.0,0.0,197569000.0,289929848.5,268631848.5,16.74898590580956,0.0,0.014957026592711628,0.14804978367417307,0.0,16.74898590580956,0.03297840025614292,9.43843507064262,9.021964416853374,1.190119814542678,0.40141896938013444,0.0,0.011123380420074273,0.01273879010937743,0.0,0.00333170908713908,21.78285864012021,1.0,0.47321560108535815,0.7472341369809598,0.27993378953987724,0.5193764534549693,0.022365705917593025,-0.017488076311605722,0.0,0.27003831926275956,0.13035679290801697,0.29149596899319447,Banks—Regional,Financial Services,SYBT
2014Q1,2014,Q1,2014-05-07,2014-03-31,8177000.0,30046000.0,0.0,0.373333,30046000.0,1.0,2354238000.0,236976000.0,0.0,0.0,2117262000.0,0.0,192783000.0,458969114.7,450572114.7,10.890941679305115,0.0,0.01456437284590598,0.14468975761258523,0.0,10.890941679305115,0.03450560394301533,15.275547983092592,14.032319759691818,1.9367746721186956,0.3760547878194937,0.0,0.006699797222760706,0.012762515939340033,0.0,0.0034733106848160635,69.04906193771626,1.0,1.3809520408163267,0.6064851241481435,0.3551561241446368,0.5009975430880595,0.03599751741259224,0.2952637414858229,0.0,0.4112462911685096,0.12456152588382546,0.29542782343267016,Banks—Regional,Financial Services,SYBT
2013Q4,2013,Q4,2014-03-07,2013-12-31,6313000.0,29002000.0,0.0,-0.98,29002000.0,1.0,2389262000.0,229444000.0,1847714000.0,0.0,2159818000.0,0.0,188825000.0,461403600.0,461213600.0,10.581990084169261,0.0,0.014368034983187276,0.14961820749289587,0.0,10.581990084169261,0.027514339010826172,15.909371767464313,18.27196261682243,2.010963895329579,0.48598130841121495,0.0,0.006649276251854125,0.01213847623240984,0.0,0.0026422384820082518,49.623962142396216,1.0,-2.849056603773585,0.16382123319126302,0.2875372831847538,0.482943247089464,-0.02248137786915636,-0.1782087997917209,0.0,-0.007801712653331064,0.03282133973229821,0.2846146350875848,Banks—Regional,Financial Services,SYBT
2013Q3,2013,Q3,2013-11-07,2013-09-30,7682000.0,29669000.0,0.0,0.53,29669000.0,1.0,2289755000.0,226535000.0,0.0,0.0,2063220000.0,0.0,185618000.0,272119573.6,288393573.6,15.722862298722932,0.0,0.027654487052108195,0.27952413534332443,0.0,15.722862298722932,0.03391087469927384,9.171848515285316,8.8557528508201,1.20122530116759,0.37854725331944805,0.0,0.010686478600303083,0.012957281455876284,0.0,0.003354944087904601,14.561972151763259,1.0,0.1777777777777778,0.31604257560791277,0.31495771027703795,0.5206727736184767,0.028851822311613554,0.19900109255501794,0.0,0.14768963999663265,0.10410297511657361,0.28524683253764943,Banks—Regional,Financial Services,SYBT
2013Q2,2013,Q2,2013-08-05,2013-06-30,6407000.0,28837000.0,0.0,0.45,28837000.0,1.0,2258600000.0,220352000.0,0.0,0.0,2038248000.0,0.0,180957000.0,236621980.0,257900980.0,15.514468774202633,0.0,0.027786682015407776,0.28481248184722624,0.0,15.514468774202633,0.02907620534417659,8.20549918507473,9.232947557359138,1.073836316439152,0.4529420945840487,0.0,0.0122642875357564,0.012767643673071814,0.0,0.002836713008058089,38.918088815789474,1.0,0.3775496147452912,-0.013081235540596814,0.2351937531382336,0.5427259714143562,0.041385287638582936,-0.05333924349881797,0.0,0.111516331104974,0.1329813987312139,0.3107851854157068,Banks—Regional,Financial Services,SYBT
2013Q1,2013,Q1,2013-05-06,2013-03-31,6768000.0,27691000.0,0.0,0.326667,27691000.0,1.0,2121066000.0,208897000.0,0.0,0.0,1912169000.0,0.0,177420000.0,309571740.0,340628740.0,10.081414989624053,0.0,0.029594552927631673,0.3004925872559204,0.0,10.081414989624053,0.0323987419637429,11.179507421183779,11.435126329787234,1.481934829126316,0.41252955082742315,0.0,0.009018911093112054,0.013055227890126945,0.0,0.0031908483752980813,14.13634138545139,1.0,1.3525185989342439,0.30818629149605314,0.3082989212636339,0.5463886797922729,0.02456802456802457,0.03899293828676696,0.0,0.34214023714321745,0.14795103286904934,0.3114694748826098,Banks—Regional,Financial Services,SYBT
2012Q4,2012,Q4,2013-03-11,2012-12-31,6514000.0,27027000.0,0.0,-0.926666,27027000.0,1.0,2148262000.0,205075000.0,1712771000.0,0.0,1943187000.0,0.0,174650000.0,311661115.05,331833115.05,9.835023859194783,0.0,0.029224554546884877,0.3061416554918932,0.0,9.835023859194783,0.031763988784591,11.53147278832279,11.961203371584281,1.5197421189808606,0.42708013509364445,0.0,0.008926362210934406,0.012580867696770692,0.0,0.003032218602758881,-24.910967552553753,1.0,-2.9305541666666666,0.022647449347595158,0.24288515761877172,0.49184441477351704,-0.054669464847848896,-0.025142173002095182,0.0,1.2170730091460107,0.1560099505210191,0.31041669924661297,Banks—Regional,Financial Services,SYBT
2012Q3,2012,Q3,2012-11-06,2012-09-30,6682000.0,28590000.0,0.0,0.48,28590000.0,1.0,2102589000.0,201422000.0,0.0,0.0,1901167000.0,0.0,170908000.0,222960979.99999997,279251980.0,14.5085356191025,0.0,0.04343359543876621,0.4533913872367467,0.0,14.5085356191025,0.03317413192203433,7.7985652325988095,8.341850493864111,1.1069345950293412,0.394791978449566,0.0,0.011831666688942612,0.013597521912271015,0.0,0.0031779867582299726,37.19115596330275,1.0,0.09090909090909087,0.15973416655959563,0.3839922611481579,0.4846279315623595,0.03643284393692224,0.09487137473373751,0.0,0.4862670801744786,0.21897483129735765,0.28590316021197504,Banks—Regional,Financial Services,SYBT
2012Q2,2012,Q2,2012-08-06,2012-06-30,6103000.0,27585000.0,0.0,0.44,27585000.0,1.0,2083628000.0,196302000.0,0.0,0.0,1887326000.0,0.0,166812000.0,221521995.79999998,278058995.79999995,14.148911633270867,0.0,0.04383028064510556,0.46523214231133664,0.0,14.148911633270867,0.03108985135148903,8.030523683161137,9.074307545469441,1.128475490825361,0.43191872849418317,0.0,0.011899495535332299,0.013238927486096367,0.0,0.002929025718602361,39.72063758292989,1.0,0.40425681303916294,0.000697044516142504,0.33698077190459197,0.4284728740034758,-0.007555315704263357,-0.06136573362042448,0.0,0.39147268110220135,0.20497931568262912,0.2835119271400312,Banks—Regional,Financial Services,SYBT
2012Q1,2012,Q1,2012-05-04,2012-03-31,6502000.0,27795000.0,0.0,0.313333,27795000.0,1.0,2040589000.0,191823000.0,0.0,0.0,1848766000.0,0.0,163307000.0,321181492.2,381590492.2,9.237359144755851,0.0,0.0447557053380176,0.476105576494998,0.0,9.237359144755851,0.03389583105258494,11.55536939017809,12.349334520147647,1.6743638260271185,0.4052599200246078,0.0,0.008204084182905481,0.013621067250681053,0.0,0.00318633492584739,25.830906562650796,1.0,1.3759992992005605,0.18477660612564048,0.4044342388981354,0.4223158108437815,0.02018719031014865,0.02522863450015768,0.0,0.3384919337322291,0.31357668076272815,0.27309958947325935,Banks—Regional,Financial Services,SYBT
2011Q4,2011,Q4,2012-02-29,2011-12-31,6342000.0,27245000.0,0.0,-0.833334,27245000.0,1.0,2053097000.0,187686000.0,1652535000.0,0.0,1865411000.0,0.0,160672000.0,284218012.2,352648012.2,9.038139266108061,0.0,0.04935519364160583,0.5398964227486334,0.0,9.038139266108061,0.033790479843994754,10.431932912461,11.20380054399243,1.514327185831655,0.3924629454430779,0.0,0.008757361930490625,0.013270196196282981,0.0,0.0030889918985805348,16.971279166417865,1.0,-2.9841285714285712,0.0484598383579037,0.3145279136077376,0.41930298048691345,0.06226606363069245,0.09837201246969172,0.0,0.22076826285975143,0.2629180872374163,0.26659045078676985,Banks—Regional,Financial Services,SYBT
2011Q3,2011,Q3,2011-11-04,2011-09-30,5774000.0,25648000.0,0.0,0.42,25648000.0,1.0,1987954000.0,183553000.0,0.0,1420000.0,1804401000.0,0.0,156794000.0,171291126.7,243694126.7,13.301905935212696,0.0,0.05161034913282702,0.558961171977576,0.0,13.301905935212696,0.031456854423518005,6.678537379132876,7.416484529788708,0.933197096751347,0.4303775545549013,0.0,0.014507464851651303,0.01290170698114745,25.297887323943662,0.002904493765952331,31.263209837561597,1.0,-0.023255813953488393,0.11351400965443477,0.30485161094532376,0.425910229323047,-0.0044637658657765015,-0.037185259296314825,0.0,0.03282918479595971,0.18691185465264315,0.28652441321418604,Banks—Regional,Financial Services,SYBT
2011Q2,2011,Q2,2011-08-05,2011-06-30,5997000.0,25763000.0,0.0,0.43,25763000.0,1.0,1943384000.0,178825000.0,0.0,1422000.0,1764559000.0,0.0,153414000.0,213729500.0,292083500.0,12.96867067952716,0.0,0.05278421557448245,0.5736334405144694,0.0,12.96867067952716,0.03353557947714246,8.295986492256336,8.90985075871269,1.1951880329931497,0.41387360346840085,0.0,0.011612809649580428,0.013256772722220622,21.20534458509142,0.0030858543653750365,64.26022248947685,1.0,0.6124979843775196,0.6102412476914335,0.9622119789270749,1.1705364700978897,0.017496050552922592,0.09215079220542706,0.0,-0.048501634326765346,0.1366552393445757,0.2895771916660216,Banks—Regional,Financial Services,SYBT
2011Q1,2011,Q1,2011-05-06,2011-03-31,5491000.0,25320000.0,0.0,0.266667,25320000.0,1.0,1919323000.0,173361000.0,0.0,1431000.0,1745962000.0,0.0,149990000.0,345873832.65,425164832.65,8.407216119880701,0.0,0.053400600107433714,0.591211402795323,0.0,8.407216119880701,0.03167379052958855,13.660103975118483,15.747306166909485,1.9951075077439562,0.45055545437989436,0.0,0.007152897289294256,0.013192151607624146,20.51642208245982,0.002860904600215805,32.54364251505457,1.0,1.3278689935500052,0.08897941369025981,0.34988808987420955,0.4252783341836699,-0.05186294701366785,-0.09254668649809948,0.0,0.0665278646237097,0.20210821214472963,0.2895832430002415,Banks—Regional,Financial Services,SYBT
2010Q4,2010,Q4,2011-03-01,2010-12-31,6051000.0,26705000.0,0.0,-0.813334,26705000.0,1.0,1902945000.0,169861000.0,0.0,2302000.0,1733084000.0,0.0,147837000.0,337489537.35,423127537.35,8.237482117310444,0.0,0.05430530046848438,0.6083797928894802,0.0,8.237482117310444,0.03562324488846763,12.637690969855834,13.943543932821022,1.9868571205279613,0.793422574781028,0.0,0.014225626185919448,0.014033511215510695,10.421372719374457,0.003179808139489055,21.031316591886334,1.0,-2.7681173913043478,0.15572189616566728,0.4056149904803375,0.4246338223026465,0.045082769146479865,-0.04933228593872742,0.0,-0.03939808329132465,0.24183487765395148,0.24951823853658098,Banks—Regional,Financial Services,SYBT
2010Q3,2010,Q3,2010-11-04,2010-09-30,6365000.0,25553000.0,0.0,0.46,25553000.0,1.0,1881122000.0,167609000.0,0.0,1649000.0,1713513000.0,0.0,144247000.0,226706336.70000002,322982336.70000005,12.233340632070652,0.0,0.06516164289184859,0.7313270767082913,0.0,12.233340632070652,0.03797528772321295,8.87200472351583,8.904412282010998,1.3525904736619156,0.36370777690494893,0.0,0.010211448139023279,0.013583914280945096,19.50394178289873,0.003383618925300964,-23.261475138518367,1.0,0.15,0.7351453212779799,1.085218379258657,1.1660515098686475,0.041576651856682835,0.14560835133189345,0.0,0.11939005963553155,0.25340798938452996,0.25181201435492095,Banks—Regional,Financial Services,SYBT
2010Q2,2010,Q2,2010-08-05,2010-06-30,5556000.0,24533000.0,0.0,0.4,24533000.0,1.0,1859478000.0,162035000.0,0.0,1938000.0,1697443000.0,0.0,140200000.0,209730800.0,290390800.0,11.836011687363039,0.0,0.06067885718465075,0.696337211096368,0.0,11.836011687363039,0.03428888820316598,8.548925936493703,9.437131029517639,1.2943549233190361,0.4197264218862491,0.0,0.011119015423581086,0.013193487634701783,19.671826625387,0.002987935323784417,-46.50350332594235,1.0,0.6666666666666669,0.6178425564616998,1.0636089360078145,1.1406820825041115,0.02963025139547572,0.11543866693435054,0.0,-0.07674912851122886,0.2050389203302574,0.19496269889966403,Banks—Regional,Financial Services,SYBT
2010Q1,2010,Q1,2010-05-06,2010-03-31,4981000.0,23827000.0,0.0,0.24,23827000.0,1.0,1801977000.0,157336000.0,0.0,2125000.0,1644641000.0,0.0,136959000.0,310424432.25,390527432.25,7.687113716868206,0.0,0.057147233288771165,0.6545100930492703,0.0,7.687113716868206,0.03165836172268267,13.028263409157677,15.580427235996789,1.9730032049244928,0.4651676370206786,0.0,0.007463974350234153,0.013222699290834456,13.679058823529411,0.002764186224352475,10.823724973849373,1.0,1.3673471261975134,0.11971840540532305,0.4411880945564987,0.45180558806543764,0.03825874765785001,0.7271151178918169,0.0,-0.07913896350917907,0.2214962716126489,0.18361787258892334,Banks—Regional,Financial Services,SYBT
2009Q4,2009,Q4,2010-03-12,2009-12-31,2884000.0,22949000.0,0.0,-0.6533329999999999,22949000.0,1.0,1791479000.0,153614000.0,0.0,2236000.0,1637865000.0,0.0,135442000.0,291320067.75,368739067.75,7.505264443630145,0.0,0.05760156831310889,0.6717616883877772,0.0,7.505264443630145,0.01877433046467119,12.694237995119613,25.25312653866158,1.8964421716119624,0.8013176144244105,0.0,0.007932855494126872,0.012810085968074423,14.095706618962433,0.0016098430403035705,-64.40859335617952,1.0,-3.041665625,-0.36975759540958025,0.40798746926986884,0.4141801621580791,0.0,-0.34439645373948624,0.0,-0.5162634885610567,0.12340102807849722,0.17858818951057334,Banks—Regional,Financial Services,SYBT
2009Q3,2009,Q3,2009-11-06,2009-09-30,4399000.0,22949000.0,0.0,0.32,22949000.0,1.0,1763533000.0,153265000.0,0.0,2007000.0,1610268000.0,0.0,134873000.0,209102587.2,317925587.2,11.282759128386337,0.0,0.07527956664264292,0.8661990669755,0.0,11.282759128386337,0.028701921508498353,9.111620863654188,11.883529620368265,1.3643205376309007,0.5253466696976585,0.0,0.01105199142174937,0.013013082261573784,14.853014449427006,0.0024944245443663375,14.499867360099854,1.0,0.03225806451612906,0.4203675206361799,1.1461550640392024,1.1672020349449552,0.025378669407086368,0.025886194029850745,0.0,-0.13822714592664,0.18601813236092127,0.20946590169199045,Banks—Regional,Financial Services,SYBT
2009Q2,2009,Q2,2009-08-07,2009-06-30,4288000.0,22381000.0,0.0,0.31,22381000.0,1.0,1746759000.0,149524000.0,0.0,2299000.0,1597235000.0,0.0,132782000.0,218560801.2,324106801.2,11.023591860808022,0.0,0.07620112448254167,0.8901915411572724,0.0,11.023591860808022,0.02867767047430513,9.76546182923015,12.742584025186567,1.4617105026617798,0.5361473880597015,0.0,0.010518812098864141,0.012812872296636227,14.473249238799479,0.0024548320632668845,-41.86186577284045,1.0,0.32857332653332355,0.49253298619619806,1.0274712503570573,1.227281201757567,0.08466608510225841,-0.09478572936457674,0.0,0.17046024029685208,0.7329018560429202,0.8449931189270095,Banks—Regional,Financial Services,SYBT
2009Q1,2009,Q1,2009-05-07,2009-03-31,4737000.0,20634000.0,0.0,0.233333,20634000.0,1.0,1630724000.0,146930000.0,0.0,1850000.0,1483794000.0,0.0,130795000.0,328050000.0,414197000.0,7.255802469135802,0.0,0.069114699973754,0.7670795616960457,0.0,7.255802469135802,0.03223984210168107,15.898517010758942,17.313172894236857,2.232695841557204,0.4834283301667722,0.0,0.006980643194634964,0.012653275477640606,17.417837837837837,0.002904844719278063,56.00034141345169,1.0,1.2868846009142616,0.12720841463495877,0.31272581427830437,0.46167491512954867,-0.0191567238674716,-0.06494275562574023,0.0,-0.043366081871345,0.12018990511481678,0.23007876910893335,Banks—Regional,Financial Services,SYBT
2008Q4,2008,Q4,2009-03-13,2008-12-31,5066000.0,21037000.0,0.0,-0.813334,21037000.0,1.0,1628763000.0,144500000.0,0.0,1822000.0,1484263000.0,0.0,128923000.0,371249325.0,458482325.0,7.135802469135802,0.0,0.06882032560906651,0.7757231833910034,0.0,7.135802469135802,0.03505882352941177,17.647446166278463,18.320633882747728,2.5691994809688583,0.46900908014212395,0.0,0.006400011636384793,0.012915936818309355,16.91218441273326,0.0031103358806652656,194.1680570083682,1.0,-3.033335,0.2017143174903576,0.26996920522499707,0.523137797419916,-9.506155235514996e-05,-0.06926327392981811,0.0,-0.014706680612545892,0.1275395101761776,0.2341035042053349,Banks—Regional,Financial Services,SYBT
2008Q3,2008,Q3,2008-11-07,2008-09-30,5443000.0,21039000.0,0.0,0.4,21039000.0,1.0,1653456000.0,138910000.0,0.0,50000000.0,1514546000.0,0.0,126145000.0,274252685.5,354202685.5,10.33941198362486,0.0,0.06985066430555152,0.8314376214815348,0.0,10.33941198362486,0.039183644086098916,13.035443010599364,12.596577507808194,1.9743192390756605,0.40253536652581295,0.0,0.007988982846259129,0.012724257555084623,1.35016,0.0032918928595620325,40.29572223038495,1.0,-0.11111111111111108,0.7352535721039541,0.8892339523396598,1.2738543249585037,-0.04546073227167551,-0.11192690487844673,0.0,0.5131792436118453,0.7508516040581948,0.8307099926223384,Banks—Regional,Financial Services,SYBT
2008Q2,2008,Q2,2008-08-08,2008-06-30,6129000.0,22041000.0,0.0,0.45,22041000.0,1.0,1596320000.0,134848000.0,0.0,52311000.0,1461472000.0,0.0,122977000.0,190944160.0,259079160.0,10.056529196808114,0.0,0.06563658915505663,0.777000771238728,0.0,10.056529196808114,0.04545117465590887,8.663135066467039,7.788552781856747,1.4159954912197437,0.37298091042584436,0.0,0.011972086499005781,0.013807381978550666,1.2884288199422684,0.0038394557482209083,14.89540213745222,1.0,0.8243218590245149,1.3524271975718363,1.0272250246115457,1.2852352535889349,0.06938042792683519,0.2165541881699087,0.0,0.8220936589941304,0.8928451773757562,0.8188417207099606,Banks—Regional,Financial Services,SYBT
2008Q1,2008,Q1,2008-05-12,2008-03-31,5038000.0,20611000.0,0.0,0.246667,20611000.0,1.0,1517258000.0,131547000.0,0.0,47379000.0,1385711000.0,0.0,119124000.0,312623807.4,381828807.4,6.519327980969373,0.0,0.06891576778636198,0.7948717948717948,0.0,6.519327980969373,0.03829809877838339,15.167813662607344,15.513289370782056,2.376517954799425,0.4366812227074236,0.0,0.007037211971464206,0.013584373916631186,1.3868169442157918,0.003320463625830281,119.77923655172413,1.0,1.3008134146341463,0.2832728824865815,0.33587728084899277,0.5438358785571138,-0.020529392196930094,-0.18267358857884491,0.0,0.14878067132601477,0.26455302745857023,0.23125494715053335,Banks—Regional,Financial Services,SYBT
2007Q4,2007,Q4,2008-03-13,2007-12-31,6164000.0,21043000.0,0.0,-0.8200000000000001,21043000.0,1.0,1482219000.0,133024000.0,1288735000.0,11757000.0,1349195000.0,0.0,116906000.0,322040880.0,383888880.0,6.592526514025176,109.6142723483882,0.06797578495485485,0.7574197137358673,0.0,6.592526514025176,0.046337503006976186,15.303943354084494,13.061359506813757,2.4209231416887182,0.3669695003244646,0.0,0.007023952983857205,0.014196957399682504,3.863485583056902,0.004158629730154586,151.9060754716981,1.0,-3.0,0.545383964952684,0.2983473858443032,0.6255452911970975,-0.00303216942246648,0.04705282826567012,0.0,0.36634910235009355,0.3095719380890071,0.24219743150398598,Banks—Regional,Financial Services,SYBT
2007Q3,2007,Q3,2007-11-08,2007-09-30,5887000.0,21107000.0,0.0,0.41,21107000.0,1.0,1410453000.0,138623000.0,0.0,41031000.0,1271830000.0,0.0,112943000.0,264408400.0,302599400.0,9.772506168487839,0.0,0.050402955646164746,0.5128369751051413,0.0,9.772506168487839,0.04246770016519625,12.527047898801346,11.228486495668422,1.907391991228007,0.38848309835230166,0.0,0.00864949827615159,0.014964695739595718,2.0825960858862813,0.004173836349031127,26.220587068623562,1.0,-0.046511627906976785,1.150747319785998,0.9521537128451146,1.4881792906733247,-0.009200582077641647,-0.06511037001746864,0.0,0.8202839482888664,0.8902627424772133,0.8771113531595881,Banks—Regional,Financial Services,SYBT
2007Q2,2007,Q2,2007-08-08,2007-06-30,6297000.0,21303000.0,0.0,0.43,21303000.0,1.0,1425299000.0,141888000.0,0.0,40137000.0,1283411000.0,0.0,109353000.0,227481000.0,255865000.0,9.904921465968586,0.0,0.05002038168833346,0.5024667343256654,0.0,9.904921465968586,0.04438007442489851,10.678355161244895,9.031324440209625,1.603243403247632,0.3423852628235668,0.0,0.009477714622320105,0.01494633757548416,2.5001868600044848,0.004418020359236904,4374.634615384615,1.0,0.6538461538461537,1.5366985351745583,1.0787741188051778,1.6380735916921527,0.035634419056878947,0.10396213183730715,0.0,1.0753722490907156,0.8272969747659095,1.001257454430082,Banks—Regional,Financial Services,SYBT
2007Q1,2007,Q1,2007-05-09,2007-03-31,5704000.0,20570000.0,0.0,0.26,20570000.0,1.0,1414364000.0,140176000.0,0.0,38672000.0,1274188000.0,0.0,105348000.0,357709820.55,372521820.55,6.494590775360808,0.0,0.03543642230712886,0.3575505079328844,0.0,6.494590775360808,0.04069170186051821,17.38987946280992,15.678025094232119,2.551862091584865,0.37955820476858343,0.0,0.006052391842838378,0.014543639402586604,2.2096348779478694,0.004032908077411472,1944.0751116847828,1.0,1.3451324379358958,0.5040052881435336,0.3679575805779052,0.8292771839835006,-0.04512115866679046,-0.09273103228885,0.0,0.2734547279404914,0.22780118150929957,0.3083295005283288,Banks—Regional,Financial Services,SYBT
