Quarters,Year,Quarter,FillingDate,Date,NetIncome,Revenue,OperatingIncome,EPSDiluted,GrossProfit,GrossProfitRatio,TotalAssets,CommonStockEquity,CurrentAssets,CurrentLiability,TotalLiability,Inventory,RetainedEarnings,MarketCap,EnterpriseValue,bookValuePerShare,currentRatio,debtToAssets,debtToEquity,roic,shareholdersEquityPerShare,roe,priceToSalesRatio,peRatio,pbRatio,payoutRatio,inventoryTurnover,dividendYield,assetTurnover,quickRatio,returnOnAssets,priceToFreeCashFlowsRatio,grossProfitMargin,epsdilutedGrowth,fiveYNetIncomeGrowthPerShare,fiveYRevenueGrowthPerShare,fiveYShareholdersEquityGrowthPerShare,grossProfitGrowth,netIncomeGrowth,operatingIncomeGrowth,threeYNetIncomeGrowthPerShare,threeYRevenueGrowthPerShare,threeYShareholdersEquityGrowthPerShare,Industry,Sector,Symbol
2023Q1,2023,Q1,2023-05-22,2023-03-31,2539402.0,0.0,-745260.0,0.13,0.0,0.0,103187604.0,92619047.0,521867.0,786057.0,10568557.0,0.0,-10047265.0,60720000.0,60460094.0,16.107660347826087,0.6639047804421307,0.0009884908268632732,0.001101285354404478,-0.022752762061396075,16.107660347826087,0.027417708152406274,0.0,5.977785321111034,0.6555886933278422,0.0,0.0,0.0,0.0,130.7825857412376,0.02460956453645343,-115.91989461827762,0.0,-0.865979381443299,0.0,0.0,0.0,0.0,-0.5465785941126329,0.348622971165864,0.0,0.0,0.0,Shell Companies,Financial Services,TOAC
2022Q4,2022,Q4,2023-04-18,2022-12-31,5600534.0,0.0,-1144130.0,0.97,0.0,0.0,239519132.0,230230160.0,408133.0,743972.0,9288972.0,0.0,-8881414.0,238509999.99999997,238417325.99999997,10.010006956521739,0.5485865059437721,0.0,0.0,-0.012490736202356486,10.010006956521739,0.02432580509868907,0.0,10.646752613232952,1.0359633160138533,0.0,0.0,0.0,0.0,321.5224134779266,0.02338240771513818,-646.4929566393533,0.0,4.388888888888889,27.78307772091236,0.0,16.57323531805572,0.0,0.06644743105884324,-0.13913375933157174,27.78307772091236,0.0,16.57323531805572,Shell Companies,Financial Services,TOAC
2022Q3,2022,Q3,2022-11-23,2022-09-30,5251580.0,0.0,-1004386.0,0.18,0.0,0.0,237927797.0,227624358.0,951630.0,520939.0,10303439.0,0.0,-9352384.0,292962500.0,292500897.0,7.917368973913043,1.8267589871366896,0.0,0.0,-0.01091188547344651,7.917368973913043,0.023071256723764158,0.0,13.946398036400474,1.2870437178783827,0.0,0.0,0.0,0.0,455.78804812079727,0.022072158302713994,-3182.023069904853,0.0,-0.5609756097560975,6492.446229913473,0.0,31328.327002477294,0.0,-0.5543123054097676,-0.26964378941620093,6492.446229913473,0.0,31328.327002477294,Shell Companies,Financial Services,TOAC
2022Q2,2022,Q2,2022-08-23,2022-06-30,11783094.0,0.0,-791077.0,0.41,0.0,0.0,237090077.0,225123161.0,1261893.0,204416.0,11966916.0,0.0,-11382614.0,289225000.0,288671329.0,7.830370817391304,6.173161592047589,0.0,0.0,-0.01376744788719538,7.830370817391304,0.05234065632189662,0.0,6.136440055557565,1.2847411999514347,0.0,0.0,0.0,0.0,1156.3764822714465,0.04969880709094375,-1478.1717638400523,0.0,0.41379310344827586,0.0,0.0,0.0,0.0,0.428406700983875,0.10807077913878015,0.0,0.0,0.0,Shell Companies,Financial Services,TOAC
2022Q1,2022,Q1,2022-05-16,2022-03-31,8249117.0,0.0,-886928.0,0.29,0.0,0.0,237517421.0,221738069.0,1689875.0,304352.0,15779352.0,0.0,-14390106.0,57787500.00000001,57038165.00000001,38.563142434782606,5.552370281778993,0.00036857506969983477,0.00039480365457678806,-0.008063984482973892,38.563142434782606,0.03720207827732098,0.0,1.7513238083542761,0.26061154162932665,0.0,0.0,0.0,0.0,2.74970428976974,0.03473057666788997,-230.2171600674069,0.0,32.86813186813186,0.0,0.0,0.0,0.0,32.55938006917026,-0.31314644770232536,0.0,0.0,0.0,Shell Companies,Financial Services,TOAC
2021Q4,2021,Q4,2022-04-04,2021-12-31,-261384.0,0.0,-675422.0,-0.0091,0.0,0.0,237951814.0,-18479636.0,1919387.0,238950.0,20681450.0,0.0,-18480211.0,285775019.88,284684628.88,-0.6427699031116589,8.032588407616656,0.0,0.0,0.02039581771002094,-0.6427699031116589,0.014144434446652521,0.0,-273.3287231429621,-15.46432082753145,,0.0,,0.0,4.563260096254447,-0.001098474500387713,0.0,0.0,0.0,0.0,0.0,0.0,0.0,-322.09517923362176,-833.885043263288,0.0,0.0,0.0,Shell Companies,Financial Services,TOAC
2021Q3,2021,Q3,2021-09-30,2021-09-30,-809.0,0.0,-809.0,0.0,0.0,0.0,416110.0,-7266.0,29788.0,423376.0,423376.0,0.0,-32266.0,285775000.0,285841184.0,-0.0002527304347826087,0.07035826310419108,0.2306409362908846,-13.208367740159648,-0.009120014429689086,-0.0002527304347826087,0.11134048995320672,0.0,-88311.18665018541,-39330.44315992293,,0.0,,0.0,0.07035826310419108,-0.0019441974477902477,0.0,0.0,0.0,0.0,0.0,0.0,0.0,0.0,0.0,0.0,0.0,0.0,Shell Companies,Financial Services,TOAC
2021Q1,2021,Q1,2021-04-30,2021-04-30,,,,,,,151174.0,-6054.0,51000.0,157228.0,157228.0,0.0,-31054.0,0.0,-25000.0,0.0,0.3243697051415778,0.1719872464841838,-4.294681202510737,,0.0,,0.0,0.0,0.0,0.0,0.0,,,0.3243697051415778,,0.0,0.0,0.0,0.0,0.0,0.0,0.0,0.0,0.0,0.0,0.0,0.0,Shell Companies,Financial Services,TOAC
