Quarters,Year,Quarter,FillingDate,Date,NetIncome,Revenue,OperatingIncome,EPSDiluted,GrossProfit,GrossProfitRatio,TotalAssets,CommonStockEquity,CurrentAssets,CurrentLiability,TotalLiability,Inventory,RetainedEarnings,MarketCap,EnterpriseValue,bookValuePerShare,currentRatio,debtToAssets,debtToEquity,roic,shareholdersEquityPerShare,roe,priceToSalesRatio,peRatio,pbRatio,payoutRatio,inventoryTurnover,dividendYield,assetTurnover,quickRatio,returnOnAssets,priceToFreeCashFlowsRatio,grossProfitMargin,epsdilutedGrowth,fiveYNetIncomeGrowthPerShare,fiveYRevenueGrowthPerShare,fiveYShareholdersEquityGrowthPerShare,grossProfitGrowth,netIncomeGrowth,operatingIncomeGrowth,threeYNetIncomeGrowthPerShare,threeYRevenueGrowthPerShare,threeYShareholdersEquityGrowthPerShare,Industry,Sector,Symbol
2023Q1,2023,Q1,2023-05-09,2023-04-01,6964000.0,88864000.0,9924000.0,0.51,37199000.0,0.4186059597,480769000.0,314920000.0,257411000.0,60362000.0,165876000.0,87431000.0,163323000.0,567351360.0,558798360.0,23.17974385396732,4.2644544581027795,0.17623432459247582,0.2690461069477963,0.01777690298231693,23.17974385396732,0.02211355264829163,6.384490457328051,20.367294658242386,1.8015729709132478,0.0,0.5909231279523282,0.0,0.18483720872186019,2.5285444484940856,0.014485126952860937,114.80197490894375,0.41860595966870723,-0.2153846153846154,0.37107636274947414,0.19396413219520875,0.5319737780665665,-0.06295027457302635,-0.21168213719719267,0.24751728472658704,1.095692514530801,0.30834409286493186,0.31461262994878336,Scientific & Technical Instruments,Technology,VPG
2022Q4,2022,Q4,2023-03-01,2022-12-31,8834000.0,96240000.0,7955000.0,0.65,39698000.0,0.4124896093,476742000.0,306547000.0,251806000.0,64336000.0,170220000.0,84660000.0,156359000.0,524828350.0,521316350.0,22.57507916635982,3.9139206665008706,0.17839837899744515,0.2774452204719015,0.015769199827317216,22.57507916635982,0.028817766932966234,5.453328657522859,14.852511602897893,1.712064870965953,0.0,0.6678714859437751,0.0,0.2018701939413771,2.310215120616762,0.018529938625084428,77.51120218579236,0.4124896093100582,-0.12162162162162159,0.93192321555764,0.3566714968549124,0.5535005502249721,0.0637191854233655,-0.12690254991104963,-0.3306125883540895,1.272686244196609,0.3861777905494122,0.2648441977406525,Scientific & Technical Instruments,Technology,VPG
2022Q3,2022,Q3,2022-11-08,2022-10-01,10118000.0,90057000.0,11884000.0,0.74,37320000.0,0.4144042107,454197000.0,286440000.0,236544000.0,57692000.0,167697000.0,85323000.0,147525000.0,403873910.0,409284910.0,20.986152831709283,4.1001178672952925,0.18785020596789498,0.29786691802820836,0.024401445748107882,20.986152831709283,0.03532327887166597,4.484647612067913,9.97909443565922,1.4099773425499231,0.0,0.618086565170001,0.0,0.19827739945442177,2.341069819039035,0.02227667730081881,80.30898985881885,0.41440421066657784,-0.06329113924050639,1.3155381191650768,0.3963043140885767,0.47337177403570874,-0.0003749933036910055,-0.059228265922826595,0.1263387356648659,1.2232415688969502,0.32341026846475024,0.19978415712928785,Scientific & Technical Instruments,Technology,VPG
2022Q2,2022,Q2,2022-08-09,2022-07-02,10755000.0,88618000.0,10551000.0,0.79,37334000.0,0.4212913855,458378000.0,285238000.0,237669000.0,59427000.0,173028000.0,84338000.0,137407000.0,384873600.0,392294600.0,20.89961899179367,3.9993437326467767,0.18947244413998926,0.30448257244827126,0.02140780873759746,20.89961899179367,0.03770535482649577,4.343063485973504,8.946387726638774,1.349306894593287,0.0,0.6080770234058195,0.0,0.19332952279559665,2.323910007235768,0.023463167953086755,85.20557892406464,0.42129138549730305,0.6122448979591838,1.8866762166396123,0.38126723784577216,0.5195533963726385,0.05912056737588652,0.6090664272890485,0.26891160553217075,0.9142060051254016,0.2385197596907701,0.20681854872649272,Scientific & Technical Instruments,Technology,VPG
2022Q1,2022,Q1,2022-05-10,2022-04-02,6684000.0,87665000.0,8315000.0,0.49,35250000.0,0.4020988992,457819000.0,281818000.0,234856000.0,58623000.0,175976000.0,79400000.0,126652000.0,440065990.00000006,451132990.00000006,20.66568893451639,4.006209167050475,0.19494166908756516,0.3166866559268748,0.016509245146804952,20.66568893451639,0.023717434656409457,5.0198595790794505,16.45967945840814,1.5615254880809601,0.0,0.6601385390428212,0.0,0.19148397073952805,2.3410095013902392,0.014599656196007593,-96.16826704545456,0.4020988992186163,0.1136363636363636,2.2454693968918042,0.42037641512780155,0.5609811581542349,0.010694727184104138,0.11623246492985972,0.03087031986114555,-0.19757363484467286,0.13364466164833888,0.22429539433646936,Scientific & Technical Instruments,Technology,VPG
2021Q4,2021,Q4,2022-03-04,2021-12-31,5988000.0,90017000.0,8066000.0,0.44,34877000.0,0.3874490374,461889000.0,277099000.0,234943000.0,64628000.0,184847000.0,76427000.0,120296000.0,505797119.99999994,511926119.99999994,20.336048730368415,3.635312867487776,0.19585658026062538,0.3264681575898866,0.015647397400533385,20.336048730368415,0.02160960523134331,5.618906650965928,21.117114228456913,1.8253300084085469,0.0,0.7214727779449671,0.0,0.1948888152781296,2.2064739741288606,0.012964153725245675,52.76414771541831,0.3874490374040459,0.12820512820512817,0.9318426430043573,0.563564567118573,0.5674787098380046,0.09521117914900298,0.113218070273285,0.11025464556090847,0.7323589801859712,0.15628130407956622,0.2545288583338324,Scientific & Technical Instruments,Technology,VPG
2021Q3,2021,Q3,2021-11-12,2021-10-02,5379000.0,81974000.0,7265000.0,0.39,31845000.0,0.388476834118135,449923000.0,269681000.0,227210000.0,55355000.0,180257000.0,78492000.0,114335000.0,480452760.0,494477760.0,19.791648319389402,4.104597597326348,0.19907628638678174,0.3321294418220045,0.01434326071132766,19.791648319389402,0.019945787801142832,5.861038378022299,22.330022308979363,1.7815595462787515,0.0,0.6386510727207868,0.0,0.1821956201394461,2.3350194201065846,0.011955379031523172,170.31292449485997,0.388476834118135,0.3448275862068967,3.95497064924433,0.45647011395878073,0.4776640970127962,0.06869588562990804,0.3721938775510204,0.4754264825345248,-0.29521710913968924,0.07377888698479683,0.24302060938701572,Scientific & Technical Instruments,Technology,VPG
2021Q2,2021,Q2,2021-08-10,2021-07-03,3920000.0,75339000.0,4924000.0,0.29,29798000.0,0.39551892114309983,440297000.0,265926000.0,218450000.0,51431000.0,174379000.0,77478000.0,108956000.0,471318980.0,485323980.0,19.52753708327214,4.247438315412883,0.19864091738076797,0.3288922482194295,0.012167231552655424,19.52753708327214,0.014740942969096666,6.255976054898525,30.058608418367342,1.772368929702248,0.0,0.5877926637238958,0.0,0.17110950108676642,2.435768310940872,0.008903081329193704,112.43296278625954,0.39551892114309983,-0.19444444444444448,1.0316227137341527,0.257638067847362,0.4620507181360557,0.04108727552232548,-0.20983672646643822,-0.23528498214008386,-0.4962081845590277,0.0034490203908513705,0.2743312990523223,Scientific & Technical Instruments,Technology,VPG
2021Q1,2021,Q1,2021-05-11,2021-04-03,4961000.0,70589000.0,6439000.0,0.36,28622000.0,0.40547394069897574,398600000.0,260714000.0,219622000.0,44397000.0,137981000.0,64297000.0,105036000.0,424101600.0,390274600.0,19.18001912749209,4.946775683041647,0.15636477671851481,0.2390627277399756,0.013766205492970822,19.18001912749209,0.019028514003850965,6.00804091289011,21.371779883088085,1.6266928511702479,0.0,0.652705413938442,0.0,0.17709232313095835,3.1542221321260446,0.012446061214249874,-3447.980487804878,0.40547394069897574,35.0,9.019872054243606,0.208460120746235,0.44432674694619817,-0.004348279820503009,41.04237288135593,0.08748522209086303,-0.023778424800113204,-0.052064593102133114,0.2676277421893938,Scientific & Technical Instruments,Technology,VPG
2020Q4,2020,Q4,2021-03-11,2020-12-31,118000.0,75445000.0,5921000.0,0.01,28747000.0,0.3810325402611174,401887000.0,257823000.0,221886000.0,47547000.0,144030000.0,62348000.0,100075000.0,427341000.0,393062000.0,18.992486187845305,4.666666666666667,0.15964437764844347,0.24884901657338562,0.0005132294472356751,18.992486187845305,0.00045767832970681436,5.664271986215123,905.3834745762713,1.6574975855528793,0.0,0.7489895425675243,0.0,0.18772689835700085,3.0238921488211665,0.00029361487184208495,79.95154349859682,0.3810325402611174,-0.975609756097561,1.0085478022241543,0.2431656143455161,0.4529710604183623,0.05111704267066437,-0.978921043229725,-0.27090259820219187,-0.9741867656764047,0.06384289964797335,0.3069649734351498,Scientific & Technical Instruments,Technology,VPG
2020Q3,2020,Q3,2020-11-03,2020-09-26,5598000.0,67525000.0,8121000.0,0.41,27349000.0,0.405020362828582,392706000.0,252384000.0,216833000.0,46919000.0,140162000.0,66459000.0,99957000.0,329601000.0,303026000.0,18.59182320441989,4.621432681855964,0.1609855719036633,0.25049131482185877,0.017498933408857612,18.59182320441989,0.022180486877139596,4.881169937060348,14.719587352625938,1.3059504564473186,0.0,0.6045230894235544,0.0,0.17194797125585043,2.872205289967817,0.014254938809185498,245.6043219076006,0.405020362828582,2.1538461538461537,3.832721740885968,0.16171548851316173,0.32561789130621094,0.1834270878407616,2.182490051165435,1.04507680684966,0.28810465425790904,0.05266017488431775,0.3052734227621321,Scientific & Technical Instruments,Technology,VPG
2020Q2,2020,Q2,2020-08-04,2020-06-27,1759000.0,59146000.0,3971000.0,0.13,23110000.0,0.39072802894532177,384650000.0,244064000.0,210721000.0,47199000.0,140410000.0,66735000.0,94359000.0,302226170.0,278662170.0,17.984231080981505,4.464522553443929,0.1654309112179904,0.2607225973515144,0.008630488253786253,17.984231080981505,0.0072071259997377735,5.10983278666351,42.95425952245594,1.2383070424151041,0.0,0.5399865138233311,0.0,0.15376576108150267,2.710650649378165,0.004572988431041206,110.90868623853211,0.39072802894532177,-0.4583333333333333,0.19252475038935035,-0.005424071124779957,0.2618948019764949,-0.07799720726112108,-0.46890096618357485,-0.14491817398794143,-0.5252000526373133,-0.07287496395618734,0.3075836181983163,Scientific & Technical Instruments,Technology,VPG
2020Q1,2020,Q1,2020-05-05,2020-03-28,3312000.0,67696000.0,4644000.0,0.24,25065000.0,0.37025821318837154,364801000.0,238760000.0,210277000.0,47466000.0,125694000.0,63972000.0,92600000.0,261070480.00000003,219053480.00000003,17.632375747729117,4.4300551974044575,0.11160605371147557,0.17052270061986932,0.0112418690503378,17.632375747729117,0.013871670296532083,3.8565126447648312,19.70640700483092,1.0934431228011394,0.0,0.6664009254048646,0.0,0.18556966674981704,2.7322504529558,0.009078922481023901,88.43850948509485,0.37025821318837154,-0.14285714285714296,3.8306624326120673,0.21397794917923826,0.23394852424007728,0.03715810816402532,-0.14440712994058383,1.64314171883893,0.6195691947541108,0.10460835965214857,0.33186008958694035,Scientific & Technical Instruments,Technology,VPG
2019Q4,2019,Q4,2020-03-11,2019-12-31,3871000.0,69142000.0,1757000.0,0.28,24167000.0,0.34952706025281305,370413000.0,241360000.0,212561000.0,88911000.0,128661000.0,66895000.0,89288000.0,459782000.0,420232000.0,17.848110626340308,2.390716559255885,0.12785728362665458,0.19622141199867418,0.023140455392299378,17.848110626340308,0.01603828306264501,6.649822105232709,29.694006716610694,1.9049635399403382,0.0,0.6723222961357351,0.0,0.18666191521355893,1.463350991440879,0.010450497147778291,123.10093708165998,0.34952706025281305,-0.15151515151515146,1.8882045359086863,0.1488156611716127,0.22185882057549583,-0.06293136874757659,-0.14149478820137504,-0.7159715486582606,0.25837031455498943,0.21012033606588149,0.37571136795338783,Scientific & Technical Instruments,Technology,VPG
2019Q3,2019,Q3,2019-11-05,2019-09-28,4509000.0,67421000.0,6186000.0,0.33,25790000.0,0.3825217662152742,344758000.0,236539000.0,224927000.0,51492000.0,108107000.0,64117000.0,85417000.0,443013480.0,374357480.0,17.491606891961844,4.368193117377457,0.0946838071922914,0.13800261267697927,0.015719332404739154,17.491606891961844,0.01906239563031889,6.570852998323964,24.562734530938123,1.872898253564951,0.0,0.6492973782304226,0.0,0.19556036408147165,2.8301289520702246,0.013078739289588638,93.58121673003802,0.3825217662152742,-0.19512195121951212,0.47067107143430387,0.08178989704705028,0.14644552018027718,-0.09853542591492188,-0.18975741239892183,-0.2364848185633177,3.18518937289277,0.20702419714720494,0.3059407223799642,Scientific & Technical Instruments,Technology,VPG
2019Q2,2019,Q2,2019-08-06,2019-06-29,5565000.0,70870000.0,8102000.0,0.41,28609000.0,0.4036827994920277,342470000.0,234104000.0,221980000.0,50609000.0,108228000.0,64282000.0,80908000.0,549236340.0,484194340.0,17.317946441781327,4.386176371791579,0.0982947411452098,0.14379506544100057,0.02155239434931543,17.317946441781327,0.02377148617708369,7.749913080287851,24.67369002695418,2.346121125653556,0.0,0.6574313182539435,0.0,0.20693783397085877,2.865024007587583,0.01624959850497854,84.54992918719212,0.4036827994920277,-0.3278688524590164,0.6362260188444365,0.10674546802740426,0.13193387430874387,-0.1343983540588787,-0.3248817178211816,-0.35713718955804175,1.9055145126507507,0.19178837205673896,0.2966159492554619,Scientific & Technical Instruments,Technology,VPG
2019Q1,2019,Q1,2019-05-07,2019-03-30,8243000.0,76525000.0,12603000.0,0.61,33051000.0,0.43189807252531853,342790000.0,227791000.0,221814000.0,54970000.0,114912000.0,63371000.0,75343000.0,461663950.0,394457950.0,16.879659133012225,4.035182826996544,0.0756673181831442,0.11386753646983419,0.03614101431224536,16.879659133012225,0.03618667989516706,6.032851355766089,14.001696894334588,2.026699694017762,0.0,0.686023575452494,0.0,0.22324163482015227,2.6492268510096415,0.024046792496863967,96.76460909662545,0.43189807252531853,1.44,3.923786891675828,0.277540489476825,0.13046202589453643,0.0725272585669782,1.411644236395553,0.7773233676491327,15.769521736445597,0.319596211428492,0.2711010871829113,Scientific & Technical Instruments,Technology,VPG
2018Q4,2018,Q4,2019-03-14,2018-12-31,3418000.0,76982000.0,7091000.0,0.25,30816000.0,0.40030136915123016,326383000.0,218415000.0,214870000.0,54782000.0,107930000.0,62241000.0,66569000.0,407319020.0,344235020.0,16.210108356835388,3.922273739549487,0.0829546882037361,0.1239612663965387,0.015801057442650906,16.210108356835388,0.015649108348785568,5.291094281780157,29.792204505558807,1.8648857450266694,0.0,0.7417297279928021,0.0,0.2358640002696219,2.616096528056661,0.010472359160863158,31.64380205096333,0.40030136915123016,-0.5535714285714286,2.089287406162854,0.26083757449385764,0.09468315733046101,0.007717462393721387,-0.5471048098582219,-0.33298843006302326,1.2494524716335786,0.27800046380309046,0.24011243687521325,Scientific & Technical Instruments,Technology,VPG
2018Q3,2018,Q3,2018-11-06,2018-09-29,7547000.0,75490000.0,10631000.0,0.56,30580000.0,0.40508676645913366,321738000.0,214536000.0,209781000.0,51288000.0,107175000.0,64663000.0,63151000.0,503927600.0,453216600.0,15.922220572955322,4.090255030416472,0.08676935891936918,0.13012734459484654,0.033027607595270986,15.922220572955322,0.035178245143006305,6.675421910186779,16.692977341990193,2.348918596412723,0.0,0.6945239163045327,0.0,0.23463190546345164,2.586004523475277,0.02345697430828811,74.62277506293499,0.40508676645913366,-0.01754385964912263,4.2473602335739935,0.3328948527195958,0.08424950590512077,-0.025058981062296756,-0.018978291953724163,-0.06045072912063632,4.847588932643269,0.308482466010813,0.13527222310373663,Scientific & Technical Instruments,Technology,VPG
2018Q2,2018,Q2,2018-08-07,2018-06-30,7693000.0,74231000.0,11315000.0,0.57,31366000.0,0.42254583664506745,314899000.0,206319000.0,203898000.0,49715000.0,108601000.0,65422000.0,55604000.0,513651600.0,469716600.0,15.323752228163993,4.101337624459418,0.09773927513266158,0.149176760259598,0.03470482279642163,15.323752228163993,0.037286919769870926,6.919637348277674,16.692174704276617,2.4895991159321245,0.0,0.6552077282871206,0.0,0.23572955137996626,2.550859901438198,0.024430055351080823,137.89304697986577,0.42254583664506745,0.5405405405405405,4.841115238600644,0.17500903577110075,0.06508727047916019,0.10036835642869672,0.5423015236567763,0.38223796726117765,4.256964471754046,0.25815927583806525,0.0752176835597323,Scientific & Technical Instruments,Technology,VPG
2018Q1,2018,Q1,2018-05-09,2018-03-31,4988000.0,73091000.0,8186000.0,0.37,28505000.0,0.3899932960282388,315402000.0,201873000.0,201140000.0,52591000.0,113528000.0,61597000.0,47911000.0,415603300.0,373512300.0,15.130640083945435,3.8246087733642637,0.10032593325343529,0.156747063748,0.02449679230880818,15.130640083945435,0.024708603924249405,5.686107728721731,20.830157377706495,2.0587364333021254,0.0,0.7238339529522542,0.0,0.2317391773038852,2.4124850259550112,0.015814738016880044,-166.775,0.3899932960282388,0.12121212121212115,2.8647286213767997,0.27630082814037776,0.03640460094340197,0.06600598354525056,0.11438784629133154,0.18209386281588447,6.383675610852946,0.3302752032899925,0.05887211510886746,Scientific & Technical Instruments,Technology,VPG
2017Q4,2017,Q4,2018-03-15,2017-12-31,4476000.0,69439000.0,6925000.0,0.33,26740000.0,0.3850861907573554,306551000.0,193156000.0,191315000.0,51915000.0,113247000.0,59935000.0,43076000.0,334293800.0,292356800.0,14.531748420102318,3.6851584320523934,0.10554524369517633,0.16750709271262607,0.021966044373426162,14.531748420102318,0.023172979353475946,4.814208153919267,18.671458891867736,1.7306933256021038,0.0,0.7124217902727955,0.0,0.22651695802656002,2.3322931715303863,0.014601159350320175,62.67225346831646,0.3850861907573554,0.03125000000000003,-0.12720412951009696,0.37101139733920097,-0.01074240855580383,0.10190794082498866,0.05193889541715629,0.3019364542207182,2.044870838828883,0.17380129135397634,-0.005175093475605836,Scientific & Technical Instruments,Technology,VPG
2017Q3,2017,Q3,2017-11-08,2017-09-30,4255000.0,62805000.0,5319000.0,0.32,24267000.0,0.38638643420109864,295719000.0,189312000.0,182114000.0,46438000.0,106218000.0,59263000.0,38600000.0,324300400.0,287391400.0,14.243623504627191,3.921658986175115,0.11153155529404604,0.1742203346855984,0.01576593708129897,14.243623504627191,0.022476124070317783,5.163607992994188,19.054077555816683,1.713047244759973,0.0,0.6502877005889003,0.0,0.21238067219218246,2.4318015418407337,0.014388659504462007,51.888064,0.38638643420109864,0.18518518518518512,1.2042282780268134,0.13987065210231192,-0.016923089452484504,-0.01987156185629468,0.17573915446255872,-0.05758327427356485,0.4120506300997171,0.02531507181368795,-0.06643577923544132,Scientific & Technical Instruments,Technology,VPG
2017Q2,2017,Q2,2017-08-08,2017-07-01,3619000.0,62319000.0,5644000.0,0.27,24759000.0,0.39729456506041494,285055000.0,182334000.0,170704000.0,42237000.0,102588000.0,56909000.0,34345000.0,229346100.0,199804100.0,13.753790450328129,4.041574922461349,0.1179281191349038,0.18436495661807453,0.019631619707627085,13.753790450328129,0.019848190683032237,3.6801954460116497,15.843195634153082,1.2578350719010167,0.0,0.6600010543147833,0.0,0.21862096788339092,2.4986149584487536,0.012695795548227536,70.22232088181262,0.39729456506041494,0.8000000000000002,0.23227142054931157,0.13553443332957554,-0.022985133988000655,0.09956921437136386,0.8140350877192982,0.5103023815895104,0.08501038424756366,-0.00763147525460933,-0.10102613129058993,Scientific & Technical Instruments,Technology,VPG
2017Q1,2017,Q1,2017-05-09,2017-04-01,1995000.0,59787000.0,3737000.0,0.15,22517000.0,0.3766203355244451,277379000.0,174886000.0,162412000.0,40455000.0,102313000.0,56023000.0,30726000.0,208718000.0,185015000.0,13.23890991672975,4.014633543443332,0.12815678187606128,0.2032638404446325,0.012000792796359152,13.23890991672975,0.011407431126562447,3.491026477327847,26.15513784461153,1.193451734272612,0.0,0.6652624814808203,0.0,0.21554263300394047,2.407415647015202,0.007192325302203844,227.11425462459195,0.3766203355244451,-0.31818181818181823,0.24334894446457822,0.08292628036325486,-0.05827509751474405,0.05842812823164426,-0.33610648918469216,-0.307193177604746,0.21738212107954027,0.019643061170300114,-0.11336569019739211,Scientific & Technical Instruments,Technology,VPG
2016Q4,2016,Q4,2017-03-16,2016-12-31,3005000.0,55814000.0,5394000.0,0.22,21274000.0,0.3811588490342925,270510000.0,171383000.0,155874000.0,36922000.0,98953000.0,56321000.0,28731000.0,249668999.99999997,227368999.99999997,12.973732021196064,4.221710633226802,0.13364385789804442,0.21094274227898915,0.015444182305998382,12.973732021196064,0.017533827742541558,4.473232522306231,20.771131447587354,1.456789763278738,0.0,0.6132703609666021,0.0,0.20632878636649293,2.5112940794106495,0.0111086466304388,324.667100130039,0.3811588490342925,1.7500000000000002,1.543578942033897,0.0007838781865632037,-0.06185563077510722,0.049790278805822846,1.8591817316841104,1.043956043956044,1.7702850435678967,-0.06759020668078601,-0.12387223955023488,Scientific & Technical Instruments,Technology,VPG
2016Q3,2016,Q3,2016-11-08,2016-10-01,1051000.0,54490000.0,2639000.0,0.08,20265000.0,0.3719031014865113,271987000.0,176692000.0,161075000.0,40812000.0,95093000.0,58332000.0,25726000.0,211467760.00000003,192068760.00000003,13.393875075803518,3.946755856120749,0.1350579255626188,0.20789849002784505,0.006037525528072368,13.393875075803518,0.0059482036538156795,3.8808544687098556,50.30156041864891,1.1968157018993504,0.0,0.5867276966330659,0.0,0.20034045744833393,2.2302754091933745,0.0038641552721269765,47.28706618962433,0.3719031014865113,-0.4285714285714286,-0.6777972416708014,-0.08179785493710041,-0.050767826452094954,-0.05722260990928123,-0.43736616702355463,0.5633886255924171,-0.2536283307010658,-0.017326660050151016,-0.08792229283886921,Scientific & Technical Instruments,Technology,VPG
2016Q2,2016,Q2,2016-08-10,2016-07-02,1868000.0,57996000.0,1688000.0,0.14,21495000.0,0.3706290088971653,268839000.0,176089000.0,156802000.0,37702000.0,92576000.0,57816000.0,24675000.0,175874560.0,160900560.0,13.356265169902912,4.1589836082966425,0.13855504595687382,0.21153507601269814,0.011367437817484222,13.356265169902912,0.010608271953387208,3.0325291399406855,23.53781584582441,0.9987822067250084,0.0,0.6313304275633043,0.0,0.2157276288038566,2.3405389634502147,0.006948396624001726,-64.99429416112343,0.3706290088971653,2.5,-0.36632757551692596,-0.05546749640100254,-0.044533336023321574,0.08697850821744627,2.8916666666666666,0.705050505050505,0.44845104869191443,-0.062479344384785925,-0.07166418499888524,Scientific & Technical Instruments,Technology,VPG
2016Q1,2016,Q1,2016-05-11,2016-04-02,480000.0,56629000.0,990000.0,0.04,19775000.0,0.34920270532765896,265181000.0,174998000.0,162292000.0,40086000.0,89990000.0,57056000.0,22807000.0,190685660.0,162017660.0,13.27955683715283,4.04859551963279,0.1233572541019153,0.1869278506040069,0.002174853066538838,13.27955683715283,0.002742888490154173,3.367279309187872,99.31544791666667,1.089644795940525,0.0,0.645926808749299,0.0,0.21354848198023238,2.410193084867535,0.0018100844328967761,-123.82185714285714,0.34920270532765896,1.0399940008998652,-0.8524443535792039,-0.03695669841345915,-0.03139946959069427,-0.04767637852155068,1.0358182225207073,0.7010309278350515,-0.6234651059358906,0.0011507405806984975,-0.09038918855005944,Scientific & Technical Instruments,Technology,VPG
2015Q4,2015,Q4,2016-03-09,2015-12-31,-13401000.0,58913000.0,582000.0,-1.00015,20765000.0,0.3524688948109925,264301000.0,172256000.0,162208000.0,41143000.0,91860000.0,56200000.0,22327000.0,149174960.0,120244960.0,13.071482774320838,3.942541866174076,0.12754775804858853,0.19570290730076165,1.640009026350992,13.071482774320838,-0.07779699981422998,2.532122960976355,-2.7829072457279307,0.8660073379156604,0.0,0.6787900355871886,0.0,0.22290116193279633,2.386651435238072,-0.05070355390255807,24.2403249918752,0.3524688948109925,-5.667666666666667,-5.140946699377417,0.08773469699610019,-0.013640409483610082,-0.03193473193473193,-5.897066392177046,1.3401519579193455,-3.635728311302962,0.1732473321051651,-0.1101508784695927,Scientific & Technical Instruments,Technology,VPG
2015Q3,2015,Q3,2015-11-04,2015-09-26,-1943000.0,57149000.0,-1711000.0,-0.15,21450000.0,0.3753346515249611,263020000.0,187192000.0,171846000.0,42970000.0,75690000.0,55898000.0,35728000.0,154825200.0,110643200.0,14.025024350041209,3.999208750290901,0.07220743669682914,0.10145732723620668,-0.0071801871935361465,14.025024350041209,-0.010379717081926578,2.709149766400112,-19.920895522388058,0.827093038164024,0.0,0.638645389817167,0.0,0.2172800547486883,2.33660693507098,-0.007387270929967303,53.72144344205413,0.3753346515249611,-2.3636363636363638,-1.7410524487314594,0.10612256253802417,0.09238018937278014,0.01972902305681008,-2.3163956639566394,-1.732762312633833,-2.002314015878318,0.032866008804983485,-0.03201052710266347,Scientific & Technical Instruments,Technology,VPG
2015Q2,2015,Q2,2015-09-03,2015-06-27,1476000.0,59508000.0,2335000.0,0.11,21035000.0,0.3534818847885999,272484000.0,193539000.0,174421000.0,54095000.0,78785000.0,55769000.0,37671000.0,211169000.0,166714000.0,14.251767304860088,3.2243460578611702,0.07707241526107955,0.10851042942249366,0.009090547409293983,14.251767304860088,0.007626369878939129,3.5485817033003966,35.767107046070464,1.091092751331773,0.0,0.6898635442629418,0.0,0.21839080459770116,1.9171087900915056,0.0054168318139780685,2270.6344086021504,0.3534818847885999,1.2,-0.6408810244674269,0.1040793734107024,0.22173715090274373,0.012320130901390827,1.1206896551724137,0.18648373983739838,-0.5093750419667757,0.05852391141245455,0.012389171848977677,Scientific & Technical Instruments,Technology,VPG
2015Q1,2015,Q1,2015-05-06,2015-03-28,696000.0,56608000.0,1968000.0,0.05,20779000.0,0.3670682589033352,277165000.0,196422000.0,178825000.0,43695000.0,80538000.0,55643000.0,37196000.0,213750300.0,165093300.0,14.289393278044521,4.092573520997826,0.07776955964858477,0.10973821669670404,0.007465434326595156,14.289393278044521,0.0035433912698170267,3.7759733606557377,76.778125,1.0882197513516818,0.0,0.6439084880398254,0.0,0.20423935201053525,2.446939009039936,0.0025111395739000233,-41.27250434446805,0.3670682589033352,1.2777777777777777,-0.6199110502907972,0.13965933798847824,0.26582186832484767,-0.03814285053001898,1.1570042860365441,1.6352485474499676,-0.5831442008470017,-0.014636614293524622,0.01644905630296725,Scientific & Technical Instruments,Technology,VPG
2014Q4,2014,Q4,2015-03-11,2014-12-31,-4433000.0,61218000.0,-3098000.0,-0.18,21603000.0,0.35288640595903165,289887000.0,200924000.0,187038000.0,48530000.0,88729000.0,54313000.0,36500000.0,236035800.0,179226800.0,14.607342784442022,3.854069647640635,0.07876517401608213,0.11363998327725906,-0.01775740102531908,14.607342784442022,-0.022063068622961916,3.855660099970597,-13.311290322580644,1.1747516473890625,0.0,0.7293833888755915,0.0,0.2111788386509226,2.414094374613641,-0.015292165567962689,32.24092337112416,0.35288640595903165,-1.8181818181818183,-7.0516540464159,0.2665783570400957,0.31504553988912853,-0.09143289733776339,-2.4212888746393073,-1.7813366960907944,-4.603634190077704,0.0541890783116055,0.056272502019721865,Scientific & Technical Instruments,Technology,VPG
2014Q3,2014,Q3,2014-11-05,2014-09-27,3119000.0,63402000.0,3965000.0,0.22,23777000.0,0.37501971546638907,292648000.0,209894000.0,186514000.0,44718000.0,82590000.0,53909000.0,40933000.0,208556120.0,157074120.0,15.257250854110634,4.170893152645467,0.08181159618381127,0.11406710053646126,0.014541252186093517,15.257250854110634,0.014859881654549439,3.2894249392763637,16.71658544405258,0.9936259254671406,0.0,0.7350349663321524,0.0,0.21664935348951642,2.649984346348227,0.010657855170717039,38.09940080379978,0.37501971546638907,-0.12,4.801619193132458,0.5320226144483927,0.0,-0.03725148803498401,-0.09881537127997689,-0.16911148365465214,-0.08308554763305066,0.024498574065704024,0.0812907622810743,Scientific & Technical Instruments,Technology,VPG
2014Q2,2014,Q2,2014-08-07,2014-06-28,3461000.0,65162000.0,4772000.0,0.25,24697000.0,0.3790092385132439,294979000.0,210459000.0,186110000.0,44251000.0,84371000.0,54650000.0,37814000.0,222709640.00000003,175288640.00000003,15.299432974701949,4.20578066032406,0.08486705833296608,0.1189495341135328,0.015942390039999824,15.299432974701949,0.016445008291401175,3.417783984530862,16.08708754695175,1.0582091523764725,0.0,0.7404391582799634,0.0,0.22090386095281359,2.661431380081806,0.011733038623088424,174.12794370602035,0.3790092385132439,1.0833333333333335,29.9165680681032,0.5279199985856616,0.0,0.12019775933233547,1.0287221570926144,0.5785643400595435,0.12523844774357204,0.017110878100340187,0.09447498976089296,Scientific & Technical Instruments,Technology,VPG
2014Q1,2014,Q1,2014-05-07,2014-03-29,1706000.0,61041000.0,3023000.0,0.12,22047000.0,0.3611834668501499,290915000.0,205340000.0,183867000.0,44263000.0,85393000.0,54903000.0,34353000.0,235296720.0,189321720.0,14.931646305991856,4.1539660664663485,0.08960005499888284,0.12694068374403428,0.01020793207538669,14.931646305991856,0.008308171812603488,3.8547323929817665,34.48076201641266,1.1458883802473945,0.0,0.7102344134200317,0.0,0.20982417544643625,2.574113819668798,0.0058642558823023905,1461.4703105590063,0.3611834668501499,0.4999999999999999,-0.0687516705186862,0.22837044262165915,0.3227156714384282,-0.044881514534505916,0.5124113475177305,-0.08835946924004826,-0.49745233203083666,-0.005253999632049112,0.0891026492243037,Scientific & Technical Instruments,Technology,VPG
2013Q4,2013,Q4,2014-03-12,2013-12-31,1128000.0,62248000.0,3316000.0,0.08,23083000.0,0.37082315897699525,292104000.0,203418000.0,183542000.0,45840000.0,88553000.0,54973000.0,32647000.0,204543930.0,158831930.0,14.808036689233457,4.003970331588133,0.09268274313258291,0.13309048363468326,0.006555243284614275,14.808036689233457,0.005545231985370026,3.28595183781005,45.33331781914894,1.0055350558947587,0.0,0.7124406526840449,0.0,0.21310218278421383,2.4713132635253054,0.0038616383205981432,36.467093956141916,0.37082315897699525,-0.2727272727272727,0.5418927190573006,0.28957624470897175,0.33311327666189794,0.19955308423842436,-0.2305593451568895,4.5083056478405314,-0.6656285889742977,0.10254125937972063,0.11739802265109785,Scientific & Technical Instruments,Technology,VPG
2013Q3,2013,Q3,2013-11-06,2013-09-28,1466000.0,57729000.0,602000.0,0.11,19243000.0,0.3333333333333333,288842000.0,201684000.0,178056000.0,41392000.0,87045000.0,54900000.0,31519000.0,199829700.0,159481700.0,14.685015290519878,4.301700811751063,0.09667915330872934,0.13845917375696634,0.007117144570819061,14.685015290519878,0.007268796731520597,3.4615132775554747,34.07737039563438,0.9908059142024157,0.0,0.7010200364298725,0.0,0.19986359324474973,2.544042327019714,0.005075439167434099,2039.0785714285714,0.3333333333333333,0.22222222222222227,1.7314578862942105,0.3972784048875983,0.0,-0.10746753246753246,0.11908396946564885,-0.7839971295299605,-0.4566286526310487,0.0858635813521551,0.1437855210535262,Scientific & Technical Instruments,Technology,VPG
2013Q2,2013,Q2,2013-08-07,2013-06-29,1310000.0,62837000.0,2787000.0,0.09,21560000.0,0.3431099511434346,287704000.0,192675000.0,176413000.0,41999000.0,94873000.0,55922000.0,30053000.0,202754880.0,169181880.0,14.387320788530467,4.200409533560323,0.12020340349803965,0.1794887764370053,0.010000023475604657,14.387320788530467,0.006799013883482548,3.226679822397632,38.693679389312976,1.052315453483846,0.0,0.7381173777761882,0.0,0.21840850318382782,2.522179099502369,0.004553290882295693,46.696195301704286,0.3431099511434346,0.0,12.242507106661725,0.5134510493364194,0.0,0.016645447257980856,0.011583011583011582,0.09940828402366864,-0.6767953347279405,0.1822102321166841,0.23335751512788186,Scientific & Technical Instruments,Technology,VPG
2013Q1,2013,Q1,2013-05-08,2013-03-30,1295000.0,57461000.0,2535000.0,0.09,21207000.0,0.3690677154939872,294628000.0,195439000.0,175189000.0,44267000.0,98994000.0,58484000.0,29651000.0,196655030.0,167389030.0,14.59916336744603,3.957553030474168,0.12023297174742387,0.1812534857423544,0.007521836593425061,14.59916336744603,0.006626108402110122,3.422408764205287,37.9642915057915,1.006222043706732,0.0,0.6198960399425484,0.0,0.1950289857040064,2.215103801929202,0.0043953731485127006,-89.38865,0.3690677154939872,-0.7567567567567568,-0.27382908792111743,0.18785518593835204,0.29326276421787695,0.20755039289374785,-0.7492739593417231,0.6418393782383419,-0.27382908792111743,0.18785518593835204,0.29326276421787695,Scientific & Technical Instruments,Technology,VPG
2012Q4,2012,Q4,2013-03-12,2012-12-31,5165000.0,51010000.0,1544000.0,0.37,17562000.0,0.34428543422858265,263173000.0,196649000.0,185866000.0,32112000.0,66365000.0,49389000.0,28356000.0,176976140.0,94416140.0,14.689549563008889,5.788054309915297,0.04301733080521178,0.05756957828415095,0.03286036178164328,14.689549563008889,0.026265071269114006,3.4694401097823957,8.566124878993223,0.8999595217875505,0.0,0.6772358217416834,0.0,0.19382687433741302,3.8193510214250126,0.019625873474862544,34.982435263886146,0.34428543422858265,1.6428571428571426,6.244760262478734,0.08439019105166186,0.32244631490333253,-0.0628101819734244,1.6596292481977344,-0.5008082767539606,6.244760262478734,0.08439019105166186,0.32244631490333253,Scientific & Technical Instruments,Technology,VPG
2012Q3,2012,Q3,2012-11-06,2012-09-29,1942000.0,55430000.0,3093000.0,0.14,18739000.0,0.3380660292260509,262504000.0,193730000.0,186796000.0,33557000.0,68647000.0,49413000.0,23191000.0,186926580.0,109186580.0,14.488819086081818,5.56652859314003,0.043846950903605277,0.05941258452485418,0.010581766172837934,14.488819086081818,0.010024260568832911,3.372299837633051,24.063668898043254,0.9648819491044237,0.0,0.7425373889462287,0.0,0.2111586871057203,3.655600917841285,0.007397982506933228,32.616747513522945,0.3380660292260509,-0.33333333333333326,2.7165751473775646,0.3780562505546078,0.0,-0.056017329101808476,-0.3441404930766633,-0.24376528117359414,2.7165751473775646,0.3780562505546078,0.0,Scientific & Technical Instruments,Technology,VPG
2012Q2,2012,Q2,2012-08-08,2012-06-30,2961000.0,55332000.0,4090000.0,0.21,19851000.0,0.35876165690739537,255098000.0,188158000.0,179153000.0,32077000.0,66773000.0,49719000.0,21249000.0,186455700.0,115841700.0,14.077360466856202,5.585092122081242,0.045159115320386675,0.06122514057334793,0.014902122715464849,14.077360466856202,0.015736774412993336,3.3697625243981784,15.742629179331306,0.9909528162501727,0.0,0.7136306039944488,0.0,0.21690487577323225,3.6147395329987217,0.011607303859693137,406.221568627451,0.35876165690739537,0.75,26.46093020375941,0.33528290329295174,0.0,0.05143008474576271,0.8243992606284658,0.7301184433164128,26.46093020375941,0.33528290329295174,0.0,Scientific & Technical Instruments,Technology,VPG
2012Q1,2012,Q1,2012-05-09,2012-03-31,1623000.0,55844000.0,2364000.0,0.12,18880000.0,0.3380846644223193,258897000.0,187845000.0,180753000.0,36003000.0,70888000.0,49742000.0,18288000.0,198158460.0,126616460.0,14.058149977548272,5.020498291809016,0.044419209183574934,0.06122068726875882,0.007769583316395678,14.058149977548272,0.008640102211930048,3.5484288374758255,30.523484288354897,1.054904096462509,0.0,0.7431144706686502,0.0,0.21569967979543989,3.252728939255062,0.006268902304777575,130.11061063690084,0.3380846644223193,0.39534883720930236,-0.08820040291751105,0.15658786851652437,0.24533724585165165,0.0032414049630692383,0.3581589958158996,0.2641711229946524,-0.08820040291751105,0.15658786851652437,0.24533724585165165,Scientific & Technical Instruments,Technology,VPG
2011Q4,2011,Q4,2012-03-12,2011-12-31,1195000.0,56412000.0,1870000.0,0.086,18819000.0,0.3335992342054882,256605000.0,184785000.0,177742000.0,36764000.0,71667000.0,49098000.0,16665000.0,213524760.0,144344760.0,13.829142343960484,4.834675225764335,0.04539272422595039,0.06303541954162946,0.007067168911739344,13.829142343960484,0.006466975133262981,3.785094660710487,44.670451882845185,1.1555308060719216,0.0,0.7656727361603324,0.0,0.21983983164786344,3.129202480687629,0.004656963036573722,-4106.245384615385,0.3335992342054882,-0.6416666666666667,0.6793197442400248,0.20147171233139116,0.24498700607523252,-0.1119762174405436,-0.6378787878787879,-0.6029723991507431,0.6793197442400248,0.20147171233139116,0.24498700607523252,Scientific & Technical Instruments,Technology,VPG
2011Q3,2011,Q3,2011-11-09,2011-10-01,3300000.0,60037000.0,4710000.0,0.24,21192000.0,0.35298232756466846,262052000.0,188315000.0,185071000.0,39803000.0,73556000.0,49952000.0,15470000.0,175900280.0,105598280.0,14.110220290723813,4.649674647639626,0.04966953123807489,0.06911823274832063,0.01953850362874021,14.110220290723813,0.01752382975333882,2.9298645835068373,13.325778787878788,0.9340747152377664,0.0,0.7776465406790519,0.0,0.2291033840611787,3.034947114539105,0.01259292048906324,42.06128168340507,0.35298232756466846,0.09090909090909087,5.32732876895548,0.49538774697224686,0.0,-0.040651878678134905,0.10626885685551458,-0.059316956261234274,5.32732876895548,0.49538774697224686,0.0,Scientific & Technical Instruments,Technology,VPG
2011Q2,2011,Q2,2011-08-10,2011-07-02,2983000.0,62133000.0,5007000.0,0.22,22090000.0,0.3555276584101846,255622000.0,186491000.0,180640000.0,34625000.0,68888000.0,49176000.0,12170000.0,227464050.0,159929050.0,13.978787197361518,5.217039711191336,0.048540422968289115,0.0665340418572478,0.01591765911308307,13.978787197361518,0.015995409966164588,3.6609217324127274,19.063363224941334,1.2197052404673683,0.0,0.8142793232471124,0.0,0.24306593329212667,3.4268014440433214,0.011669574606254549,502.12814569536425,0.3555276584101846,-0.0833333333333333,26.69816924234083,0.5022157677040683,0.0,0.05140409328891004,-0.09413908290312785,0.07055805003207184,26.69816924234083,0.5022157677040683,0.0,Scientific & Technical Instruments,Technology,VPG
2011Q1,2011,Q1,2011-05-11,2011-04-02,3293000.0,59525000.0,4677000.0,0.24,21010000.0,0.3529609407811844,252618000.0,182892000.0,177011000.0,35087000.0,69525000.0,49060000.0,9187000.0,213173200.0,146381200.0,13.710044977511245,5.044916920796877,0.04886033457631681,0.06748791636594274,0.016523913949666257,13.710044977511245,0.018005161516085996,3.581238135237295,16.183814151229882,1.1655687509568489,0.0,0.7850591112922951,0.0,0.23563245691122564,3.310941374298173,0.013035492324379103,-40.35842483907611,0.3529609407811844,0.0,0.8530547226386808,0.23485838813857196,0.21450046272544807,0.002576827638862378,0.005189255189255189,-0.07441124084702157,0.8530547226386808,0.23485838813857196,0.21450046272544807,Scientific & Technical Instruments,Technology,VPG
2010Q4,2010,Q4,2011-03-24,2010-12-31,3276000.0,54827000.0,5053000.0,0.24,20956000.0,0.3822204388348806,248713000.0,176785000.0,174132000.0,37703000.0,71783000.0,48337000.0,5894000.0,251325600.0,180772600.0,13.252248875562218,4.618518420284858,0.0470100075187063,0.06613683287609243,0.019454834102102553,13.252248875562218,0.01853098396357157,4.58397504878983,19.179304029304028,1.4216455015979863,0.0,0.7007261518091731,0.0,0.22044283973897624,3.0828581280004244,0.013171808470003578,-201.06048,0.3822204388348806,0.26315789473684204,3.611317439871613,0.16963989668239288,0.19305140123570466,0.09476543725838471,0.2508591065292096,0.055787714166318426,3.611317439871613,0.16963989668239288,0.19305140123570466,Scientific & Technical Instruments,Technology,VPG
2010Q3,2010,Q3,2010-11-12,2010-10-02,2619000.0,51608000.0,4786000.0,0.19,19142000.0,0.3709114865912262,245277000.0,171169000.0,175520000.0,37568000.0,73912000.0,46170000.0,2619000.0,208912440.0,139885440.0,12.838958895889588,4.67206132879046,0.05040423684242713,0.07222686350916346,0.01584635545129795,12.838958895889588,0.0153006677611016,4.048063090993645,19.94200458190149,1.2205039463921623,0.0,0.703183885640026,0.0,0.21040700921814928,3.07868398637138,0.010677723553370272,23.10978318584071,0.3709114865912262,-0.37372891691360427,4.026871401151632,0.28679000648282044,0.0,-0.04203783405064558,-0.3509293680297398,-0.22191513575028451,4.026871401151632,0.28679000648282044,0.0,Scientific & Technical Instruments,Technology,VPG
2010Q2,2010,Q2,2010-08-10,2010-07-03,4035000.0,52914000.0,6151000.0,0.303383,19982000.0,0.37763162868050043,226456000.0,155520000.0,157542000.0,46639000.0,70770000.0,44075000.0,0.0,152651400.0,103165400.0,11.665166516651665,3.3779026136924033,0.0949102695446356,0.1382008744855967,0.02322110000817803,11.665166516651665,0.025945216049382717,2.8848962467399932,9.457955390334572,0.9815547839506172,0.0,0.7471809415768577,0.0,0.23366128519447488,2.2083663886446967,0.017818030875755113,59.51321637426901,0.37763162868050043,1.3337153846153846,35.78448275862069,0.280187743449544,0.0,0.17210229938995777,1.2719594594594594,0.6014058838844051,35.78448275862069,0.280187743449544,0.0,Scientific & Technical Instruments,Technology,VPG
2010Q1,2010,Q1,2010-04-03,2010-04-03,1776000.0,48175000.0,3841000.0,0.13,17048000.0,0.3538764919564089,229900000.0,150500000.0,161000000.0,55000000.0,79400000.0,45000000.0,0.0,166650000.0,87850000.0,11.288628862886288,2.9272727272727272,0.006524575902566333,0.009966777408637873,0.012551332100913441,11.288628862886288,0.011800664451827243,3.4592631032693304,23.458614864864867,1.1073089700996679,0.0,0.6917111111111112,0.0,0.20954762940408875,1.92,0.007725097868638539,56.64513936097892,0.3538764919564089,1.4528301886792456,0.0,0.0,0.0,0.13698812858476725,1.5014084507042254,0.2556390977443609,0.0,0.0,0.0,Scientific & Technical Instruments,Technology,VPG
2009Q4,2009,Q4,2009-12-31,2009-12-31,710000.0,46847000.0,3059000.0,0.053,14994000.0,0.3200631844088202,209779000.0,148090000.0,139821000.0,37332000.0,61566000.0,43802000.0,0.0,166650000.0,105193000.0,11.107860786078607,3.745339119254259,0.008270608592852478,0.011715848470524681,0.0051876372641585,11.107860786078607,0.00479438179485448,3.557324908745491,58.67957746478873,1.1253291917077453,0.0,0.7272042372494406,0.0,0.22331596584977523,2.3180381442194364,0.003384514179207642,15.314280463150157,0.3200631844088202,0.32499999999999996,0.0,0.0,0.0,0.1823988644428673,0.362763915547025,0.3680679785330948,0.0,0.0,0.0,Scientific & Technical Instruments,Technology,VPG
2009Q3,2009,Q3,2009-09-30,2009-09-30,521000.0,40106000.0,2236000.0,0.04,12681000.0,0.3161871041739391,,,,,,,,166650000.0,,,0.0,0.0,0.0,0.0,,0.0,4.155238617663192,79.96641074856046,0.0,0.0,0.0,0.0,0.0,0.0,0.0,24.940137683328345,0.3161871041739391,5.597172738765659,0.0,0.0,0.0,0.15502322615903089,5.491379310344827,5.125461254612546,0.0,0.0,0.0,Scientific & Technical Instruments,Technology,VPG
2009Q2,2009,Q2,2009-06-30,2009-06-30,-116000.0,41333000.0,-542000.0,-0.008701,10979000.0,0.26562310986378923,,,,,,,,166650000.0,,,0.0,0.0,0.0,0.0,,0.0,4.031887353930274,-359.1594827586207,0.0,,0.0,,0.0,0.0,0.0,0.0,0.26562310986378923,0.0,0.0,0.0,0.0,0.0,0.0,0.0,0.0,0.0,0.0,Scientific & Technical Instruments,Technology,VPG
