Quarters,Year,Quarter,FillingDate,Date,NetIncome,Revenue,OperatingIncome,EPSDiluted,GrossProfit,GrossProfitRatio,TotalAssets,CommonStockEquity,CurrentAssets,CurrentLiability,TotalLiability,Inventory,RetainedEarnings,MarketCap,EnterpriseValue,bookValuePerShare,currentRatio,debtToAssets,debtToEquity,roic,shareholdersEquityPerShare,roe,priceToSalesRatio,peRatio,pbRatio,payoutRatio,inventoryTurnover,dividendYield,assetTurnover,quickRatio,returnOnAssets,priceToFreeCashFlowsRatio,grossProfitMargin,epsdilutedGrowth,fiveYNetIncomeGrowthPerShare,fiveYRevenueGrowthPerShare,fiveYShareholdersEquityGrowthPerShare,grossProfitGrowth,netIncomeGrowth,operatingIncomeGrowth,threeYNetIncomeGrowthPerShare,threeYRevenueGrowthPerShare,threeYShareholdersEquityGrowthPerShare,Industry,Sector,Symbol
2023Q4,2023,Q4,2023-05-19,2023-04-01,49155000.0,394422000.0,106851000.0,1.49,166602000.0,0.4223953025,4690400000.0,2535900000.0,913300000.0,309300000.0,2154500000.0,587200000.0,1029900000.0,3283049274.4,4659349274.4,87.05197702286426,2.9527966375687034,0.30737250554323725,0.5685161086793643,0.02163651998275197,87.05197702286426,0.019383650774872828,8.323697142654314,16.697432989522937,1.2946288396230137,0.11494252873563218,0.3879768392370572,0.0017209610723958983,0.08409133549377452,0.9860976398318785,0.010479916425038377,55.72140182963051,0.4223953024932686,0.419047619047619,0.5496506113914302,0.8441174418999376,1.4611186775284952,0.14079704190632703,0.3554765056254136,-0.15425165625816256,0.2501963951713417,0.8219018535634335,0.9051740400322005,Tools & Accessories,Industrials,RBCP
2023Q3,2023,Q3,2023-02-09,2022-12-31,36264000.0,351625000.0,126339000.0,1.05,146040000.0,0.4153288304,4692881000.0,2480926000.0,901771000.0,282672000.0,2211955000.0,577627000.0,986473000.0,2987324912.32,4416838912.32,85.19106443040263,3.1901674025018396,0.3220942529759438,0.6092684747549907,0.023649972514289578,85.19106443040263,0.014617122800115763,8.495769391596161,20.594287118905804,1.2041168951915533,0.1585594529009486,0.35591307193050187,0.0019247989986915974,0.07492732076521863,1.0491736004981038,0.007727449300333846,54.93728805046251,0.41532883043014573,-0.1984732824427481,0.2837610741150443,0.7778769467234112,1.5080107599612742,-0.03378829880844476,-0.1720925985114835,0.3493719827402059,0.020695283746717127,0.706057398419077,0.9059266018102321,Tools & Accessories,Industrials,RBCP
2023Q2,2023,Q2,2022-11-10,2022-10-01,43802000.0,369167000.0,93628000.0,1.31,151147000.0,0.4094271698,4727060000.0,2440137000.0,911531000.0,306249000.0,2286923000.0,557801000.0,955895000.0,3020633926.5,4502330926.5,84.00549447712098,2.976437474081548,0.33217094769264616,0.6434851813648168,0.018887835397505996,84.00549447712098,0.01795063146044669,8.1822967017637,17.240273997191906,1.2378952192028563,0.13127254463266516,0.39085623726024155,0.0019035739318012989,0.0780965335747801,1.0612997919993208,0.009266224672417951,213.83505072207276,0.40942716981745386,0.20183486238532106,1.4720519213301448,0.8794904830810643,1.5563193960433488,0.07081019043300839,0.16998771301885784,0.09732314471895363,0.19678702596980324,0.7338818430242308,0.9317933730596112,Tools & Accessories,Industrials,RBCP
2023Q1,2023,Q1,2022-11-10,2022-06-30,37438000.0,354080000.0,85324000.0,1.09,141152000.0,0.3986443742,4758017000.0,2397641000.0,916080000.0,330405000.0,2360376000.0,542050000.0,917843000.0,2743773738.42,4238314738.42,82.47376757469388,2.7725972669905117,0.3392438488555211,0.6732150476238936,0.01642197503282659,82.47376757469388,0.015614514433144912,7.749022080942161,18.3221174903841,1.1443638719975175,0.15358726427693786,0.39281985056729085,0.0020956538505653654,0.07441755672583768,1.073149619406486,0.007868404001078601,53.61236739262965,0.39864437415273385,0.4533333333333334,0.4308753581568941,0.8007578199459623,1.5977780963011279,-0.02172074906782363,0.7138017853055619,0.046612040626073305,0.04698193847695242,0.6530986472525759,0.9628906773543002,Tools & Accessories,Industrials,RBCP
2022Q4,2022,Q4,2022-06-30,2022-03-31,21845000.0,358879000.0,81524000.0,0.75,144286000.0,0.4020463722,4845417000.0,2371847000.0,962237000.0,313460000.0,2473570000.0,516140000.0,911906000.0,2906211858.12,4460292858.12,81.38449445079439,3.069728194985006,0.3584713142336356,0.7323166291923552,0.012201074911634406,81.38449445079439,0.009210121900780278,8.098027073526174,33.259462784618904,1.2252948264032208,0.2632181277180133,0.41576510249157206,0.001978520589933735,0.07406565833239946,1.3728992534932687,0.004508383901736425,74.769401274023,0.4020463721755801,38.26701570680628,-0.16545001027310202,0.847186669435785,1.6019751638694462,0.5457282291041644,39.00915750915751,0.3550971559648277,-0.4094112198634496,0.6744203685703928,1.0212207693909747,Tools & Accessories,Industrials,RBCP
2022Q3,2022,Q3,2022-03-31,2021-12-31,546000.0,266952999.0,60161000.0,0.0191,93344999.0,0.3496682912,4845417000.0,2371847000.0,962237000.0,313460000.0,2473570000.0,516140000.0,911906000.0,3000941782.16,4555022782.16,82.87794115118876,3.069728194985006,0.3584713142336356,0.7323166291923552,0.0030133808628079444,82.87794115118876,0.00023020034597509873,11.24146120628523,1374.0575925641026,1.2652341327918706,0.0,0.3363583523850118,0.0,0.0550939163749993,1.220720347093728,0.00011268379997015737,77.20656003910571,0.3496682912335441,1.2616438356164383,-0.9646693235219618,0.5041293168332611,1.7333237319189225,0.49438074731045084,1.2932330827067668,2.1540840935304604,-0.9706484151737489,0.35410848586767923,1.12971355513037,Tools & Accessories,Industrials,RBCP
2022Q2,2022,Q2,2021-12-31,2021-09-30,-1862000.0,160900000.0,19074000.0,-0.073,62464000.0,0.3882162834,4875050000.0,2334974000.0,987237000.0,343036000.0,2540076000.0,510175000.0,885456000.0,2842547534.67,4420347534.67,91.56559340008245,2.877939924672629,0.37605829683798114,0.7851492136529143,-0.005592234648870365,91.56559340008245,-0.0007974392862618599,17.666547760534495,-381.65246169038664,1.2173786666018551,0.0,0.19294555789680012,0.0,0.03300478969446467,1.0644742825825861,-0.00038194480056614804,77.52543322614957,0.38821628340584213,-1.0768421052631578,-1.0948286963957086,-0.029724149945817423,2.161957109974427,-0.020525927900522163,-1.077460687245195,-0.3623508173703741,-1.0598508680456393,-0.09938988718378691,1.4256985344151916,Tools & Accessories,Industrials,RBCP
2022Q1,2022,Q1,2021-09-30,2021-06-30,24038000.0,156205000.0,29913000.0,0.95,63773000.0,0.4082647803,2567797000.0,2337097000.0,1859881000.0,112291000.0,230700000.0,370745000.0,891270000.0,2612550960.25,1306105960.25,92.36385009190751,16.56304601437337,0.016421080015281583,0.01804204104493737,0.01011194503670535,92.36385009190751,0.010285409634259939,16.72514298678019,27.171051670792078,1.1178615865109578,0.0,0.2493142186678175,0.0,0.06083230099575628,14.023269896964138,0.00936133191214103,52.32846533369387,0.4082647802567139,-0.050000000000000044,0.2500000386576128,-0.05203420635861964,2.2914616025391186,0.015995156844939382,-0.056000628338045866,-0.16521083917059692,-0.15178568923327443,-0.13972407192022956,1.4828822689237013,Tools & Accessories,Industrials,RBCP
2021Q4,2021,Q4,2021-06-30,2021-03-31,25464000.0,160295000.0,35833000.0,1.0,62769000.0,0.3915842665,1490599000.0,1274376000.0,786124000.0,95502000.0,216223000.0,369854000.0,884851000.0,2619810467.75,2514206467.75,50.224748553282055,8.231492534187765,0.030512565753767446,0.03568962378450316,0.020501636193272065,50.224748553282055,0.019981543908548182,16.343681760192144,25.720727966442823,2.055759420885202,0.0,0.26368783357757386,0.0,0.10753730547249797,3.683765785009738,0.017083065264366877,67.34038833410446,0.3915842665086247,0.16279069767441862,0.2389208404291365,-0.09038044293341944,0.8197956971575933,0.1131623749733986,0.18058324447123186,0.28705865450235263,-0.07834923201456728,-0.1395590074830101,0.4199455424911111,Tools & Accessories,Industrials,RBCP
2021Q3,2021,Q3,2021-03-31,2020-12-31,21569000.0,145861000.0,27841000.0,0.86,56388000.0,0.3865872303,1434260000.0,1229951000.0,728202000.0,88238000.0,204309000.0,364147000.0,858852000.0,2589536948.25,2490265948.25,49.04059810222868,8.252702917110541,0.03612664370476761,0.042127694517911686,0.01735449248813127,49.04059810222868,0.01753647096510349,17.75345670364251,30.01456892125272,2.1053984656705835,0.0,0.2457057177458554,0.0,0.10169773960090918,3.9420771096353047,0.01503841702341277,77.74986333543505,0.3865872303083072,0.04878048780487809,0.17808243007188554,-0.058285254659184854,0.8442802113138173,-0.03768175302068401,0.05621663973360756,-0.06770920537119512,-0.11340307323989746,-0.1436548265527084,0.4437470471543053,Tools & Accessories,Industrials,RBCP
2021Q2,2021,Q2,2020-12-31,2020-09-30,20421000.0,146335000.0,29863000.0,0.82,58596000.0,0.4004236854,1408982000.0,1204807000.0,692342000.0,88412000.0,204175000.0,372104000.0,833898000.0,2571302688.5,2502913688.5,48.37871609062412,7.830860064244673,0.0410246546797617,0.04797697888541484,0.018177017958926674,48.37871609062412,0.01694960271645168,17.571344439129394,31.47865785833211,2.134202978983356,0.0,0.2357916066476039,0.0,0.10385867243158536,3.504151020223499,0.014493442783513203,107.1956763455205,0.40042368537943757,-0.09890109890109898,0.3225806208242088,-0.07459726057818218,0.9028779373614616,-0.014414747783963804,-0.09996033320111067,-0.00170488734371866,0.34426232404604457,-0.1310218736177874,0.4721828740835397,Tools & Accessories,Industrials,RBCP
2021Q1,2021,Q1,2020-09-30,2020-06-30,22689000.0,156493000.0,29914000.0,0.91,59453000.0,0.3799083665,1367885000.0,1172104000.0,661014000.0,88510000.0,195781000.0,371546000.0,812329000.0,2574331630.5,2458339630.5,47.010158507237435,7.468240876737092,0.03681596040602828,0.042965470640830505,0.019117389353743883,47.010158507237435,0.01935749728693017,16.450139178749208,28.36541529485654,2.1963337984513323,0.0,0.2611789657269894,0.0,0.11440508522280747,3.158242006552932,0.016586920684121837,57.87095653493391,0.37990836650840615,-0.32592592592592595,0.5964922526728327,0.03717366363949953,0.9203246549342065,-0.22772264366621636,-0.3277731689973927,-0.3135999632867534,0.01111000824092933,-0.0720112347350567,0.4807370108700751,Tools & Accessories,Industrials,RBCP
2020Q4,2020,Q4,2020-06-30,2020-03-31,33752000.0,185843000.0,43581000.0,1.35,76984000.0,0.4142421291,1349209000.0,1142635000.0,638849000.0,100290000.0,206574000.0,371009000.0,791908000.0,2581984314.0,2532601314.0,45.69240142564243,6.370016950842556,0.03992858037561267,0.047147164230047216,0.02791192178818574,45.69240142564243,0.02953874159289712,13.893363290519417,19.12467641917516,2.2596754991751524,0.0,0.29341336733071166,0.0,0.13774218820064202,2.3157842257453387,0.025016139085938503,74.4280739673114,0.41424212910897906,0.10655737704918042,1.1092526952102402,0.5287197287166772,0.8803896881591097,0.08871321293716677,0.1060789775520236,0.1601181919821115,0.5027311221358508,0.11478318314343872,0.4608494466836857,Tools & Accessories,Industrials,RBCP
2020Q3,2020,Q3,2020-03-31,2019-12-31,30515000.0,177019000.0,37566000.0,1.22,70711000.0,0.3994542959,1321912000.0,1117999000.0,612006000.0,103755000.0,203913000.0,367494000.0,769219000.0,2582519458.75,2531380458.75,44.69797753464846,5.898568743675003,0.039424712083709054,0.046615426310756984,0.025987390990683985,44.69797753464846,0.027294299905456086,14.588939372327264,21.157786815910207,2.3099479147566324,0.0,0.28927819229701707,0.0,0.13391133449125206,2.169553274540986,0.023083987436380033,65.82854015319518,0.3994542958665454,-0.03174603174603177,1.0333333110545362,0.5588315267074592,0.9051497131277455,-0.005666957279860506,-0.024144547489606653,-0.01682849590410636,1.2592633605752754,0.14120700734736502,0.47414427852834123,Tools & Accessories,Industrials,RBCP
2020Q2,2020,Q2,2019-12-31,2019-09-30,31270000.0,181909000.0,38209000.0,1.26,71114000.0,0.3909317296,1272517000.0,1079206000.0,554736000.0,99002000.0,193311000.0,362138000.0,735467000.0,2562402745.0,2554621745.0,43.48575559303813,5.603280741803196,0.04129375088898616,0.04869042610956573,0.028074393704319297,43.48575559303813,0.028975005698633996,14.086179051063993,20.4861108490566,2.3743407143770514,0.0,0.3059469042188337,0.0,0.14295211773202243,1.9186077048948507,0.02457334558202366,157.14477768919417,0.39093172960106426,0.024390243902439046,1.2105263190375095,0.513587465041732,0.8970636492934664,0.005941098254448751,0.025279517361224958,-0.007300597557807223,0.6363657813007493,0.12716051964118805,0.5016567793017034,Tools & Accessories,Industrials,RBCP
2020Q1,2020,Q1,2019-09-30,2019-06-30,30499000.0,182690000.0,38490000.0,1.23,70694000.0,0.3869615195,1246560000.0,1041838000.0,533950000.0,103904000.0,204722000.0,353995000.0,704952000.0,2560180185.5,2590036185.5,42.01648544475074,5.138878195257161,0.05314946733410345,0.06359338016083114,0.027342909725056295,42.01648544475074,0.029274224975476035,14.013794873829985,20.985771545788385,2.4573687900614107,0.0,0.3163773499625701,0.0,0.14655532024130408,1.6023059747459194,0.024466531895777178,91.12258632901481,0.3869615195139307,-0.03149606299212601,0.7826087412534075,0.5140170755520921,0.8725874009808865,-0.031164346014691372,-0.029837452683144066,-0.061768720748829956,0.6184211080709233,0.131375447405525,0.49729194243666164,Tools & Accessories,Industrials,RBCP
2019Q4,2019,Q4,2019-06-30,2019-03-31,31437000.0,182162000.0,41024000.0,1.27,72968000.0,0.4005665287,1191934000.0,997349000.0,514441000.0,99851000.0,194585000.0,342921000.0,673682000.0,2557462645.5,2580307645.5,40.26501987475461,5.152086609047481,0.044238187684888595,0.05286915613290834,0.030169694620021115,40.26501987475461,0.03152056100723017,14.039495863571986,20.337998580494325,2.5642605000857275,0.0,0.3184231936801771,0.0,0.15282893180327098,1.6085867943235421,0.026374782496346273,147.03976573909043,0.4005665286942392,0.9538461538461538,0.6289760857298601,0.510932822234648,0.8318124470092558,0.07105846433866161,0.9431944616145382,0.11965065502183406,0.5668181794051449,0.05890786307484459,0.45892437542636816,Tools & Accessories,Industrials,RBCP
2019Q3,2019,Q3,2019-03-31,2018-12-31,16178000.0,171453000.0,36640000.0,0.65,68127000.0,0.3973508775,1147367000.0,968566000.0,503281000.0,90129000.0,178801000.0,335001000.0,641894000.0,2569812997.5,2583574997.5,38.91506486942344,5.584007367218098,0.038040138857052715,0.04506249445055887,0.0307778654145528,38.91506486942344,0.01670304346838522,14.988439966054838,39.71153723420695,2.6532141304774277,0.0,0.3084349001943278,0.0,0.14943169883742516,1.6260803958770207,0.014100109206557274,265.22995123335744,0.39735087749995623,-0.4672131147540983,0.18182032013569185,0.5899874930135396,0.6772416663975224,0.004541500169569,-0.4627212646541131,0.0473359249942831,-0.10958782371559227,0.11543909816189377,0.46348712776831985,Tools & Accessories,Industrials,RBCP
2019Q2,2019,Q2,2018-12-31,2018-09-30,30111000.0,172916000.0,34984000.0,1.22,67819000.0,0.3922077772,1174925000.0,931668000.0,538290000.0,83603000.0,243257000.0,329496000.0,610457000.0,2548330492.75,2581184492.75,37.7481340327222,6.43864454624834,0.09749643594271974,0.12295259684780416,0.02952515527764037,37.7481340327222,0.03231945285230361,14.737389788972681,21.1578035663877,2.7352345392886734,0.0,0.31896290091533736,0.0,0.14717194714556248,2.4068275061899693,0.02562801880971126,191.93571535361903,0.3922077771866108,0.08928571428571416,0.9999983622839487,0.5911965518009322,0.6901815972048314,0.0011810035577732177,0.09626096770670259,-0.02816823156842047,0.9677403054788739,0.10335483502388691,0.4847457153033296,Tools & Accessories,Industrials,RBCP
2019Q1,2019,Q1,2018-09-30,2018-06-30,27467000.0,175985000.0,35998000.0,1.12,67739000.0,0.3849134869,1179298000.0,912303000.0,517093000.0,90504000.0,266995000.0,324238000.0,594279000.0,2532114047.75,2596207047.75,37.20025361168095,5.71348227702643,0.10553566613358116,0.13642178092147017,0.028680063983962306,37.20025361168095,0.030107321799884467,14.388237905219194,23.04687486574799,2.7755187122589753,0.0,0.3338473590387308,0.0,0.14922860888426845,1.9510297887386192,0.02329097480026253,94.33403053982565,0.38491348694491007,0.027522935779816536,0.7230768875180342,0.6254397020438606,0.7343366177510668,-0.029958041557474474,0.029613524759155827,-0.053307034845496384,0.9649156784110565,0.18580546358731218,0.519598453796283,Tools & Accessories,Industrials,RBCP
2018Q4,2018,Q4,2018-06-30,2018-03-31,26677000.0,179877000.0,38025000.0,1.09,69831000.0,0.3882152804,1147963000.0,866568000.0,490798000.0,84779000.0,281395000.0,311305000.0,564168000.0,2529569554.75,2619699554.75,35.37089772130924,5.789145896979205,0.1256948176901172,0.16651087970015047,0.028018035987176334,35.37089772130924,0.030784658561128497,14.062773755121555,23.705528683416425,2.9190664261200503,0.0,0.35349898009990205,0.0,0.15669233241837935,2.0176340839122897,0.023238553855829847,83.32189975789717,0.3882152804416351,0.12371134020618568,1.3550399814548009,0.630252162201376,0.6864790028885008,0.07810473661458656,0.11937730782141659,0.1110948777138182,0.701661069064811,0.5103036520593941,0.45562652127875786,Tools & Accessories,Industrials,RBCP
2018Q3,2018,Q3,2018-03-31,2017-12-31,23832000.0,166858000.0,34223000.0,0.97,64772000.0,0.3881863621,1142751000.0,834552000.0,483650000.0,105203000.0,308199000.0,306124000.0,536978000.0,2536756684.0,2655948684.0,33.96758330961788,4.5973023582977675,0.15169971411094804,0.20772222701521295,0.025823466898041374,33.96758330961788,0.028556638771460616,15.203086960169726,26.61082456361195,3.03966281789511,0.0,0.33347924370516524,0.0,0.14601431107914148,1.5597083733353612,0.0208549369022648,122.79184297400649,0.3881863620563593,0.5901639344262295,0.830188626541129,0.6106532935740712,0.6790815919610099,0.04609322006524758,0.6077717061323619,0.07714339670149817,0.6166666545090098,0.4958605903122181,0.44779104485874266,Tools & Accessories,Industrials,RBCP
2018Q2,2018,Q2,2017-12-31,2017-09-30,14823000.0,164317000.0,31772000.0,0.61,61918000.0,0.3768204142,1129150000.0,798544000.0,470062000.0,101140000.0,330606000.0,303013000.0,510301000.0,2508975000.0,2663106000.0,32.861893004115224,4.647636938896579,0.17531151751317361,0.2478924141938328,0.020283773199147512,32.861893004115224,0.018562533811536996,15.269113968731173,42.3155737704918,3.1419370754773692,0.0,0.3379359961453799,0.0,0.14552273834300136,1.517797112912794,0.013127573838728247,146.33858267716536,0.3768204141993829,-0.32222222222222224,-0.1643824354310659,0.5221392357535782,0.6442153877316567,-0.0015802373581011353,-0.32032647072309595,-0.00585124691010357,0.07017542647946853,0.39632621026245424,0.43359823958213084,Tools & Accessories,Industrials,RBCP
2018Q1,2018,Q1,2017-09-30,2017-06-30,21809000.0,163897000.0,31959000.0,0.9,62016000.0,0.3783839851,1114646000.0,769320000.0,457859000.0,97897000.0,345326000.0,297259000.0,486469000.0,2501976921.5,2679319921.5,31.747810828078414,4.67694617812599,0.19757662971023984,0.28626319346955753,0.023958493737069115,31.747810828078414,0.028348411584256227,15.265544344923946,28.68055529253978,3.2521927435917437,0.0,0.3427347868357224,0.0,0.1470395085076338,1.5886595094844582,0.01956585319464655,73.264331522694,0.37838398506379006,0.0,0.1842120826379879,0.478223167613297,0.6506478945978054,-0.014508414244624894,0.010377577021079453,-0.08883820384889522,0.3043478209503195,0.38987017120801387,0.4149339226280183,Tools & Accessories,Industrials,RBCP
2017Q4,2017,Q4,2017-06-30,2017-03-31,21585000.0,160210000.0,35075000.0,0.9,62929000.0,0.3927907122,1120604000.0,751685000.0,459065000.0,101597000.0,368919000.0,292435000.0,471646000.0,2481346539.0,2680288539.0,31.277967438307897,4.518489719184622,0.21226499280745026,0.3164423927576046,0.02369430336424118,31.277967438307897,0.028715485875067347,15.488087753573435,28.739246455872134,3.3010457026547027,0.0,0.3326585395045053,0.0,0.14296754250386398,1.4628679980708093,0.01926193374287438,122.91195457697643,0.3927907121902503,0.6666666666666666,1654.5484752676623,1845.2725378469672,2212.9216031524134,0.13181654676258991,0.6902897415818324,0.27134002682228425,0.15278295031510117,0.36961614922437747,0.42295645820767885,Tools & Accessories,Industrials,RBCP
2017Q3,2017,Q3,2017-03-31,2016-12-31,12770000.0,146656000.0,27589000.0,0.54,55600000.0,0.3791184813,1108847000.0,717044000.0,447960000.0,93138000.0,391803000.0,289594000.0,448693000.0,2441675720.75,2672552720.75,30.321304492170245,4.809637312375185,0.2433158046150641,0.3762670073245156,0.019158974541733924,30.321304492170245,0.017809227885596978,16.64899984146574,47.801012544048554,3.405196502236962,0.0,0.31442640386195847,0.0,0.13225990601047755,1.4734587386458804,0.0115164671050199,78.08864400505308,0.37911848134409776,-0.2987012987012987,1269.153636599492,1593.2770739407063,2248.135209887256,-0.01993619009007421,-0.29942944919903447,-0.0664884617987413,-0.018181851190636658,0.43140322618403015,0.30685007064586145,Tools & Accessories,Industrials,RBCP
2017Q2,2017,Q2,2016-12-31,2016-09-30,18228000.0,153943000.0,29554000.0,0.77,56731000.0,0.368519517,1097709000.0,685528000.0,437232000.0,91191000.0,412181000.0,287374000.0,427108000.0,2444212263.5,2699683263.5,28.958518479342374,4.794683685890055,0.2686896071727571,0.43024209076799197,0.020237212974161346,28.958518479342374,0.026589723541562124,15.877384898956107,33.522770785330266,3.5654448301163484,0.0,0.33827694920208506,0.0,0.14024026404083414,1.572677128225373,0.0166054938057354,164.6377652903139,0.3685195169640711,0.013157894736842117,1899.9845192312296,1955.8570220325291,2256.5817124361674,-0.01595809266101195,0.010421286031042129,-0.0022619087809324467,0.2622934050791052,0.476948752202976,0.29662448940316133,Tools & Accessories,Industrials,RBCP
2017Q1,2017,Q1,2016-09-30,2016-06-30,18040000.0,154579000.0,29621000.0,0.76,57651000.0,0.3729549292,1103516000.0,666095000.0,437409000.0,83058000.0,437421000.0,287173000.0,414338000.0,2450828936.5,2743425936.5,28.06165200914258,5.266307881239616,0.29909761163408594,0.495513402742852,0.020008427233969152,28.06165200914258,0.02708322386446378,15.854863445228654,33.963815638858094,3.6793984889542783,0.0,0.33752476730054704,0.0,0.14007862142461006,1.6731681475595368,0.016347746657048922,165.08345254614036,0.3729549291947807,-0.06172839506172845,2029.438414530674,1905.5716751613766,2261.1206764692756,-0.046696982224059526,-0.046713168463326994,-0.06348604129122008,0.16923074347561187,0.47508133478335274,0.30828007631544263,Tools & Accessories,Industrials,RBCP
2016Q4,2016,Q4,2016-06-30,2016-03-31,18924000.0,162252000.0,31629000.0,0.81,60475000.0,0.3727226783,1098640000.0,644770000.0,431113000.0,85587000.0,453870000.0,284341000.0,396110000.0,2412124641.5,2716724641.5,27.599113808066456,5.037131807400657,0.312939634457147,0.5332258014485786,0.02166157890631255,27.599113808066456,0.029350000775470324,14.86653256354313,31.865945908634536,3.7410621485180764,0.0,0.35793993831350385,0.0,0.14768440981577222,1.653977823734913,0.017224932643996212,171.73036035170156,0.37272267830288686,0.10958904109589052,2348.4430234904717,2128.570094939203,2279.9632188120518,0.11740359564679145,0.11010735026690914,0.14279004227336778,0.751947611755721,0.5421126091672699,0.31592153250871213,Tools & Accessories,Industrials,RBCP
2016Q3,2016,Q3,2016-03-31,2015-12-31,17047000.0,144216000.0,27677000.0,0.73,54121000.0,0.3752773617,1098510000.0,620947000.0,428957000.0,88317000.0,477563000.0,280537000.0,378070000.0,2411102879.5,2735590879.5,26.590643765186545,4.8570150707111885,0.33108119179616025,0.585711824036512,0.019268473871860422,26.590643765186545,0.027453228697457272,16.718691958589893,35.359636292309496,3.8829447271667306,0.0,0.321151933613035,0.0,0.13128328372067619,1.466761778593023,0.01551829296046463,157.2697723240493,0.375277361735175,0.17741935483870966,2116.3075334558603,1987.1198665238992,2304.5446489372534,0.03843201964772248,0.17411667470211448,0.11233019853709508,0.3773566010857543,0.4646422187537982,0.314425582107148,Tools & Accessories,Industrials,RBCP
2016Q2,2016,Q2,2015-12-31,2015-09-30,14519000.0,148696000.0,24882000.0,0.62,52118000.0,0.3505003497,1098894000.0,595372000.0,428459000.0,72684000.0,503522000.0,274522000.0,359146000.0,2417881758.25,2758452758.25,25.423972363517045,5.894818667106929,0.3503286031227762,0.6466108584212895,0.016809795746028536,25.423972363517045,0.024386434027801107,16.26057027929467,41.63306285298574,4.0611277625585345,0.0,0.35180422698362973,0.0,0.13531423412995247,1.9472648725991966,0.013212375351944774,178.54687330158026,0.3505003497067843,0.08771929824561413,2073.2889418763057,2235.3251598549446,2283.7107072578315,-0.05350138021211681,0.08318412414204715,-0.17742735297034612,-0.15068375290338284,0.4293297878115321,0.27206568934188496,Tools & Accessories,Industrials,RBCP
2016Q1,2016,Q1,2015-09-30,2015-06-30,13404000.0,142308000.0,30249000.0,0.57,55064000.0,0.3869353796,1096459000.0,575675000.0,424734000.0,76128000.0,520784000.0,262883000.0,342099000.0,2428009447.5,2786230447.5,24.480318151645083,5.579208701134931,0.36690656011761497,0.6988283319581361,0.02068398347376305,24.480318151645083,0.02328397099057628,17.061651119402985,45.28516576208594,4.2176739436313895,0.0,0.3318738754502954,0.0,0.12978871074978635,1.9183217738545608,0.0122248073115365,143.5078578816715,0.38693537959917923,-0.1093750000000001,1799.29952958452,2083.2072496164883,2283.0604525845665,0.22596014694422797,-0.10215017750686584,0.17044575143166693,-0.25000031373125653,0.3226082961708307,0.27279281821722934,Tools & Accessories,Industrials,RBCP
2015Q4,2015,Q4,2015-06-30,2015-03-31,14929000.0,113417000.0,25844000.0,0.64,44915000.0,0.3960164702,1106078000.0,566917000.0,438720000.0,82928000.0,539161000.0,255518000.0,327580000.0,2408870304.75,2710861304.75,24.299432034417833,5.290372371213583,0.3864519500433062,0.7539833873388874,0.017699676185688743,24.299432034417833,0.026333660835713164,21.239058560445084,40.33877528216893,4.249070507234745,0.0,0.26809070202490626,0.0,0.1025397847168102,2.4371261817480225,0.013497239796831689,552.746742714548,0.3960164701940626,0.06666666666666674,1893.7516471327756,1687.9291589443949,2377.472984218466,0.0783136868892997,0.06248665575403886,0.15441997587885828,1178.4908327668604,1345.3511577881973,1718.9659035210568,Tools & Accessories,Industrials,RBCP
2015Q3,2015,Q3,2015-03-31,2014-12-31,14051000.0,106322000.0,22387000.0,0.6,41653000.0,0.3917627584,632073000.0,549433000.0,425384000.0,42018000.0,82640000.0,206158000.0,314176000.0,2417942882.25,2301685882.25,23.461661425687304,10.123851682612214,0.014552116606784344,0.01674089470417685,0.02793799905356663,23.461661425687304,0.025573636821960094,22.74169863480747,43.020832720980714,4.4007966071386315,0.0,0.3136865898970692,0.0,0.16821158315574308,4.570303203389024,0.02223002722786767,182.2799006596306,0.3917627584131224,0.052631578947368474,1775.6267195458909,1626.559752589068,2366.9934550629173,-0.0415343550094344,0.06061292270531401,-0.09287248267758012,1410.2843958585547,1166.156384293367,1739.3093197587573,Tools & Accessories,Industrials,RBCP
2015Q2,2015,Q2,2014-12-31,2014-09-30,13248000.0,112555000.0,24679000.0,0.57,43458000.0,0.3861045711,617247000.0,532771000.0,413426000.0,45240000.0,84476000.0,205198000.0,299247000.0,2399747341.25,2289628341.25,22.922665567512066,9.138505747126437,0.014776904545506094,0.017119925821788347,0.03310712214914652,22.922665567512066,0.024866218318940033,21.3206640420239,45.28508720655948,4.504275460282185,0.0,0.33673330149416664,0.0,0.18235001547192614,4.2272546419098145,0.0214630447778604,243.95113766900477,0.38610457109857405,-0.17391304347826086,3703.0286863529,2052.783284554565,2383.137746561113,-0.00828369959608407,-0.17303370786516853,0.01933005658584941,1406.2241489560188,1456.260996646057,1786.0317026895314,Tools & Accessories,Industrials,RBCP
2015Q1,2015,Q1,2014-09-30,2014-06-30,16020000.0,112984000.0,24211000.0,0.69,43821000.0,0.3878513772,606989000.0,520944000.0,403619000.0,46320000.0,86045000.0,199332000.0,285196000.0,2397195620.75,2297322620.75,22.437663215474984,8.713708981001727,0.015772938224580677,0.018378175005374857,0.030143365704676368,22.437663215474984,0.030751865843545563,21.217124732262974,37.40941979946941,4.601637835832642,2.8722846441947567,0.34697389280195856,0.019194929108707365,0.1861384637942368,3.992055267702936,0.026392570540817048,102.29998808304528,0.38785137718615026,-0.11538461538461549,3896.130808930863,2186.7825521280015,2373.336385849186,-0.031387458278994716,-0.1199252870405977,-0.04549576187660161,1842.4243660243358,1423.718661914581,1807.7567287500874,Tools & Accessories,Industrials,RBCP
2014Q4,2014,Q4,2014-06-30,2014-03-31,18203000.0,113718000.0,25365000.0,0.78,45241000.0,0.3978349953,600513000.0,513550000.0,397252000.0,47495000.0,86963000.0,201362000.0,271948000.0,2412269811.0,2301320811.0,21.98097296505113,8.364080429518896,0.01708206150408068,0.01997468600915198,0.03541732124251671,21.98097296505113,0.035445428877421865,21.212735107898485,33.1301133192331,4.697244301431214,2.5278250837773992,0.3400691292299441,0.01907498066351252,0.1893680902828082,4.195557427097589,0.0303124162174674,422.31614338235295,0.3978349953393482,0.4181818181818181,4399.510225846559,2184.660155972263,2386.759353263963,0.17521300914380714,0.42612033845189595,0.2903800172966373,2258.7937888278616,1491.4677558893884,1815.6449544597272,Tools & Accessories,Industrials,RBCP
2014Q3,2014,Q3,2014-03-31,2013-12-31,12764000.0,100546000.0,19657000.0,0.55,38496000.0,0.3828695324,620993000.0,538452000.0,417545000.0,42820000.0,82541000.0,198021000.0,301942000.0,2396155170.5,2285395170.5,23.201823356205722,9.751167678654834,0.016823055976476386,0.019401915119639263,0.023637418134004155,23.201823356205722,0.023704991345560977,23.831432085811468,46.93190164721091,4.450081289511414,0.0,0.3133506042288444,0.0,0.16191164795738439,4.458710882765063,0.02055417693919255,374.6333912601626,0.3828695323533507,-0.09836065573770482,2043.174578845183,1477.8708919594378,2592.6434985623923,-0.051612426399940875,-0.09635398230088496,-0.1384554698457223,1594.2309979839779,1393.744701261797,2010.7166081748758,Tools & Accessories,Industrials,RBCP
2014Q2,2014,Q2,2013-12-31,2013-09-30,14125000.0,101954000.0,22816000.0,0.61,40591000.0,0.3981305295,603025000.0,517155000.0,403291000.0,47050000.0,85870000.0,198425000.0,283739000.0,2390829845.25,2285505845.25,22.33377413122286,8.57154091392136,0.017685833920650058,0.02062244394813934,0.028695336224136742,22.33377413122286,0.02731289458672932,23.450083814759598,42.31557248230089,4.6230430823447515,0.0,0.30925034647851835,0.0,0.16907093404087725,4.045185972369819,0.023423572820364,-516.0435668573278,0.39813052945445987,-0.06153846153846159,1819.7428537174524,1476.5431335538292,2546.7189967335553,0.0030146531913316367,-0.06555967187086531,-0.0035810987859201675,2039.8326492217598,1549.6947743311935,2006.0118139486558,Tools & Accessories,Industrials,RBCP
2014Q1,2014,Q1,2013-09-30,2013-06-30,15116000.0,102668000.0,22898000.0,0.65,40469000.0,0.3941734523,582668000.0,498811000.0,393114000.0,47642000.0,83857000.0,193179000.0,270975000.0,2401118398.0,2301398398.0,21.449269554095515,8.25141681709416,0.017989661350889356,0.021013971223569648,0.030546132496605292,21.449269554095515,0.030304063061961345,23.38721313359567,39.71153741069066,4.813683735924028,0.0,0.3219759911791654,0.0,0.17620325811611415,3.8184585030015534,0.025942732396493372,207.35046614853195,0.39417345229282735,0.41304347826086957,1740.2732605304889,1338.9059599598252,2526.893346707085,-0.005186823992133727,0.42940898345153666,-0.017885481449710486,2051.9767401221957,1519.4897116367024,2000.2578276905901,Tools & Accessories,Industrials,RBCP
2013Q4,2013,Q4,2013-06-30,2013-03-31,10575000.0,103006000.0,23315000.0,0.46,40680000.0,0.3949284508,563902000.0,479693000.0,392909000.0,51014000.0,84209000.0,180649000.0,256850000.0,2361501889.25,2257244889.25,20.973221522905458,7.701983769161407,0.018129036605651336,0.021311547177048654,0.03234747646217302,20.973221522905458,0.022045349838334102,22.92586732083568,55.82746783096927,4.9229442356882425,0.0,0.34501159707499074,0.0,0.1826664916953655,3.636119496608774,0.018753258544924472,405.40804965665234,0.39492845076985805,-0.1320754716981132,1098.1033099578376,1394.1892422269407,2558.080245611361,0.12140258021832617,-0.12668263275249814,0.21692155122918733,1368.0744695894884,1563.6633913240194,2051.897397503103,Tools & Accessories,Industrials,RBCP
2013Q3,2013,Q3,2013-03-31,2012-12-31,12109000.0,96336000.0,19159000.0,0.53,36276000.0,0.3765570503,542442000.0,462195000.0,373521000.0,46568000.0,80247000.0,174585000.0,241734000.0,2358970199.25,2254790199.25,20.229858675269572,8.02098007215255,0.018988205190601022,0.022284966302101927,0.02632863540789978,20.229858675269572,0.026198898733218665,24.486902084890385,48.70282845920389,5.1038418832960115,0.0,0.344015808918292,0.0,0.17759686749919806,3.8139709671877684,0.022323123946892016,7062.785027694611,0.3765570503238665,-0.27397260273972596,1582.1127114727553,1308.6770760498164,2584.6286425300736,-0.033413269384492406,-0.26585425003031404,-0.09606039160179287,1568.353635656541,1510.562110846252,2040.8065059722337,Tools & Accessories,Industrials,RBCP
2013Q2,2013,Q2,2012-12-31,2012-09-30,16494000.0,100375000.0,21195000.0,0.73,37530000.0,0.3738978829,532684000.0,451583000.0,366070000.0,43263000.0,81101000.0,172625000.0,231159000.0,2332887390.75,2231833390.75,19.986367509582287,8.461502900862168,0.020464290273407876,0.02413952695296324,0.03616559656182387,19.986367509582287,0.03652484703808602,23.241717466998754,35.35963669743543,5.166021286784489,0.0,0.36405503258508326,0.0,0.18843254161942163,4.2218986200679565,0.030963948607429546,-982.6821359519798,0.37389788293897885,-0.03947368421052635,2386.869835781131,1580.1561996009152,2747.871858827666,-0.02374944723356658,-0.03903518993241668,-0.036328089478948805,4742.749589747756,1883.0270082143238,2077.7396237098933,Tools & Accessories,Industrials,RBCP
2013Q1,2013,Q1,2012-09-30,2012-06-30,17164000.0,103334000.0,21994000.0,0.76,38443000.0,0.3720266321,505332000.0,434375000.0,355250000.0,43129000.0,70957000.0,167181000.0,219050000.0,2331822780.0,2233578780.0,19.233545162467276,8.236917155510213,0.0018601632194280196,0.002164028776978417,0.034577338549743285,19.233545162467276,0.039514244604316545,22.56588131689473,33.9638601141925,5.368225105035972,0.0,0.38814817473277463,0.0,0.2044873469323138,3.9273342762410444,0.03396578882793886,113.96983284457478,0.3720266320862446,1519.0,2212.7432890556597,1672.7867235220067,2818.8231373876492,0.0,0.1055004508566276,-0.08602061170212766,4291.486247280808,2056.019384428635,2034.2790604604377,Tools & Accessories,Industrials,RBCP
2012Q4,2012,Q4,2012-06-30,2012-03-31,15526000.0,103334000.0,24064000.0,0.0005,38443000.0,0.3720266321,483221000.0,404318000.0,335909000.0,49035000.0,78903000.0,161517000.0,202556000.0,2954859608750.0,2954791979750.0,0.014127856828250402,6.850392576730907,0.002052890913267428,0.002453514312991259,0.040632306293444165,0.014127856828250402,0.0384004669591757,28595.23108318656,47579.21565036068,7308.256394100684,0.0,0.4017595671043915,0.0,0.21384418309634723,2.879188334862853,0.032130226128417434,453407.94978517725,0.3720266320862446,0.24999999999999997,0.5802544529262087,0.2945391679089987,1.226935745051168,-0.06632826541021032,0.27607462809238104,0.3219072731267853,2.064140517071246,0.6213832925375008,0.534687401547904,Tools & Accessories,Industrials,RBCP
2012Q3,2012,Q3,2012-03-31,2011-12-31,12167000.0,111323000.0,18204000.0,0.0004,41174000.0,0.3698606757,459518000.0,385815000.0,314298000.0,43864000.0,73703000.0,158805000.0,185392000.0,2954859608750.0,2954792028750.0,0.01348131688965475,7.165283603866497,0.002265417241544401,0.0026981843629718906,0.030585491375367552,0.01348131688965475,0.03153583971592603,26543.118751291287,60714.62991596121,7658.747349766079,0.0,0.4417304241050345,0.0,0.24226036847305218,2.9982445741382455,0.02647774407096131,270442.94423851365,0.3698606756914564,0.0,0.8111044953855312,0.37369661520996067,1.2941827068876322,0.224469160768453,0.0496031746031746,-0.008874612076005881,0.5801298701298699,0.3277871208597225,0.507025088765717,Tools & Accessories,Industrials,RBCP
2012Q2,2012,Q2,2011-12-31,2011-09-30,11592000.0,95104000.0,18367000.0,0.0004,33626000.0,0.3535708277,440579000.0,367096000.0,298640000.0,46158000.0,73483000.0,161641000.0,169866000.0,2954859608750.0,2954801001750.0,0.012827229384354419,6.4699510377399365,0.0025057935126277012,0.003007387713295705,0.033870700638236294,0.012827229384354419,0.0315775709896049,31069.772131035497,63726.268304649755,8049.283045170745,0.0,0.3803366720077208,0.0,0.21586140056607328,2.750292473677369,0.026310831882590865,-10367928.451754386,0.3535708277254374,0.0,0.571157495256167,0.24247491638795987,1.296934050807158,-0.01053436911487759,0.08215085884988797,0.07958619878916123,0.20901126408010012,0.11518392138928944,0.4632625809666168,Tools & Accessories,Industrials,RBCP
2012Q1,2012,Q1,2011-09-30,2011-06-30,10712000.0,97751000.0,17013000.0,0.0004,33984000.0,0.3476588475,426408000.0,355013000.0,285292000.0,45020000.0,71395000.0,155207000.0,157699000.0,2954859608750.0,2954811287750.0,0.012405019900592257,6.337005775211018,0.0026594247762706143,0.0031942492246762795,0.031060422478629043,0.012405019900592257,0.030173542940681045,30228.433558224468,68961.43597717513,8323.243398833281,0.0,0.4108513146958578,0.0,0.229242884748879,2.543380719680142,0.02512147989718767,294602.1544117647,0.3476588474798212,0.33333333333333354,0.45188397939821084,0.33452107907383133,1.381199275605339,0.06881368725625865,0.08563899868247694,0.0597358913666376,0.0027145932790414423,0.03666192970920736,0.46198765386341833,Tools & Accessories,Industrials,RBCP
2011Q4,2011,Q4,2011-06-30,2011-03-31,9867000.0,93333000.0,16054000.0,0.0003,31796000.0,0.3406726453,418507000.0,346277000.0,278974000.0,45877000.0,72230000.0,150352000.0,146107000.0,2954859608750.0,2954796780750.0,0.01209976275831416,6.080912003836345,0.004532779618978894,0.005478273174366187,0.030218476202277477,0.01209976275831416,0.028494528946479265,31659.323162761295,74867.22430196615,8533.225160059721,0.0,0.40928620836437163,0.0,0.22301419092153776,2.7896767443381214,0.023576666579053634,462202.3476849679,0.34067264525944735,0.0,0.6569269521410578,0.24061889380707419,1.4607693346314286,0.04871532702265906,0.0,0.3154703375942314,-0.18041365561923756,0.01031608573284264,0.47637137277975333,Tools & Accessories,Industrials,RBCP
2011Q3,2011,Q3,2011-03-31,2010-12-31,9867000.0,88898000.0,12204000.0,0.0003,30319000.0,0.341053792,425982000.0,330067000.0,285342000.0,69551000.0,95915000.0,144175000.0,135395000.0,2954859608750.0,2954826929750.0,0.011533345831078817,4.102629724950036,0.07346789300956379,0.09481711288920128,0.021957673662280207,0.011533345831078817,0.029893930626206194,33238.76362516592,74867.22430196615,8952.30243783838,0.0,0.4063048378706433,0.0,0.2086895690428234,1.7415996894365287,0.02316295054720622,245074.198287302,0.3410537919863214,0.0,0.9350853108452638,0.17355546461432847,3.5005044995909467,0.16773224464643352,0.1534954407294833,-0.12125576036866359,0.029850746268656716,-0.03516464433784113,0.47410566745567395,Tools & Accessories,Industrials,RBCP
2011Q2,2011,Q2,2010-12-31,2010-09-30,8554000.0,81258000.0,13888000.0,0.0003,25964000.0,0.3195254621,407945000.0,318463000.0,267524000.0,65612000.0,89482000.0,139588000.0,125528000.0,2954859608750.0,2954838270750.0,0.01112787377533305,4.077363896848137,0.07689026707031585,0.0984949585980161,0.025782018870031405,0.01112787377533305,0.02686026320169062,36363.92242917621,86359.00189238953,9278.502082659525,0.0,0.3961228758919105,0.0,0.19918861611246613,1.8102176431140644,0.02096851291227984,410055.4550027755,0.31952546210834626,0.0,0.6775838399686215,0.20578720878468618,4.138820757761569,-0.046772890814303546,-0.05595408895265423,-0.011319142877482737,-0.02228826151560183,0.010583655651871098,0.5304981785676525,Tools & Accessories,Industrials,RBCP
2011Q1,2011,Q1,2010-09-30,2010-06-30,9061000.0,83095000.0,14047000.0,0.0003,27238000.0,0.3277934894,394030000.0,306730000.0,254991000.0,64693000.0,87300000.0,136986000.0,118142000.0,2954859608750.0,2954851947750.0,0.010717894145027542,3.941554727713972,0.07972489404360074,0.10241580543148697,0.027244174188061923,0.010717894145027542,0.029540638346428456,35560.01695348697,81526.86261864033,9633.422256544844,0.0,0.40775699706539353,0.0,0.21088495799812196,1.5981790920192294,0.02299571098647311,213193.33396464647,0.3277934893796257,0.0,5.622959183673469,0.27120718405311534,4.499614508812508,0.037519521578486266,-0.06249353336782204,0.21988710377768128,-0.07776081424936387,0.06216126393291739,0.571346605055276,Tools & Accessories,Industrials,RBCP
2010Q4,2010,Q4,2010-06-30,2010-03-31,9665000.0,82374000.0,11515000.0,0.0003,26253000.0,0.3187049312,379831000.0,292378000.0,240645000.0,64820000.0,87453000.0,134496000.0,109588000.0,2954859608750.0,2954869633750.0,0.010216400268427812,3.7125115705029312,0.0827052031034855,0.10744310447434485,0.024255621087702,0.010216400268427812,0.03305652272058773,35871.26531126326,76431.96090920849,10106.299409497295,0.0,0.41726891506067093,0.0,0.21687013434922373,1.2743134834927492,0.025445527089679357,781295.5073373877,0.3187049311676014,0.0,1.8893871449925264,0.24807199890910756,38.68243330326073,0.044687624353362515,0.0,0.41479297210959576,-0.0162849872773537,0.0319582075341694,0.6103834587294417,Tools & Accessories,Industrials,RBCP
2010Q3,2010,Q3,2010-03-31,2009-12-31,9665000.0,79832000.0,8139000.0,0.0003,25130000.0,0.3147860507,375955000.0,283547000.0,234503000.0,31789000.0,92408000.0,136366000.0,100527000.0,2954859608750.0,2954876672750.0,0.009907823594497194,7.3768599200981475,0.10228085808141932,0.135614201525673,0.02275487909720358,0.009907823594497194,0.034086059806663446,37013.473403522396,76431.96090920849,10421.057562767373,0.0,0.4011410468885206,0.0,0.21234456251413067,2.355343043191041,0.025707863973081883,244062.08051127446,0.31478605070648363,1.9999999999999998,0.3902474108170311,0.10440617002144283,0.0,0.2295122070551397,1.1945958219800181,0.12463728064114965,0.43867222387615357,-0.014894063352213093,0.6860635900363319,Tools & Accessories,Industrials,RBCP
2010Q2,2010,Q2,2009-12-31,2009-09-30,4404000.0,67481000.0,7237000.0,0.0001,20439000.0,0.3028852566,380623000.0,275157000.0,240288000.0,32216000.0,105466000.0,138194000.0,90862000.0,2954859608750.0,2954879153750.0,0.009614656535921962,7.458654084926745,0.14108973971620212,0.19516857648542468,0.014535239781419136,0.009614656535921962,0.01600540782171633,43788.02342511225,167737.262077089,10738.81314576769,0.0,0.34040551688206433,0.0,0.17729091515751808,2.7530730072013907,0.011570504147148228,1033529.0691675411,0.30288525659074406,-0.5,0.7887896019496347,0.16056410697394455,0.0,0.0704970408002933,-0.13084665482534044,-0.06967476539400952,-0.4030902683654107,-0.1184024874581939,0.7216681266424728,Tools & Accessories,Industrials,RBCP
2010Q1,2010,Q1,2009-09-30,2009-06-30,5067000.0,63657000.0,7779000.0,0.0002,19093000.0,0.2999355923,384333000.0,270447000.0,245590000.0,30440000.0,113886000.0,138879000.0,85613000.0,2954859608750.0,2954885818750.0,0.00945007765083384,8.068002628120894,0.16393335987281862,0.23296616342573592,0.015352596041858112,0.00945007765083384,0.01873564875927631,46418.455295568434,145789.4024447405,10925.836148117747,0.0,0.3208836469156604,0.0,0.16562980540312697,2.982851511169514,0.013183879604405554,236407.68131450517,0.29993559231506356,0.0,2.037769784172662,0.12885034845986076,0.0,-0.04074557877813505,0.0,-0.21905431181608273,-0.313228517213337,-0.13093872870249013,0.8139848413709838,Tools & Accessories,Industrials,RBCP
2009Q4,2009,Q4,2009-06-30,2009-03-31,5067000.0,63732000.0,9961000.0,0.0002,19904000.0,0.3123077889,384526000.0,263453000.0,244639000.0,32671000.0,121073000.0,137618000.0,81209000.0,2954859608750.0,2954897202750.0,0.009205690236331436,7.487955679348658,0.1772337891325944,0.2586837120852676,0.019935404051069604,0.009205690236331436,0.019233032077827925,46363.82992452771,145789.4024447405,11215.889015308232,0.0,0.3184757807844904,0.0,0.16574171837535043,3.0295675063511984,0.01317726239578078,1273646.3830818965,0.31230778886587585,-0.33333333333333326,0.5147982062780269,-0.03437826699595453,34.954504446449285,-0.31237476680715814,-0.34194805194805195,0.08295281582952815,-0.14911838790932,-0.15284922438888218,0.8721920991479475,Tools & Accessories,Industrials,RBCP
2009Q3,2009,Q3,2009-03-31,2008-12-31,7700000.0,83841000.0,9198000.0,0.0003,28946000.0,0.3452487446,382067000.0,256011000.0,244113000.0,38209000.0,126056000.0,134275000.0,76142000.0,2954859608750.0,2954897202750.0,0.008945648609404513,6.388887434897537,0.17837447358709335,0.26620340532242753,0.019818270854517435,0.008945648609404513,0.03007683263609767,35243.611225414774,95937.0002840909,11541.924404615425,0.0,0.40882517222118786,0.0,0.21944056932422848,2.4473553351304664,0.020153533280812003,1543007.6285900783,0.3452487446476068,0.0,0.10759493670886089,0.15986719236356087,0.0,0.01557785418567118,-0.19691280767626199,-0.366092350103377,0.5101000196116888,0.10679727000303628,2.4907417507499323,Tools & Accessories,Industrials,RBCP
2009Q2,2009,Q2,2008-12-31,2008-09-30,9588000.0,85281000.0,14510000.0,0.0003,28502000.0,0.3342127789,363814000.0,250875000.0,229733000.0,40325000.0,112939000.0,135105000.0,69659000.0,2954859608750.0,2954898700750.0,0.00876618424553772,5.697036577805331,0.14894973805296113,0.2160039860488291,0.031246479109568844,0.00876618424553772,0.03821823617339312,34648.51032175983,77045.77619811222,11778.214683607373,0.0,0.42025831760482585,0.0,0.2344082415739911,2.0318412895226285,0.026354126009444385,-700037.8130182421,0.3342127789308287,-0.2500000000000001,2.8943948009748177,0.46669533063892005,0.0,-0.05675613065492934,-0.10249929795001404,-0.1487739059016778,0.8803686997450483,0.2654844932482566,3.048199186729491,Tools & Accessories,Industrials,RBCP
2009Q1,2009,Q1,2008-09-30,2008-06-30,10683000.0,94294000.0,17046000.0,0.0004,30217000.0,0.3204551721,353038000.0,242829000.0,222227000.0,42553000.0,110209000.0,131136000.0,61959000.0,2954859608750.0,2954901536750.0,0.008485037385788456,5.222358000611003,0.14499855539630294,0.21080678172705897,0.0389566474738174,0.008485037385788456,0.04399392164856751,31336.66626455554,69148.63822779182,12168.479089194454,0.0,0.48863012445095166,0.0,0.26709306080365286,1.7226987521443846,0.030260198618845564,172355.3201557396,0.3204551721212378,0.0,5.404676258992806,0.6721462644748276,0.0,-0.01106201930944199,-0.11263393969598803,-0.05104937927963035,6.450510204081633,0.4425321645478605,3.3538809101177987,Tools & Accessories,Industrials,RBCP
2008Q4,2008,Q4,2008-06-30,2008-03-31,12039000.0,92380000.0,17963000.0,0.0004,30555000.0,0.3307534098,345361000.0,234546000.0,218113000.0,42394000.0,110815000.0,129549000.0,52371000.0,2954859608750.0,2954900999750.0,0.008195609168127114,5.144902580553852,0.14839544708290744,0.2185072437816036,0.041630201239660415,0.008195609168127114,0.05132895039778977,31985.923454752112,61360.154679583015,12598.209343796101,0.0,0.47723255293363903,0.0,0.2674882224686632,1.7926121620984101,0.034859176340119466,-2957817.4261761764,0.3307534098289673,0.33333333333333354,2.5991031390134536,0.3996757624884471,31.228895476221158,-0.0552532310926968,0.2565494207285252,0.1887366818873668,2.5991031390134536,0.3996757624884471,31.228895476221158,Tools & Accessories,Industrials,RBCP
2008Q3,2008,Q3,2008-03-31,2007-12-31,9581000.0,92138000.0,15111000.0,0.0003,32342000.0,0.3510169528,337112000.0,223910000.0,215359000.0,39090000.0,113202000.0,123820000.0,41688000.0,2954859608750.0,2954907499750.0,0.007823961392798609,5.509311844461499,0.17130805192339638,0.25791612701531863,0.03781380356001015,0.007823961392798609,0.042789513643874774,32069.93432405739,77102.06681844275,13196.6397603948,0.0,0.48292682926829267,0.0,0.2733156933007428,1.7282169352775647,0.028420821566719667,-1378842.5612459169,0.35101695283162215,0.0,0.3781645569620253,0.2746489589818081,0.0,0.1737678739928867,0.0950965824665676,0.0797427652733119,0.3781645569620253,0.2746489589818081,0.0,Tools & Accessories,Industrials,RBCP
2008Q2,2008,Q2,2007-12-31,2007-09-30,8749000.0,80407000.0,13995000.0,0.0003,27554000.0,0.3426816073,308775000.0,208078000.0,195403000.0,37372000.0,100697000.0,117946000.0,29649000.0,2954859608750.0,2954902260750.0,0.007270752707296453,5.2285935994862465,0.1679086713626427,0.24916617806783994,0.03522243540879087,0.007270752707296453,0.04204673247532176,36748.785662317954,84434.20987398559,14200.730537346572,0.0,0.44811184779475355,0.0,0.2604064448222816,1.7458257518998181,0.028334547809893935,522614.0093296781,0.34268160732274555,0.0,2.553614947197401,0.38287041018144286,0.0,0.050196287685329875,-0.10951653944020356,-0.11317407008427856,2.553614947197401,0.38287041018144286,0.0,Tools & Accessories,Industrials,RBCP
2008Q1,2008,Q1,2007-09-30,2007-06-30,9825000.0,78232000.0,15781000.0,0.0003,26237000.0,0.3353742714,299691000.0,195202000.0,186555000.0,34785000.0,104489000.0,113877000.0,20068000.0,2954859608750.0,2954908713750.0,0.006820833869845357,5.363087537731781,0.18311193863012237,0.28112929170807677,0.04147491087219349,0.006820833869845357,0.050332476101679284,37770.472552791696,75187.26739821883,15137.445357885677,0.0,0.4565891268649508,0.0,0.2610422068063439,1.8625556992956733,0.032783767280298706,434091.3190465697,0.33537427139789344,0.0,4.890287769784173,0.3873135784079021,0.0,-0.04401530333394061,0.0,0.3748910960097578,4.890287769784173,0.3873135784079021,0.0,Tools & Accessories,Industrials,RBCP
2007Q4,2007,Q4,2007-06-30,2007-03-31,9825000.0,79823000.0,11478000.0,0.0003,27445000.0,0.3438232088,290849000.0,181558000.0,182559000.0,37706000.0,109291000.0,108242000.0,11319000.0,2954859608750.0,2954910475750.0,0.0063440792396665165,4.841643239802684,0.19271512021701984,0.3087222815849481,0.03175529315427771,0.0063440792396665165,0.05411493847696053,37017.64665259387,75187.26739821883,16275.017398021568,0.0,0.4838971933260657,0.0,0.2744482532173052,1.5864849095634648,0.033780415267028595,548008.0876761869,0.3438232088495797,0.4999999999999998,1.937219730941704,0.20942106937773675,24.399664905271297,-0.03883869160187715,0.46248883596308427,-0.1184331797235023,1.937219730941704,0.20942106937773675,24.399664905271297,Tools & Accessories,Industrials,RBCP
2007Q3,2007,Q3,2007-03-31,2006-12-31,6718000.0,81039000.0,13020000.0,0.0002,28554000.0,0.3523488691,273713000.0,168171000.0,172871000.0,33901000.0,105542000.0,103022000.0,1724000.0,,,,,,,,,,,,,,,,,,,,,,,,,,,,,,,Tools & Accessories,Industrials,RBCP
2007Q2,2007,Q2,2006-12-31,2006-09-30,7378000.0,76544000.0,12610000.0,0.0003,24543000.0,0.3206391095,274786000.0,159820000.0,177189000.0,33675000.0,114966000.0,103277000.0,-4994000.0,,,,,,,,,,,,,,,,,,,,,,,,,,,,,,,Tools & Accessories,Industrials,RBCP
2007Q1,2007,Q1,2006-09-30,2006-06-30,7378000.0,73248000.0,13498000.0,0.0003,23503000.0,0.3208688292,272105000.0,149090000.0,172044000.0,30628000.0,123015000.0,103517000.0,-14353000.0,,,,,,,,,,,,,,,,,,,,,,,,,,,,,,,Tools & Accessories,Industrials,RBCP
