Quarters,Year,Quarter,FillingDate,Date,NetIncome,Revenue,OperatingIncome,EPSDiluted,GrossProfit,GrossProfitRatio,TotalAssets,CommonStockEquity,CurrentAssets,CurrentLiability,TotalLiability,Inventory,RetainedEarnings,MarketCap,EnterpriseValue,bookValuePerShare,currentRatio,debtToAssets,debtToEquity,roic,shareholdersEquityPerShare,roe,priceToSalesRatio,peRatio,pbRatio,payoutRatio,inventoryTurnover,dividendYield,assetTurnover,quickRatio,returnOnAssets,priceToFreeCashFlowsRatio,grossProfitMargin,epsdilutedGrowth,fiveYNetIncomeGrowthPerShare,fiveYRevenueGrowthPerShare,fiveYShareholdersEquityGrowthPerShare,grossProfitGrowth,netIncomeGrowth,operatingIncomeGrowth,threeYNetIncomeGrowthPerShare,threeYRevenueGrowthPerShare,threeYShareholdersEquityGrowthPerShare,Industry,Sector,Symbol
2023Q1,2023,Q1,2023-04-27,2023-03-31,47547000.0,806706000.0,66802000.0,1.34,253197000.0,0.3138652743,3100983000.0,1720888000.0,1352405000.0,538452000.0,1380095000.0,0.0,1887420000.0,6571952350.0,6921062350.0,51.67676646346956,2.5116537778669223,0.18950410240881682,0.3414800963223638,0.020035741163622632,51.67676646346956,0.027629340201105475,8.146651134366175,34.555031600311274,3.8189308949798013,0.0,0.0,0.0,0.26014525071566014,2.330146419736578,0.015332879928719376,-24.142240226583105,0.3138652743378629,0.0075187969924812095,0.3454891532371455,0.7860428232689948,0.5326371581913322,0.01975496592721473,0.0010316223841003833,-0.08057146003083021,-0.08377264861748397,0.4590669212142461,0.28128954272480944,Consulting Services,Industrials,FCN
2022Q4,2022,Q4,2023-02-23,2022-12-31,47498000.0,774431000.0,72656000.0,1.33,248292000.0,0.3206121656,3241407000.0,1681721000.0,1510602000.0,769491000.0,1559686000.0,0.0,1858103000.0,5328057600.0,5405067600.0,50.12282427277062,1.9631184770192245,0.17544788420584023,0.3381642971693878,0.02195807527115602,50.12282427277062,0.028243686081103822,6.879964257629149,28.04358920375595,3.1682173202332615,0.0,0.0,0.0,0.23891816115655948,1.8390507491315689,0.014653513119457076,24.79908028429269,0.32061216557704947,-0.38139534883720927,-0.2189017280226216,0.8213093174667437,0.5519110386166045,-0.00368763818611538,-0.38527443798775673,-0.1716337931820773,0.780222647863996,0.40067878272131674,0.2300630920680516,Consulting Services,Industrials,FCN
2022Q3,2022,Q3,2022-10-27,2022-09-30,77267000.0,775865000.0,87710000.0,2.15,249211000.0,0.3212040755,3082094000.0,1644583000.0,1393425000.0,648999000.0,1437511000.0,0.0,1868424000.0,5602986520.0,5804144520.0,48.639033479238144,2.1470372065288235,0.1713786146691178,0.32117868176917796,0.030504640479569137,48.639033479238144,0.04698273057668722,7.2215997886230205,18.128652982515174,3.406934475183071,0.0,0.0,0.0,0.25173307498084097,2.0065331379555285,0.025069644209423852,48.72416404334139,0.3212040754512705,0.5034965034965035,1.655277807077038,0.9130976858310358,0.6098337403686376,0.06086960223402806,0.5024305825620284,0.3654549700319141,0.38487588739748396,0.4166603638657656,0.21884344937858208,Consulting Services,Industrials,FCN
2022Q2,2022,Q2,2022-07-28,2022-06-30,51428000.0,754992000.0,64235000.0,1.43,234912000.0,0.3111450188,3003168000.0,1630619000.0,1291719000.0,570894000.0,1372549000.0,0.0,1805485000.0,6110921500.0,6387529500.0,48.25744303048239,2.2626249356272794,0.17725881469168558,0.32646375394865385,0.02141765809729319,48.25744303048239,0.03153894318660582,8.094021526055906,29.706198471649685,3.7476084235495843,0.0,0.0,0.0,0.25139852315954353,2.0862909752073064,0.017124583106905775,277.5546850161239,0.3111450187551656,-0.13855421686746988,12.676156937007221,0.9873472979228011,0.6756144861213357,0.019070259765048846,-0.1330557475430286,-0.1897397732002977,-0.12918814281557442,0.3624739972491873,0.2569274216191472,Consulting Services,Industrials,FCN
2022Q1,2022,Q1,2022-04-28,2022-03-31,59321000.0,723620000.0,79277000.0,1.66,230516000.0,0.3185594649,2949291000.0,1622018000.0,1221391000.0,509930000.0,1327273000.0,0.0,1756704000.0,5285579180.0,5568758180.0,48.24706267289331,2.395213068460377,0.18795093464836124,0.3417483653079066,0.02566705148620445,48.24706267289331,0.03657234383342232,7.304357508084354,22.275329057163567,3.2586439731248356,0.0,0.0,0.0,0.2453538833570509,2.2049614652991587,0.020113647652944384,-24.426735587032372,0.3185594649125231,0.5514018691588783,4.1020421235728985,0.9543418221028691,0.6341507050346017,0.1999479451341714,0.5525806113902848,0.5267597496389023,0.04163582809189084,0.44389931760578877,0.27260815073249023,Consulting Services,Industrials,FCN
2021Q4,2021,Q4,2022-02-24,2021-12-31,38208000.0,676231000.0,51925000.0,1.07,192105000.0,0.2840819188,3100909000.0,1583321000.0,1370027000.0,718116000.0,1517588000.0,0.0,1698156000.0,5142484980.0,5212011980.0,47.23652256928906,1.9078073737390617,0.18188602116347174,0.3562208800363287,0.01756145324236114,47.23652256928906,0.024131556393176115,7.604627679003181,33.64795972047739,3.247910550040074,0.0,0.0,0.0,0.2180750870148076,1.7909543861994441,0.012321548294387226,28.049051102056847,0.2840819187526156,-0.4540816326530612,5.613806673507902,0.8809104642364692,0.6119427430615264,-0.16473544847017083,-0.45008635578583767,-0.4134955327392046,0.7954577525187738,0.4928580646452496,0.3086459513793067,Consulting Services,Industrials,FCN
2021Q3,2021,Q3,2021-10-28,2021-09-30,69480000.0,702228000.0,88533000.0,1.96,229993000.0,0.3275189824387521,3006924000.0,1544303000.0,1268494000.0,645622000.0,1462621000.0,0.0,1659947000.0,4511776500.0,4720994500.0,46.10547842961636,1.9647626629823642,0.18349150161427424,0.35727768449585345,0.029805407455016388,46.10547842961636,0.04499117077412917,6.42494531690562,16.2340835492228,2.921561701298255,0.0,0.0,0.0,0.23353699661181992,1.8357924606038827,0.02310666980608755,26.200640530542795,0.3275189824387521,0.10734463276836155,2.943740939978057,0.9737426802293043,0.5438185955163055,0.0418048232501676,0.1066866299257749,0.05421528935460824,0.7461078594117964,0.5250672553011115,0.27310105184071,Consulting Services,Industrials,FCN
2021Q2,2021,Q2,2021-07-29,2021-06-30,62782000.0,711486000.0,83980000.0,1.77,220764000.0,0.31028579620681224,2938427000.0,1489210000.0,1213462000.0,562562000.0,1449217000.0,0.0,1590467000.0,4570697380.0,4935536380.0,44.5098332237432,2.1570280253554275,0.21158054972949814,0.4174790660820166,0.02895773524407327,44.5098332237432,0.0421579226569792,6.424156455643541,18.200668105507948,3.0692094331894095,0.0,0.0,0.0,0.24213158945245195,2.0177136031228557,0.021365853226913582,43.18578752432963,0.31028579620681224,-0.038043478260869595,1.8853115903195123,0.8864390915520695,0.5099953975989866,0.013362221314372535,-0.026575291490945174,-0.05113777596999074,0.5921079222959953,0.5364794777701715,0.29088183745875895,Consulting Services,Industrials,FCN
2021Q1,2021,Q1,2021-04-29,2021-03-31,64496000.0,686277000.0,88506000.0,1.84,217853000.0,0.3174417909969298,2778200000.0,1416350000.0,1151149000.0,495778000.0,1361850000.0,0.0,1527685000.0,4691303130.0,5070098130.0,42.300570438730105,2.3219041587161997,0.22036426463177597,0.4322490909732764,0.030871551604342667,42.300570438730105,0.04553676704204469,6.83587404211419,18.184473184383528,3.312248476718325,0.0,0.0,0.0,0.24702217262976028,2.1531350725526344,0.023215031315240085,-26.875017930797434,0.3174417909969298,0.17197452229299365,1.5852000222259077,0.7653601249142745,0.4505250440561929,0.16932267708674392,0.16022954181582688,0.2476528799797006,0.8151928576345054,0.5111547373173806,0.25455655420927087,Consulting Services,Industrials,FCN
2020Q4,2020,Q4,2021-02-25,2020-12-31,55589000.0,626581000.0,70938000.0,1.57,186307000.0,0.29733905113624576,2777363000.0,1400181000.0,1129707000.0,670171000.0,1377182000.0,0.0,1506271000.0,3820600560.0,4016171560.0,40.94335926077549,1.6856996199477448,0.17661501215361478,0.3503289931801674,0.030352517927518807,40.94335926077549,0.039701295761048035,6.097536567498855,17.182358740038495,2.7286476248427878,0.0,0.0,0.0,0.2256028470171166,1.5695441909602177,0.020015028644077133,21.598858945440362,0.29733905113624576,0.16296296296296292,5.452069801757146,0.7020140364967954,0.4655515119027534,-0.09149558687277515,0.10796858805708363,-0.02917750102641303,-0.10311466993969749,0.44575900770123084,0.26769494969104135,Consulting Services,Industrials,FCN
2020Q3,2020,Q3,2020-10-29,2020-09-30,50172000.0,622249000.0,73070000.0,1.35,205070000.0,0.3295626027522744,2794398000.0,1474497000.0,1175730000.0,608261000.0,1319901000.0,0.0,1568546000.0,3776664830.0,3942436830.0,41.373130559218836,1.9329366834303037,0.16834752959313598,0.3190443927658042,0.026944160926827082,41.373130559218836,0.03402651887389394,6.06937870530929,18.818588206569398,2.561324187163487,0.0,0.0,0.0,0.22267729936823602,1.8109117632069127,0.017954493239688833,37.842712151424365,0.3295626027522744,0.06299212598425202,4.611743096400846,0.5752784698937597,0.46264886377662384,0.052499217310524995,0.041474654377880185,0.11388893123370783,0.6357716590693131,0.45566199536032914,0.36935002105536263,Consulting Services,Industrials,FCN
2020Q2,2020,Q2,2020-07-30,2020-06-30,48174000.0,607852000.0,65599000.0,1.27,194841000.0,0.3205401972848654,2704907000.0,1479103000.0,1127341000.0,517468000.0,1225804000.0,0.0,1518374000.0,4143158950.0,4316513950.0,40.89421880615997,2.1785714285714284,0.17655357467003488,0.32287203798518427,0.02381326766112923,40.89421880615997,0.032569739903171045,6.816065341563407,21.501011697181053,2.8011294345289004,0.0,0.0,0.0,0.22472195901744496,2.0318222576082,0.017809854460800315,28.124869834977225,0.3205401972848654,-0.14765100671140938,1.5027149452249005,0.5263618882004493,0.4336393769763347,-0.037089935061725955,-0.15107406558937037,-0.10207238282961016,11.217971497521946,0.4947926683422837,0.4199456317429388,Consulting Services,Industrials,FCN
2020Q1,2020,Q1,2020-04-30,2020-03-31,56747000.0,604593000.0,73056000.0,1.49,202346000.0,0.3346813476173227,2637181000.0,1468684000.0,1066447000.0,451341000.0,1168497000.0,0.0,1470200000.0,4361424550.0,4630148550.0,40.331841274200194,2.3628409561728274,0.1864820806762979,0.33484874894803784,0.026659298841068248,40.331841274200194,0.03863799156251447,7.213819131217199,19.214339744832326,2.969613987760471,0.0,0.0,0.0,0.2292573016414118,2.197679803075723,0.02151805279956135,-33.091735458808174,0.3346813476173227,0.9605263157894737,1.6569305408167032,0.5508461789822963,0.4578252376069369,0.10242663964346813,0.9526857300161728,0.5156846473029045,3.5059146405402712,0.5075008149140092,0.366058433451685,Consulting Services,Industrials,FCN
2019Q4,2019,Q4,2020-02-25,2019-12-31,29061000.0,602218000.0,48200000.0,0.76,183546000.0,0.30478331766901684,2783142000.0,1489142000.0,1178661000.0,612537000.0,1294000000.0,0.0,1413453000.0,4044069700.0,4162410700.0,40.74817348474483,1.9242282507015902,0.17523863317071137,0.32751342719498877,0.016124757206360064,40.74817348474483,0.01951526449458816,6.715291970681713,34.78949193076632,2.715704546644981,0.0,0.0,0.0,0.21638062305121333,1.8056248030731206,0.010441795639604448,32.102415577817645,0.30478331766901684,-0.5220125786163522,33.52909709728267,0.5500213303074507,0.47772941894908755,-0.13509005060929064,-0.5190328026215617,-0.4131826925418199,3.6139282073371355,0.5363489436114246,0.39052832361650136,Consulting Services,Industrials,FCN
2019Q3,2019,Q3,2019-10-24,2019-09-30,60422000.0,593106000.0,82138000.0,1.59,212214000.0,0.3578011350416283,2690269000.0,1461234000.0,1096150000.0,546784000.0,1229035000.0,0.0,1384392000.0,3881035830.0,4067030830.0,39.90589070650245,2.0047221571955287,0.16521210332498348,0.30417099519994745,0.02976308734718269,39.90589070650245,0.04134998227525503,6.543578770068082,16.058041069478005,2.6559988543929305,0.0,0.0,0.0,0.22046345551318475,1.8842925177035172,0.022459464090765643,31.06344560145351,0.3578011350416283,-0.059171597633136015,1.9152003451913628,0.42844876212299143,0.4262255560465121,-0.03474594388068391,-0.06464596427133967,-0.0676201827572507,2.137190474889054,0.5249019852849373,0.33622854033254257,Consulting Services,Industrials,FCN
2019Q2,2019,Q2,2019-07-25,2019-06-30,64598000.0,606119000.0,88095000.0,1.69,219853000.0,0.36272250168696246,2571363000.0,1419012000.0,1019255000.0,463878000.0,1152351000.0,0.0,1323970000.0,3114988800.0,3393523800.0,38.393181818181816,2.1972479833059553,0.1818650264470633,0.3295539431660902,0.0320967999804433,38.393181818181816,0.04552322320036758,5.139236354577236,12.055283445307904,2.195181436097792,0.0,0.0,0.0,0.23571895527780404,2.074066888276659,0.025122085057613413,83.87153473344104,0.36272250168696246,0.03048780487804881,3.0212044500116337,0.4323292617091617,0.3750810958618606,0.08726163158727647,0.03117567243993934,0.010704205961313416,1.6874764058909162,0.45479681290818824,0.30248809410749256,Consulting Services,Industrials,FCN
2019Q1,2019,Q1,2019-04-25,2019-03-31,62645000.0,551274000.0,87162000.0,1.64,202208000.0,0.3668012639812507,2464901000.0,1402022000.0,921214000.0,391465000.0,1062879000.0,0.0,1259372000.0,2879710470.0,3142380470.0,37.91195478759363,2.35324741675501,0.1792814397008237,0.31519548195392083,0.03277067551849565,37.91195478759363,0.04468189514857827,5.223737143416885,11.492180022348153,2.053969531148584,0.0,0.0,0.0,0.22364955022534375,2.2085601522486047,0.025414813820108798,-25.656950525218505,0.3668012639812507,1.688524590163934,2.687536784138007,0.38150068993063807,0.3882384421882418,0.2267595294574443,1.6405749452031697,0.9454500814677589,1.2734923432012382,0.28394698229997106,0.300035420755937,Consulting Services,Industrials,FCN
2018Q4,2018,Q4,2019-02-27,2018-12-31,23724000.0,504993000.0,44803000.0,0.61,164831000.0,0.32640254419368187,2379121000.0,1348825000.0,965353000.0,482570000.0,1030296000.0,0.0,1196727000.0,2490203520.0,2443705520.0,36.0957236137872,2.00044138674182,0.11162568024072757,0.1968906270272274,0.020862937927795155,36.0957236137872,0.017588641966155727,4.931164431982226,26.241396054628225,1.8462020795877891,0.0,0.0,0.0,0.21226032639785872,1.8957912841660278,0.009971750070719395,17.790853248172837,0.32640254419368187,-0.46491228070175433,4.478516067269775,0.2706841003953742,0.35463855831735325,-0.06629846772594669,-0.46486815690343536,-0.21552388289676425,1.5199908548125154,0.25537110355091913,0.2920322921839265,Consulting Services,Industrials,FCN
2018Q3,2018,Q3,2018-10-25,2018-09-30,44333000.0,513012000.0,57112000.0,1.14,176535000.0,0.344114757549531,2628838000.0,1351475000.0,1206513000.0,737400000.0,1277363000.0,0.0,1173003000.0,2712645420.0,2766946420.0,36.21509727209389,1.6361716842961758,0.21308578162671113,0.4144863944949037,0.02059951470189247,36.21509727209389,0.03280341848720842,5.287684147739234,15.296987684117925,2.007173954383174,0.0,0.0,0.0,0.19514781816148427,1.5738839164632492,0.016864104977180033,24.83288860815116,0.344114757549531,0.0,1.917462134068385,0.2961191704605587,0.36646235526771875,-0.028853559247441964,0.016602077552798734,-0.07632093933463796,3.7355523010397347,0.24030302571440376,0.2802988355152442,Consulting Services,Industrials,FCN
2018Q2,2018,Q2,2018-07-26,2018-06-30,43609000.0,512098000.0,61831000.0,1.14,181780000.0,0.3549711188092904,2257412000.0,1275801000.0,807436000.0,352304000.0,981611000.0,0.0,1128670000.0,2237820480.0,2492926480.0,34.480176211453745,2.291872927925882,0.16464074790069336,0.2913165924779805,0.028354719689847274,34.480176211453745,0.034181663127713494,4.369906697546173,12.828891283909284,1.7540513606745878,0.0,0.0,0.0,0.22685181083470807,2.136308415459376,0.019318139533235405,85.82245369127517,0.3549711188092904,0.09615384615384602,0.9642995521894784,0.3066245410147812,0.25018413627401914,0.028999699983584006,0.11975863397098473,-0.006874508103246117,1.214613008885579,0.25700146329478957,0.20878059992129577,Consulting Services,Industrials,FCN
2018Q1,2018,Q1,2018-04-26,2018-03-31,38945000.0,497774000.0,62259000.0,1.04,176657000.0,0.3548939880347306,2276452000.0,1237434000.0,815778000.0,343467000.0,1039018000.0,0.0,1085061000.0,1776646999.9999998,2066075999.9999998,33.717547683923705,2.375127741529754,0.19393029152382743,0.35676488604644774,0.02663837614262759,33.717547683923705,0.03147238559793896,3.5691840072000542,11.40484657850815,1.4357509168165736,0.0,0.0,0.0,0.2186621988954742,2.2272969455580887,0.017107762430308218,-23.109352237252857,0.3548939880347306,-0.4157303370786517,0.7657663430204728,0.3125357103025981,0.25535045032319437,0.10310655968028974,-0.41775804329625643,0.8033019551049964,0.8092694588900514,0.26692839060991513,0.21874653898538282,Consulting Services,Industrials,FCN
2017Q4,2017,Q4,2018-02-22,2017-12-31,66888000.0,467711000.0,34525000.0,1.78,160145000.0,0.3424016112513924,2257241000.0,1191971000.0,794179000.0,410328000.0,1065270000.0,0.0,1045774000.0,1585481760.0,1791804760.0,32.29748550371213,1.935473572361623,0.1755612271795524,0.33246110853368077,0.0511428359623678,32.29748550371213,0.05611545918482916,3.38987485861996,5.9258826695371365,1.3301345083059908,0.0,0.0,0.0,0.2072047247059574,1.8310181123393967,0.029632635593629567,14.205680187081686,0.3424016112513924,1.0941176470588236,1.8423425527938262,0.26662112665567467,0.20675053631576507,0.03915359708262227,1.0763643136524492,-0.26648678507691,77.69621898825275,0.19204462927080979,0.1712658606596186,Consulting Services,Industrials,FCN
2017Q3,2017,Q3,2017-10-26,2017-09-30,32214000.0,448962000.0,47068000.0,0.85,154111000.0,0.3432606768501566,2260593000.0,1130929000.0,788213000.0,366866000.0,1129664000.0,0.0,978886000.0,1328051880.0,1631185880.0,30.21369987443563,2.1485038133814527,0.20397081650699617,0.40771348157134535,0.022998794386165814,30.21369987443563,0.028484546775261754,2.9580496344902243,10.306480722667162,1.1743017289325854,0.0,0.0,0.0,0.19860364072612804,1.9871478959620135,0.014250243188402335,13.368887144021985,0.3432606768501566,7.538461538461538,0.5303131777351672,0.25478860754355953,0.03963525954131456,0.09575239612070191,7.247866563227308,1622.0344827586207,0.5204400286207823,0.05777491557296545,0.07982932195566443,Consulting Services,Industrials,FCN
2017Q2,2017,Q2,2017-07-27,2017-06-30,-5156000.0,444715000.0,29000.0,-0.13,140644000.0,0.3162564788684888,2224793000.0,1139178000.0,777789000.0,314738000.0,1085615000.0,0.0,946672000.0,1382842800.0,1725237800.0,28.7998483124763,2.4712268617071977,0.21615763803643756,0.4221517620600117,1.9938211237487664e-05,28.7998483124763,-0.004526070552626543,3.109503389811452,-67.05017455391777,1.213895282387827,0.0,0.0,0.0,0.19989050666736186,2.283969523857939,-0.002317518978170104,385.0857142857143,0.3162564788684888,-1.3823529411764706,-1.6829963987021812,0.1517526924284552,0.016274074933768964,0.024564368552945977,-1.3678652968036529,-0.9989294547602348,-1.2999028305395877,-0.018032038679096706,0.031488537879424544,Consulting Services,Industrials,FCN
2017Q1,2017,Q1,2017-04-27,2017-03-31,14016000.0,446344000.0,27089000.0,0.34,137272000.0,0.30754754180631977,2172562000.0,1196529000.0,737136000.0,293328000.0,976033000.0,0.0,951828000.0,1668496590.0,1950254590.0,29.524243097194464,2.513009327442317,0.18536502065303545,0.3365710317092189,0.01084417485857965,29.524243097194464,0.011713882404856046,3.73814051493915,29.760569884417812,1.394447263710282,0.0,0.0,0.0,0.2054459205306914,2.306131702394589,0.00645136939705288,-16.867471946460704,0.30754754180631977,1.0,-0.2427132306159657,0.12462355647239527,0.03649706277543607,0.026862456145600348,0.9738065061258978,1.5361857503979028,-0.24715038826942373,0.020675032843757445,0.08110197624124475,Consulting Services,Industrials,FCN
2016Q4,2016,Q4,2017-02-28,2016-12-31,7101000.0,441920000.0,10681000.0,0.17,133681000.0,0.302500452570601,2225368000.0,1207358000.0,783171000.0,378455000.0,1018010000.0,0.0,941001000.0,1857341080.0,2006711080.0,29.30409456081163,2.0693900199495316,0.16425508050803284,0.3027503027271116,0.00915178865507222,29.30409456081163,0.005881436988863287,4.202889844315713,65.39012392620758,1.5383515742638056,0.0,0.0,0.0,0.19858288606648428,1.9495290060905524,0.003190932915365009,16.034645394663006,0.302500452570601,-0.673076923076923,-0.8222478000300207,0.1291387368023348,0.08959006888501664,-0.07384647360399058,-0.6726292010511272,-0.6954724297200205,1.9443167828381749,0.008528073483694831,0.09975510765188585,Consulting Services,Industrials,FCN
2016Q3,2016,Q3,2016-10-27,2016-09-30,21691000.0,438042000.0,35074000.0,0.52,144340000.0,0.3295117819752444,2341618000.0,1231585000.0,864066000.0,365529000.0,1110033000.0,0.0,933900000.0,1837609840.0,2082764840.0,29.864569945924973,2.3638781054307594,0.20086068692673187,0.3818973111884279,0.01397672793019841,29.864569945924973,0.01761226387135277,4.195053990256642,21.179404361255823,1.4920690329940687,0.0,0.0,0.0,0.187068087108999,2.20300441278257,0.009263253015649862,30.591141002164143,0.3295117819752444,-0.1875,-0.2820735656581661,0.03144622694693148,0.1409521953652915,-0.08036163692315534,-0.18292085734734623,-0.2057877813504823,1.4062102119259485,0.0014825770539619633,0.12684525684850315,Consulting Services,Industrials,FCN
2016Q2,2016,Q2,2016-07-28,2016-06-30,26547000.0,460147000.0,44162000.0,0.64,156953000.0,0.341093172399255,2287464000.0,1203243000.0,811742000.0,325042000.0,1084221000.0,0.0,912209000.0,1660557600.0,1973042600.0,29.476800587947086,2.497344958497671,0.21646242301518187,0.41151288642443795,0.016441528085657887,29.476800587947086,0.02206287508009604,3.608754593640728,15.637902587863037,1.3800683652429309,0.0,0.0,0.0,0.20116032427176997,2.351637634521077,0.011605428544449225,24.38016766748396,0.341093172399255,-0.12328767123287668,0.5607539077691617,0.14255297896210561,0.16322417956945842,-0.04674185691987197,-0.12040687849971837,-0.15461628285380655,0.08389571833280798,0.0642282602235118,0.06877146616561346,Consulting Services,Industrials,FCN
2016Q1,2016,Q1,2016-04-28,2016-03-31,30181000.0,470285000.0,52239000.0,0.73,164649000.0,0.3501047237313544,2225044000.0,1181246000.0,744351000.0,287519000.0,1043798000.0,0.0,885662000.0,1438368060.0,1825878060.0,29.162247568261492,2.5888758655949693,0.22559598821416565,0.424941968057458,0.019286333561366695,29.162247568261492,0.025550139429043568,3.0585029503386245,11.914516251946589,1.2176702058673636,0.0,0.0,0.0,0.2113598652431143,2.431682775746994,0.013564226145640266,-36.45037023897012,0.3501047237313544,1.92,0.4998041281595505,0.4079619765791117,0.2731277340068111,0.15245541338858246,1.916320417431636,1.1981485377656218,0.23982919176304865,0.12353537871957976,0.0857503920639041,Consulting Services,Industrials,FCN
2015Q4,2015,Q4,2016-02-25,2015-12-31,10349000.0,442204000.0,23765000.0,0.25,142868000.0,0.3230816546209442,2229018000.0,1147603000.0,741625000.0,347077000.0,1081415000.0,0.0,855481000.0,1423763479.9999998,1768775479.9999998,27.937168313939335,2.1367736842256906,0.2219685978309731,0.4311351573671383,0.00835373102860389,27.937168313939335,0.009017926931177419,3.219698329277889,34.39374528939994,1.2406411276373448,0.0,0.0,0.0,0.1983851184692093,2.01916577589411,0.004642851695230815,15.838600542873667,0.3230816546209442,0.0,0.07506729104000506,0.3766262882754906,0.09030485829334928,-0.07144760530608796,0.0038801047628285964,-0.4804783140958377,1.1170918328069825,0.0759188020424831,0.0438333610248155,Consulting Services,Industrials,FCN
2015Q3,2015,Q3,2015-10-29,2015-09-30,10309000.0,455470000.0,45744000.0,0.25,153861000.0,0.3378071003578721,2294012000.0,1162403000.0,788479000.0,334510000.0,1131609000.0,0.0,845132000.0,1705811940.0,2120837940.0,28.286440842945442,2.3571163791814893,0.22667710543798375,0.4473491551553119,0.01700220890547515,28.286440842945442,0.008868697000954058,3.745168595077612,41.3670564555243,1.4674875581016222,0.0,0.0,0.0,0.1985473484881509,2.076084421990374,0.004493873615308028,25.50060454756103,0.3378071003578721,-0.5192307692307693,-0.48062508890252104,0.45600905670204195,0.10093714104093442,-0.024145673186696096,-0.5251278271684555,-0.029902023158162615,-0.5539277399842182,0.15950806357142255,-0.026680565787378995,Consulting Services,Industrials,FCN
2015Q2,2015,Q2,2015-07-30,2015-06-30,21709000.0,449137000.0,47154000.0,0.52,157668000.0,0.35104656263011064,2437064000.0,1163582000.0,904423000.0,314621000.0,1273482000.0,0.0,834823000.0,1682262080.0,2153274080.0,28.52475975681506,2.8746428242234305,0.2917444925533347,0.6110441722199209,0.015325897055214064,28.52475975681506,0.018657043508751425,3.7455432974793883,19.37286471048874,1.4457615191709738,0.0,0.0,0.0,0.18429429838527014,2.6240111117821123,0.008907849773333814,140.83399581414818,0.35104656263011064,-0.08771929824561392,-0.02638910800491606,0.44658175806836403,0.13950540775809814,0.028439481305607014,-0.08346702693574264,-0.014504263501086774,1.7885068366113444,0.12793138619001418,0.0065668929932175026,Consulting Services,Industrials,FCN
2015Q1,2015,Q1,2015-04-30,2015-03-31,23686000.0,432338000.0,47848000.0,0.57,153308000.0,0.35460218625242285,2371369000.0,1117254000.0,847934000.0,291155000.0,1254115000.0,0.0,813114000.0,1512784640.0,1998489640.0,27.665758716323296,2.9123113118442068,0.29982680890236824,0.6363817001326466,0.01753943387256148,27.665758716323296,0.021200192615108113,3.4990785912873723,15.967075909820148,1.354020339152959,0.0,0.0,0.0,0.1823157846796513,2.6514159124864762,0.009988323200649076,-25.125556644355495,0.35460218625242285,27.499999999999996,0.8936907031936483,0.40072343993265164,0.13267046717736233,0.06857927496532353,24.71769815418024,1.1842417602483337,0.2842900816692335,0.09319089851075477,-0.028748084937429027,Consulting Services,Industrials,FCN
2014Q4,2014,Q4,2015-02-24,2014-12-31,921000.0,425158000.0,21906000.0,0.02,143469000.0,0.3374486661429398,2430527000.0,1102746000.0,884173000.0,367092000.0,1327781000.0,0.0,789428000.0,1544852330.0,1972172330.0,27.574854342227002,2.408586948230961,0.2925291510853408,0.6447540956847724,0.0010471262922020382,27.574854342227002,0.0008351877948321735,3.6335958161436452,419.3410233441911,1.4009140182780078,0.0,0.0,0.0,0.1749242036809301,2.231816547350528,0.000378930166173838,14.375667252914957,0.3374486661429398,-0.9636363636363636,-0.9685380752790614,0.5488914700096286,0.2476951455974002,-0.09158889156229817,-0.9591066512743096,-0.5286092401712896,-0.976247977552177,0.11917886003085723,0.025293150753785312,Consulting Services,Industrials,FCN
2014Q3,2014,Q3,2014-10-30,2014-09-30,22522000.0,451178000.0,46471000.0,0.55,157934000.0,0.35004809631675304,2414891000.0,1113299000.0,856968000.0,345862000.0,1301592000.0,0.0,788507000.0,1391023440.0,1923245440.0,27.980069868556637,2.477774372437562,0.29442322655556713,0.6386424491533721,0.016461814671741744,27.980069868556637,0.02022996517557278,3.083092349361006,15.440718408667083,1.2494607827726425,0.0,0.0,0.0,0.1868316209717126,2.235550595324147,0.009326300855815024,15.885791421131971,0.35004809631675304,0.3095238095238097,-0.235920947477655,0.6488650350361118,0.08170169731575677,-0.0052968036529680365,0.30585029280454573,0.1936453303195315,-0.2274040529655545,0.10109262641554154,0.06895636537903548,Consulting Services,Industrials,FCN
2014Q2,2014,Q2,2014-08-01,2014-06-30,17247000.0,454324000.0,38932000.0,0.42,158775000.0,0.3494752643487907,2373240000.0,1107920000.0,785268000.0,308874000.0,1265320000.0,0.0,765985000.0,1500735420.0,2123323420.0,27.92066732189209,2.542357077643311,0.3021186226424635,0.6471586396129685,0.013393255980929318,27.92066732189209,0.015567008448263413,3.303227256319279,21.75357192555227,1.354552151779912,0.0,0.0,0.0,0.1914361800744973,2.279440807578495,0.007267280173939425,55.39404326000295,0.3494752643487907,-0.06666666666666672,-0.4117134869184838,0.600074959916142,0.10090310313605526,0.04956470580458364,-0.04802119556217917,-0.02953859959618117,0.043092773489677716,0.1604750924304848,0.10181548508421914,Consulting Services,Industrials,FCN
2014Q1,2014,Q1,2014-05-02,2014-03-31,18117000.0,425552000.0,40117000.0,0.45,151277000.0,0.35548417114712183,2312567000.0,1077028000.0,731226000.0,299210000.0,1235539000.0,0.0,748738000.0,1314862920.0000002,1974857920.0000002,27.309397028246867,2.443855486113432,0.31869346920543273,0.6842904734138759,0.014075361522629665,27.309397028246867,0.016821289697203787,3.089782024288454,18.144048683556882,1.2208251967451174,0.0,0.0,0.0,0.1840171549624292,2.191333845793924,0.007834151399721608,-10.437573785066762,0.35548417114712183,3.5,-0.27230620737271777,0.5563364791777152,0.16436403170840969,0.028416623044657606,3.537750385208012,2.503668122270742,-0.07531954221050179,0.3085397236483579,0.19223837855022338,Consulting Services,Industrials,FCN
2013Q4,2013,Q4,2014-02-24,2013-12-31,-7139000.0,415998000.0,11450000.0,-0.18,147097000.0,0.3536002576935466,2364947000.0,1042259000.0,803861000.0,384330000.0,1322688000.0,0.0,730621000.0,1609191100.0,2120372100.0,26.646018151604245,2.091590560195665,0.30318396141647147,0.6879422485198017,0.03629912910031166,26.646018151604245,-0.006849545074688729,3.86826643397324,-56.3521186440678,1.5439455068269978,0.0,0.0,0.0,0.17590161639986013,1.8934899695574117,-0.003018672300055773,23.01639276264035,0.3536002576935466,0.8604651162790699,-1.2878327524088842,0.620374695127275,0.16636953101488713,-0.07770971402775079,0.858971573062563,1.3216382482654008,-1.7788262837765902,0.36003658356304685,0.0399150951304952,Consulting Services,Industrials,FCN
2013Q3,2013,Q3,2013-11-08,2013-09-30,-50621000.0,414643000.0,-35599000.0,-1.29,159491000.0,0.3846465513706972,2277542000.0,1036101000.0,746910000.0,304134000.0,1241441000.0,0.0,737760000.0,1477753200.0,2046827200.0,26.502813731007315,2.4558582729980865,0.3148130747973034,0.6920174770606341,-0.02174997061853224,26.502813731007315,-0.048857206005978183,3.5639169116565332,-7.298123308508326,1.4262636557632895,0.0,0.0,0.0,0.18205723538797527,2.2192454641703985,-0.022226154336561083,19.55398356555913,0.3846465513706972,-3.224137931034483,-3.329024935019264,0.614291678118964,0.14577221058495968,0.028410226649901667,-3.1553691560929917,-1.590766524502564,-3.680794077509741,0.3933074054088851,0.03151655383439684,Consulting Services,Industrials,FCN
2013Q2,2013,Q2,2013-08-08,2013-06-30,23486000.0,414613000.0,60259000.0,0.58,155085000.0,0.3740476058396625,2270881000.0,1079567000.0,664777000.0,261778000.0,1191314000.0,0.0,788381000.0,1320293389.9999998,1950739389.9999998,27.58007817489717,2.539468557327201,0.3183786380704229,0.6697129497289191,0.01677584589389629,27.58007817489717,0.02175501844721078,3.1843994037813568,14.05404698543813,1.2229842057046945,0.0,0.0,0.0,0.1825780390958399,2.317666114035557,0.010342241623405189,88.81295506524954,0.3740476058396625,0.0,-0.16709259655414624,0.5419277690918186,0.2105220444216288,0.04295283056934189,-0.008192567567567567,0.3293697191643319,0.09767949832379685,0.39164337542234534,0.10176732405880512,Consulting Services,Industrials,FCN
2013Q1,2013,Q1,2013-05-09,2013-03-31,23680000.0,407178000.0,45329000.0,0.58,148698000.0,0.36519163609035854,2239452000.0,1058328000.0,651729000.0,269245000.0,1181124000.0,0.0,764895000.0,1460275180.0,2082617180.0,26.859071644291046,2.4205797693550486,0.32286693351766416,0.6831955688595596,0.017959181146762034,26.859071644291046,0.022374915905088024,3.5863312359705093,15.41675654560811,1.379794524948787,0.0,0.0,0.0,0.1818203739129037,2.2423851882114803,0.01057401542877454,-151.68538277760464,0.36519163609035854,1.2697674418604652,-0.07543158712400945,0.6197601024069129,0.24617766270817673,-0.036087252455190746,1.2757432141318397,1.8192333411649888,0.9403454864880549,0.35205181810583286,0.0996436981625078,Consulting Services,Industrials,FCN
2012Q4,2012,Q4,2013-02-28,2012-12-31,-85877000.0,399345000.0,-55331000.0,-2.15,154265000.0,0.3862950581577333,2275452000.0,1068232000.0,674375000.0,304197000.0,1207220000.0,0.0,741215000.0,1317129000.0,1883389000.0,26.764011725502968,2.216902204821218,0.317758845275576,0.6768613934051779,-0.036765578853168224,26.764011725502968,-0.080391712661669,3.2982233407204298,-3.834347380555911,1.2329990114506961,0.0,0.0,0.0,0.17550139488769703,2.081618161914812,-0.03774063350929837,13.258931537462628,0.3862950581577333,-4.909090909090909,-4.007746670476755,0.5353820704625261,0.18499939161123624,0.06801392956293573,-4.780962444415093,-2.187666351850262,-3.9393439870975104,0.4576953749566415,0.21100648772910388,Consulting Services,Industrials,FCN
2012Q3,2012,Q3,2012-11-08,2012-09-30,22713000.0,386055000.0,46588000.0,0.55,144441000.0,0.3741461708823872,2349948000.0,1173720000.0,692801000.0,367064000.0,1176228000.0,0.0,827092000.0,1052485220.0,1643399220.0,29.06182682546364,1.8874120044460911,0.3054714402191027,0.6115956105374365,0.015999517116079946,29.06182682546364,0.019351293323791024,2.726257191332841,11.584612556685599,0.8967089425075826,0.0,0.0,0.0,0.16428235858836027,1.7879225421179958,0.00966532025389498,16.417889433126383,0.3741461708823872,2.055555555555556,0.02251625290036296,0.5767329271866903,0.7980564098441415,-0.02419894205630206,1.9318445850006454,0.7362850327966607,-0.2408505700741851,0.38997761275577336,0.12352211956153566,Consulting Services,Industrials,FCN
2012Q2,2012,Q2,2012-08-02,2012-06-30,7747000.0,396243000.0,26832000.0,0.18,148023000.0,0.3735662207281895,2374081000.0,1150323000.0,724436000.0,415437000.0,1223758000.0,0.0,804379000.0,1167020000.0,1798422000.0,28.338662790697676,1.7437926809600492,0.3358701746065109,0.6931818280604665,0.009466406912154782,28.338662790697676,0.006734630186478059,2.9452129122785764,37.66038466503163,1.0145150535979894,0.0,0.0,0.0,0.1669037408580415,1.6558082212224718,0.003263157407013493,-138.28889678871903,0.3735662207281895,-0.5813953488372093,-0.6591956906907396,0.678622431031247,0.8776848903477685,-0.01060757970723882,-0.5796755466333894,-0.3447138984540992,-0.7416841570809772,0.3642011489780663,0.1173845325875665,Consulting Services,Industrials,FCN
2012Q1,2012,Q1,2012-05-09,2012-03-31,18431000.0,395228000.0,40947000.0,0.43,149610000.0,0.3785409940591254,2371097000.0,1149583000.0,719180000.0,408553000.0,1221514000.0,0.0,796632000.0,1514232160.0000002,2129782160.0000002,28.4846374944249,1.7603101678362416,0.33654801975625626,0.694154315086427,0.013350743743703953,28.4846374944249,0.016032770143608596,3.831287661805338,20.539202430687432,1.3172012460170341,0.0,0.0,0.0,0.1666857155148018,1.641028214209662,0.007773195276279292,-24.19790274381962,0.3785409940591254,-0.532608695652174,0.23429094449227955,0.7738507943076225,0.9550711822578437,-0.0513480609734446,-0.5378501040595772,-0.39963931734209135,-0.2765699713943134,0.4124848958200206,0.21447160918478317,Consulting Services,Industrials,FCN
2011Q4,2011,Q4,2012-02-24,2011-12-31,39881000.0,390713000.0,68204000.0,0.92,157708000.0,0.40364154763214943,2411084000.0,1106202000.0,770954000.0,497837000.0,1304882000.0,0.0,778201000.0,1744777020.0,2277314020.0,26.89460504242542,1.5486072750719613,0.3305401222022957,0.7204470792857001,0.026174335787142664,26.89460504242542,0.03605218576715645,4.465623155615503,10.937395125498357,1.5772680034930329,0.0,0.0,0.0,0.16204868847373216,1.4669319476053406,0.01654069289995703,14.481400185916803,0.40364154763214943,0.31428571428571445,1.214821098404303,0.7367556243053409,0.8868239746596759,-0.037350375701196994,0.3546995482183498,0.147790380667093,0.5291248085600062,0.4472919193494283,0.1772508632129622,Consulting Services,Industrials,FCN
2011Q3,2011,Q3,2011-11-09,2011-09-30,29439000.0,413802000.0,59422000.0,0.7,163827000.0,0.3959067380051329,2326519000.0,1051769000.0,677503000.0,446086000.0,1274750000.0,0.0,738321000.0,1479099420.0,2148404420.0,26.175128166840874,1.518772165008541,0.34280184258112656,0.7582796222364416,0.02074922803027335,26.175128166840874,0.027989986394350852,3.574413415111575,12.56071384897585,1.4062968389446733,0.0,0.0,0.0,0.17786315091344623,1.4253327833646428,0.012653668420502907,30.955159264995185,0.3959067380051329,0.7499999999999998,74.26414812602657,0.8173132642851855,0.46346685845364016,0.06796565863325532,0.7407166508987701,0.6364287287948888,0.3177864293328551,0.5673962904539515,0.13160567653153968,Consulting Services,Industrials,FCN
2011Q2,2011,Q2,2011-08-05,2011-06-30,16912000.0,400437000.0,36312000.0,0.4,153401000.0,0.3830839807510295,2299695000.0,1028499000.0,632096000.0,293903000.0,1271196000.0,0.0,726129000.0,1539870780.0,2238062780.0,25.340601670485622,2.1506959779246895,0.34654030208353714,0.7748544237767854,0.009491521346234323,25.340601670485622,0.01644338011023832,3.845475767723762,22.76299048013245,1.4972020196422164,0.0,0.0,0.0,0.1741261341177852,2.0026199120117862,0.007354018685086501,82.6953858546802,0.3830839807510295,-0.1666666666666666,0.3021410796560474,1.4445728716814041,1.0213479105250172,0.07517031596063808,-0.2241490044958253,-0.2511908935310251,-0.4215713547992724,0.4362249605104148,0.1122287887113564,Consulting Services,Industrials,FCN
2011Q1,2011,Q1,2011-05-06,2011-03-31,21798000.0,361816000.0,48493000.0,0.48,142676000.0,0.3943330311539567,2247264000.0,1005046000.0,593192000.0,278316000.0,1242218000.0,0.0,709217000.0,1681805410.0,2385214410.0,22.905987191467055,2.1313614740079623,0.3630085294829624,0.8116802614009707,0.011533716594543053,22.905987191467055,0.02168855952861859,4.648233936586553,19.288528878796217,1.6733616272290024,0.0,0.0,0.0,0.16100289062611248,1.974863105247273,0.009699794950660003,-38.09298776896942,0.3943330311539567,1.1818181818181819,0.6025737689716787,0.9309472428492525,0.8708347012516275,-0.05548862026506375,1.0417759460472087,0.3980165479862773,-0.2356955908153502,0.2925475335024863,0.06276679843300302,Consulting Services,Industrials,FCN
2010Q4,2010,Q4,2011-02-25,2010-12-31,10676000.0,356248000.0,34687000.0,0.22,151058000.0,0.42402483663066176,2414359000.0,1167319000.0,788715000.0,289282000.0,1247040000.0,0.0,687419000.0,1698364960.0,2106916960.0,25.623263164826483,2.726457228586639,0.3285020993149735,0.6794389537050284,0.010097581858489413,25.623263164826483,0.009145743365780905,4.76736700276212,39.770629449231926,1.454927881752974,0.0,0.0,0.0,0.14755386419335317,2.5927053878222632,0.004421877608093908,18.57740519136741,0.42402483663066176,-0.5319148936170213,-0.47696329396419007,0.9261976689941865,1.3039596961287598,0.06345172304551375,-0.5139097573191276,-0.3057462522266477,-0.6724088127315956,0.19999628947879045,0.13449177846836297,Consulting Services,Industrials,FCN
2010Q3,2010,Q3,2010-11-05,2010-09-30,21963000.0,346140000.0,49963000.0,0.47,142045000.0,0.41036863696770093,2403543000.0,1168289000.0,767171000.0,394219000.0,1235254000.0,0.0,676743000.0,1577388990.0,2056891990.0,25.693057113324976,1.9460528285039533,0.33728749600069563,0.6939079286032822,0.01565273460183308,25.693057113324976,0.018799286820298744,4.557083810019067,17.955072052998222,1.3501701976137752,0.0,0.0,0.0,0.1440124016920022,1.8413698984574565,0.009137760381237198,22.3078629613916,0.41036863696770093,-0.09615384615384624,0.725039808980562,1.286784434048914,1.314788470945533,0.01459264867644748,-0.12379318598898907,-0.03821128821128821,-0.12179790342524385,0.25564778237891866,0.5896304904902884,Consulting Services,Industrials,FCN
2010Q2,2010,Q2,2010-08-05,2010-06-30,25066000.0,349033000.0,51948000.0,0.52,140002000.0,0.40111393478553603,2104740000.0,1147919000.0,532671000.0,366419000.0,956821000.0,0.0,654780000.0,1998906630.0000002,2437481630.0,25.032579540746234,1.4537210133753982,0.2669351083744311,0.4894326167612872,0.018837738484492935,25.032579540746234,0.021836035469401587,5.72698464042082,19.936434113939203,1.7413307297814569,0.0,0.0,0.0,0.16583188422322948,1.3510134572715935,0.011909309463401655,46.753675211676104,0.40111393478553603,0.7931034482758622,0.6076832108920432,1.5994511062163013,0.9318496111680168,-0.0824354437016647,0.7670778991892845,0.6313789529880979,-0.023906619914561944,0.30885856603844103,0.6586278864758919,Consulting Services,Industrials,FCN
2010Q1,2010,Q1,2010-05-06,2010-03-31,14185000.0,350040000.0,31843000.0,0.29,152580000.0,0.4358930407953377,2045622000.0,1118652000.0,478510000.0,350988000.0,926970000.0,0.0,629714000.0,1800816680.0,2280811680.0,24.425249459595186,1.3633229626084082,0.2741821314006204,0.5013829144363037,0.011754923467055754,24.425249459595186,0.012680440387180286,5.144602559707462,31.738045118082482,1.6098095565019328,0.0,0.0,0.0,0.17111665791627192,1.199092276659031,0.0069343211991267206,-55.52763343714347,0.4358930407953377,-0.5797101449275363,0.06801005856338094,1.819379514298522,1.018831368996866,-0.017818060097329867,-0.6121455718699587,-0.5266389177939647,-0.16291102066867774,0.3843971539067004,0.6764510816491838,Consulting Services,Industrials,FCN
2009Q4,2009,Q4,2010-02-26,2009-12-31,36573000.0,342938000.0,67270000.0,0.69,155348000.0,0.45299150283724754,2077338000.0,1104214000.0,499915000.0,406202000.0,973124000.0,0.0,615529000.0,2356255080.0,2792881080.0,22.100634469507437,1.2307054125779784,0.26740857770858667,0.5030709626938257,0.0256031392823176,22.100634469507437,0.033121297139866,6.870790288623599,16.10652038388975,2.1338753900964846,0.0,0.0,0.0,0.16508531591873832,1.0518584349658544,0.017605704993602388,30.74325222133789,0.45299150283724754,-0.0142857142857143,3.039824252972013,1.7509315783131973,0.8725033091670606,-0.0005468594185275971,-0.02617424645862179,0.0464175714774601,0.6720680922677434,0.25492341936013635,0.5504970943606038,Consulting Services,Industrials,FCN
2009Q3,2009,Q3,2009-11-06,2009-09-30,37556000.0,348637000.0,64286000.0,0.7,155433000.0,0.44583047697175,2251779000.0,1311339000.0,697397000.0,375683000.0,940440000.0,0.0,578956000.0,2160156560.0,2437332560.0,25.866715322707908,1.8563443115605445,0.2465361831689522,0.42334209536969464,0.023023654927002698,25.866715322707908,0.028639428858594156,6.196004899078411,14.379570241772287,1.6472907158255796,0.0,0.0,0.0,0.1548273609443911,1.7149538307562493,0.016678368525508053,19.548574324446616,0.44583047697175,0.01449275362318842,1.8492613744194286,1.7735912664131406,1.2267039414660135,-0.06559298802481604,0.008891873740765615,-0.09904278726893052,75.08079532902005,0.21358036750882495,0.44622331438260077,Consulting Services,Industrials,FCN
2009Q2,2009,Q2,2009-08-10,2009-06-30,37225000.0,360525000.0,71353000.0,0.69,166344000.0,0.46139380070730185,2178061000.0,1277819000.0,613914000.0,339550000.0,900242000.0,0.0,547779000.0,2555476480.0,2909918480.0,25.36160288980629,1.8080223825651598,0.26056845974469955,0.44414271504806235,0.023586293619416734,25.36160288980629,0.02913166888268213,7.088208806601484,17.162367226326392,1.9998735971213448,0.0,0.0,0.0,0.16552566709564148,1.6600883522308938,0.017090889557271352,53.17262754889721,0.46139380070730185,0.14999999999999997,1.4627527064822536,1.8399302505300406,1.239322671533402,0.07019056319724128,0.1753283657489265,0.17684023024525408,1.308830680374722,0.7729581427648926,1.023023118215202,Consulting Services,Industrials,FCN
2009Q1,2009,Q1,2009-05-05,2009-03-31,31672000.0,347846000.0,60631000.0,0.6,155434000.0,0.44684716799963203,2071210000.0,1176728000.0,550428000.0,340121000.0,894482000.0,0.0,510554000.0,2482461080.0,2889669080.0,23.45434613621415,1.6183299472834667,0.2727405719362112,0.4800625123223039,0.021235917294434404,23.45434613621415,0.026915310929968524,7.136667030812486,19.59507672392018,2.1096303308836024,0.0,0.0,0.0,0.16794337609416718,1.4653873180426966,0.015291544556080745,-191.06142384360808,0.44684716799963203,0.03448275862068969,1.3380778721958018,1.6826910406858469,1.1333686778460843,0.019466635184237798,0.0153560093610746,0.03710102288666142,1.0363903902271876,0.623505717010825,0.9156216355146813,Consulting Services,Industrials,FCN
2008Q4,2008,Q4,2009-03-02,2008-12-31,31193000.0,322876000.0,58462000.0,0.58,152466000.0,0.47221224247079374,2088169000.0,1123827000.0,552454000.0,423909000.0,964342000.0,0.0,486493000.0,2197943240.0,2575591240.0,22.845262537352877,1.3032372513912185,0.2727221790956575,0.5067416960083714,0.021712114120230826,22.845262537352877,0.027756051420725788,6.807391196620374,17.6156769146924,1.9557665370203776,0.0,0.0,0.0,0.15462158474721155,1.1724851324222887,0.014937967185606147,27.515908311320874,0.47221224247079374,0.13725490196078421,1.0535513334925635,1.797481123293691,1.0585362062820107,0.009822297874595154,0.13252005954325963,0.0864321421270744,0.4152480238313745,0.6167243939835714,1.0541710005848783,Consulting Services,Industrials,FCN
2008Q3,2008,Q3,2008-11-06,2008-09-30,27543000.0,325497000.0,53811000.0,0.51,150983000.0,0.4638537375152459,2045522000.0,1145931000.0,543379000.0,362781000.0,899591000.0,0.0,455300000.0,3578841839.9999995,4001123839.9999995,23.13096223330171,1.497815486478068,0.2779041242284366,0.4960673897468521,0.018957837219924896,23.13096223330171,0.0240354785759352,10.995007142922974,32.484132447445816,3.123086677993701,0.0,0.0,0.0,0.15912661902438596,1.372729001794471,0.013465022620142927,79.21647350480322,0.4638537375152459,-0.2272727272727273,0.5443437544429927,2.310292003253004,1.2098498193681764,0.009892711900684931,-0.2221688788477831,-0.2001218895858727,0.9855847972470829,0.9737410095843375,1.083959275977113,Consulting Services,Industrials,FCN
2008Q2,2008,Q2,2008-08-07,2008-06-30,35410000.0,337670000.0,67274000.0,0.66,149504000.0,0.4427517990937898,1980281000.0,1119929000.0,557365000.0,338593000.0,860352000.0,0.0,427757000.0,3365151299.9999995,3750498299.9999995,22.783623232631474,1.6461208589663696,0.2867880871452082,0.5071044682296825,0.024074455529495168,22.783623232631474,0.03161807578873303,9.965798856872093,23.7584813611974,3.004789857214162,0.0,0.0,0.0,0.17051620451844965,1.5400613716172513,0.017881300684094832,59.291551554020714,0.4427517990937898,0.11864406779661028,1.4012477733866275,1.9553714693647528,1.1849692348169378,0.1108848945987918,0.13170762887915882,0.13809612424083503,1.1187480061945339,1.346094923649298,0.7582899761214785,Consulting Services,Industrials,FCN
2008Q1,2008,Q1,2008-05-07,2008-03-31,31289000.0,307102000.0,59111000.0,0.59,134581000.0,0.4382289923217693,1880372000.0,1037503000.0,589761000.0,327100000.0,842869000.0,0.0,392347000.0,3419647009.92,3762099009.92,21.5531640857061,1.8029990828492817,0.3028762393824201,0.5489333524818724,0.022216875742988786,21.5531640857061,0.03015798508534433,11.135215693548073,27.323076879414494,3.296035780060395,0.0,0.0,0.0,0.16331981118629718,1.6701375726077652,0.016639792551686582,-193.91250410660618,0.4382289923217693,-0.11940298507462696,0.3000000020774074,1.4477640529746734,1.0922205129891072,0.0451026224441459,0.01607455997921673,0.05606274453754489,1.241379294162899,1.3534023295012776,0.7814435766291367,Consulting Services,Industrials,FCN
2007Q4,2007,Q4,2008-02-29,2007-12-31,30794000.0,280519000.0,55973000.0,0.67,128773000.0,0.4590526844883947,1858624000.0,972250000.0,661527000.0,381062000.0,886374000.0,0.0,361058000.0,2653429161.44,2866391161.44,22.585675499049927,1.736008838456734,0.3085212501291278,0.5897917202365647,0.022468016347939185,22.585675499049927,0.031672923630753406,9.458999787679266,21.541770811196987,2.72916344709694,0.0,0.0,0.0,0.1509283211666265,1.659289039578861,0.01656817086188492,55.27401648661598,0.4590526844883947,0.3400000000000001,0.5300601444275831,1.3053479255357325,1.7001002911554877,0.12757983590623714,0.33985989644519865,0.14457190765392716,2.947949886691014,1.611740957298872,0.9135990041414843,Consulting Services,Industrials,FCN
2007Q3,2007,Q3,2007-11-08,2007-09-30,22983000.0,253334000.0,48903000.0,0.5,114203000.0,0.45080012947334347,1526412000.0,675404000.0,368381000.0,183240000.0,851008000.0,0.0,330264000.0,2154133923.15,2671753923.15,16.162911611868044,2.0103743724077714,0.37988695057428795,0.8585439233406968,0.02337004786553038,16.162911611868044,0.03402852218820143,8.503137846281984,23.43181833474742,3.189400600455431,0.0,0.0,0.0,0.16596698663270468,1.8080659244706396,0.01505687848365972,64.70619456159322,0.45080012947334347,-0.05660377358490571,1.0121951178691935,2.5311160432950115,1.135887755804215,0.05408748142473441,-0.00428905640759033,0.11944603410781733,1.1153846131685143,1.445074686255174,0.39136409639605074,Consulting Services,Industrials,FCN
2007Q2,2007,Q2,2007-08-08,2007-06-30,23082000.0,239692000.0,43685000.0,0.53,108343000.0,0.4520092451980041,1429299000.0,622074000.0,285548000.0,146914000.0,807225000.0,0.0,307281000.0,1567515101.71,2114783101.71,15.092342137049968,1.9436404971616048,0.4040603120830561,0.9283831184071348,0.024290225810226305,15.092342137049968,0.037104910348286536,6.539705545908917,16.977678512585562,2.5198209565260727,0.0,0.0,0.0,0.16769899090393262,1.7615679921586778,0.016149175225057877,1664.0287703927813,0.4520092451980041,0.4722222222222224,1.5454545542768472,2.4612529533177905,2.4718668253221265,0.0669561963286851,0.5123836980736469,0.13618039480870764,0.8666666585450418,1.307985428510297,0.3325902176166834,Consulting Services,Industrials,FCN
2007Q1,2007,Q1,2007-05-09,2007-03-31,15262000.0,227725000.0,38449000.0,0.36,101544000.0,0.44590624656932704,1408904000.0,600977000.0,268697000.0,147964000.0,807927000.0,0.0,284199000.0,1385542119.91,1926187119.91,14.569616570957269,1.815961990754508,0.410835656652263,0.9631450122051259,0.018259091398544352,14.569616570957269,0.025395314629345217,6.084277615149852,22.695946139267463,2.3054827720694804,0.0,0.0,0.0,0.1616327301221375,1.6525235868184154,0.010832533657367712,-34.036949908123916,0.44590624656932704,-0.16279069767441862,0.6818181776793074,2.270007600418067,2.7520452446485297,-0.030189580249271764,-0.12064991933625259,-0.14205065268325337,0.3703703729761193,1.1361777367523702,0.32522831632963306,Consulting Services,Industrials,FCN
